4988 6192
105 469 165 536 ιιι
294 542 298 556 ,
764 467 1135 537 oouuuursarus
1157 468 1207 534 m
1230 468 1444 538 eausam.
2038 474 2105 542 ιιι

193 658 221 722 1.
245 655 291 722 Et
309 655 432 722 audivit
452 655 553 723 cerba
588 655 788 740 Quanquam
805 655 904 724 Iacob
918 656 1080 741 flagrabat
1129 656 1229 724 habet
1257 660 1416 726 satietatis
1438 658 1579 725 modum.
1625 658 1722 726 Unde
1744 660 1843 725 etiam
1868 661 1983 727 merito
2004 661 2104 727 radix

104 743 228 826 patriae
261 741 438 820 desiderio,
473 753 510 808 nt
537 741 576 807 de
609 741 717 808 reditu
751 741 881 808 assidue
912 745 1078 826 cogitaret,
1129 744 1276 810 omnium
1297 744 1459 812 malorum
1481 755 1614 812 vocatur
1634 766 1654 809 a
1672 745 1786 825 Paulo,
1809 744 1852 832 (1.
1876 747 1959 812 Tim.
1983 747 2013 828 6,
2038 747 2103 834 10),

105 829 182 895 hinc
204 837 316 895 tamen
338 836 474 912 apparet
495 829 580 894 mira
601 829 672 894 eius
694 827 878 907 tolerantia,
900 829 986 912 quod
1008 830 1078 894 ani·
1129 831 1204 912 quia
1226 841 1259 894 et
1280 830 1437 914 perfidos,
1465 839 1498 897 et
1519 829 1680 911 crudeles,
1702 841 1736 896 et
1756 832 1920 916 ingratos,
1942 839 1975 898 et
1996 833 2102 900 modis

103 936 194 980 mum
217 935 314 980 suum
336 913 505 996 suspendit
533 914 634 980 donec
656 935 742 980 nova
768 915 893 981 occasio
915 936 950 980 se
971 915 1076 982 offert.
1128 914 1278 982 omnibus
1300 917 1427 1000 iniquos
1450 937 1520 982 esse
1542 925 1671 1002 oportet
1692 917 1747 1000 qui
1768 918 1878 983 omnia
1907 938 2023 986 vorare
2045 939 2102 986 cu·

104 999 217 1083 Neque
247 1011 357 1067 tamen
392 1001 507 1067 virtuti
535 1001 677 1066 mixtum
706 999 806 1066 fuisse
834 999 951 1066 vitium
980 1021 1076 1084 nego,
1127 1001 1230 1083 piunt.
1280 1001 1469 1068 Notandum
1503 1011 1672 1086 praeterea
1704 1003 1867 1087 estquod
1896 1004 1957 1069 tilii
1984 1005 2102 1071 Ireban

102 1085 188 1170 quod
206 1107 271 1152 non
288 1086 394 1170 magis
409 1083 668 1151 festinaverited
687 1085 845 1152 reditum:
865 1084 922 1152 sed
940 1087 1076 1152 infixam
1125 1106 1186 1169 pro
1208 1088 1324 1154 aetatis
1346 1090 1473 1155 fervore
1500 1088 1642 1154 dolorem
1671 1109 1768 1154 suum
1794 1099 1966 1156 evomunt:
1996 1101 2100 1174 pater,

102 1173 172 1238 eius
201 1173 311 1238 animo
340 1192 468 1256 semper
493 1172 593 1238 fuisse
614 1172 679 1238 Dei
707 1171 955 1254 promissionem
1001 1172 1075 1238 aulo
1126 1179 1164 1236 ut
1184 1172 1321 1239 callidus
1343 1183 1523 1253 veterator,
1556 1181 1659 1253 tecet,
1688 1174 1784 1240 vultu
1808 1183 1919 1242 tamen
1941 1175 2099 1244 malitiam

101 1267 175 1342 post
203 1257 374 1324 constabit.
419 1258 562 1323 Naotum
590 1258 626 1323 in
655 1257 719 1322 hae
743 1265 836 1341 parte
863 1256 963 1340 aliqui
1013 1257 1074 1323 hu·
1125 1279 1220 1324 suam
1241 1260 1360 1343 prodit.

101 1364 238 1410 manum
275 1363 391 1427 passus
426 1353 491 1423 est,
530 1343 616 1426 quod
655 1343 775 1428 peculii
807 1343 944 1427 parandi
975 1364 1075 1410 causa
1211 1343 1241 1410 2.
1269 1344 1314 1410 et
1337 1346 1419 1412 dicit
1446 1345 1559 1412 Isboco
1589 1345 1632 1411 ud
1661 1343 1805 1414 Iehocob.
1857 1347 1946 1414 Hine
1978 1347 2098 1415 elarius

100 1429 244 1496 reditum
271 1450 367 1494 suum
397 1429 430 1494 in
458 1450 517 1494 sex
549 1449 653 1496 annos
685 1429 826 1496 distulit:
860 1451 937 1495 nam
971 1451 1074 1513 quum
1125 1431 1319 1512 perspicitur
1338 1433 1444 1497 sancti
1466 1433 1528 1498 viri
1551 1429 1719 1510 timiditas,
1742 1432 1826 1516 quod
1849 1432 1974 1499 malum
1996 1433 2100 1501 sibia

99 1515 239 1582 subinde
272 1523 367 1598 pacta
399 1524 541 1580 mutaret
573 1515 705 1593 Laban,
738 1514 857 1580 merito
890 1518 996 1598 potuit
1025 1515 1073 1581 illi
1124 1535 1235 1581 socero
1261 1516 1385 1583 instare
1419 1516 1551 1597 videns,
1585 1538 1650 1582 non
1684 1527 1796 1584 tamen
1825 1519 1939 1602 pedem
1968 1541 2100 1586 movere

100 1601 290 1667 valedicere.
336 1599 511 1666 Caeterum
533 1599 566 1665 vi
589 1607 623 1666 et
651 1609 742 1666 metu
771 1600 870 1666 simul
898 1600 999 1668 fuisse
1021 1621 1073 1666 re·
1125 1600 1240 1681 audet,
1266 1603 1332 1668 nisi
1352 1625 1437 1669 novo
1464 1603 1594 1669 oraculo
1623 1613 1761 1670 erectus.
1802 1604 1966 1670 Dominus
1988 1614 2099 1672 autem

98 1699 243 1765 tanturn,
266 1707 308 1752 ex
329 1686 532 1752 clandestina
553 1687 631 1770 fuga
652 1687 845 1772 colligimus.
889 1685 987 1754 Nunc
1008 1687 1073 1753 sal-
1125 1686 1180 1770 qui
1202 1688 1327 1770 reipsa
1348 1689 1413 1754 iam
1435 1689 1483 1753 illi
1502 1687 1690 1754 ostenderat
1707 1711 1832 1755 moram
1851 1711 1916 1754 non
1938 1711 2011 1756 esse
2027 1691 2097 1757 lon·

98 1784 165 1838 tem
196 1773 361 1838 missionis
388 1771 550 1855 petendae
578 1773 718 1838 honesta
746 1792 845 1838 cause
873 1781 958 1852 erat,
987 1771 1073 1856 quod
1124 1772 1198 1856 gius
1221 1773 1431 1852 trahendam,
1459 1775 1567 1840 verbis
1589 1795 1716 1858 quoque
1746 1776 1813 1841 suis
1834 1797 1909 1841 eum
1934 1775 2097 1844 sollicitat.

97 1859 174 1924 tiliis
197 1858 315 1924 Labeo
337 1878 455 1942 graves
477 1865 511 1923 et
534 1857 664 1924 odiosae
693 1867 803 1924 essent
825 1858 894 1924 eius
924 1857 1071 1925 divitiae:
1124 1857 1197 1924 Hoc
1216 1860 1366 1942 exemplo
1384 1859 1555 1937 discemus,
1579 1861 1727 1942 quamvis
1738 1859 1902 1927 Dominus
1925 1862 2022 1928 rebus
2045 1861 2100 1926 ad-

96 1967 162 2010 non
186 1953 298 2008 tamen
319 1941 418 2009 audet
439 1943 541 2010 libere
563 1945 603 2010 ab
625 1944 687 2009 hec
715 1944 840 2009 invidia
861 1965 896 2010 se
918 1946 1072 2024 eximere,
1125 1943 1228 2009 versis
1251 1965 1311 2010 nos
1339 1945 1380 2011 ad
1409 1947 1552 2012 officium
1580 1946 1708 2026 incitet,
1738 1967 1854 2030 parum
1881 1959 1992 2012 tamen
2019 1947 2098 2014 inde

96 2029 154 2097 sed
184 2029 270 2096 clam
299 2030 412 2112 fugere
445 2030 580 2114 cogitur.
632 2028 791 2110 Quamvis
821 2037 930 2094 tamen
964 2031 1073 2114 aliquo
1124 2030 1339 2113 profecturos,
1363 2031 1426 2098 nisi
1448 2030 1581 2098 accedat
1602 2033 1710 2098 verbis
1732 2031 1893 2098 stimulus.
1938 2033 1984 2098 Et
2006 2033 2098 2100 vide-

95 2115 195 2181 modo
219 2115 415 2182 excusabilis
438 2116 482 2182 sit
503 2114 655 2192 tarditas,
685 2115 838 2200 pigritiae
865 2117 1072 2182 coniunctam
1123 2136 1198 2182 mus
1229 2115 1306 2199 quid
1337 2117 1483 2201 reprobis
1513 2119 1695 2202 contingat:
1725 2119 1778 2182 vel
1806 2125 1939 2201 stupent
1966 2119 2001 2184 in
2029 2119 2098 2186 suis

94 2202 199 2268 fuisse
228 2200 394 2284 probabile
422 2209 487 2266 est:
517 2201 615 2267 sicuti
642 2201 756 2270 fideles
787 2201 865 2266 dunr
893 2201 934 2266 ad
963 2202 1072 2268 Deum
1123 2200 1234 2280 malis,
1269 2202 1322 2268 vel
1350 2204 1387 2268 in
1414 2205 1538 2270 rabiem
1560 2204 1745 2287 prosiliunt.
1798 2202 1910 2284 Quare
1940 2213 1976 2268 ut
2003 2205 2097 2271 nobis

93 2285 314 2364 contendunt,
343 2308 408 2352 non
438 2295 529 2352 tanto
556 2287 683 2354 fervore
712 2307 809 2371 saepe
837 2296 1014 2372 properant
1036 2297 1074 2354 ut
1123 2289 1251 2370 prosint
1273 2309 1382 2354 rerum
1405 2289 1609 2370 documenta,
1632 2289 1795 2374 rogandus
1812 2298 1863 2355 est
1881 2290 2042 2356 Dominus
2060 2298 2097 2356 ut

94 2371 239 2440 deceret.
280 2372 392 2455 Quare
414 2371 596 2456 siquando
618 2393 678 2440 nos
700 2372 977 2440 retardatoarnis
999 2395 1071 2458 seg·
1123 2373 1217 2439 nobis
1247 2374 1346 2440 verbo
1374 2395 1434 2441 suo
1463 2375 1629 2460 affulgeat.
1680 2375 1755 2440 Huc
1784 2387 1892 2440 tamen
1921 2377 2096 2460 praecipue

95 2461 215 2539 nities,
245 2456 407 2526 discamus
444 2457 593 2524 ardorem
625 2459 759 2542 spiritus
790 2457 930 2524 flabellis
958 2479 1072 2526 acoen-
1123 2469 1249 2542 spectat
1266 2460 1369 2527 Musis
1390 2462 1572 2538 consilium,
1596 2468 1636 2527 ut
1651 2461 1791 2528 sciamus
1810 2461 1907 2526 Iacob
1925 2462 1996 2526 Deo
2014 2461 2097 2529 duee

94 2544 185 2612 dere.
231 2544 300 2611 Nec
322 2543 457 2611 dubium
478 2552 529 2610 est
547 2545 624 2627 quin
652 2545 740 2610 servi
767 2545 817 2612 sui
846 2545 1072 2612 infirmitatem
1124 2564 1293 2612 reversum
1326 2567 1396 2613 esse
1427 2547 1462 2612 in
1496 2547 1646 2630 patriam.
1698 2547 1800 2612 'Narra
1832 2567 1910 2613 vero
1937 2546 2096 2614 Ohanaen

93 2631 281 2700 correxerit
302 2629 409 2710 Deus,
438 2651 577 2712 eumque
599 2629 688 2696 lente
710 2639 900 2716 pergentem
923 2631 1071 2697 stimula-
1124 2651 1189 2694 non
1212 2629 1285 2696 ideo
1307 2630 1426 2698 dicitur
1448 2655 1519 2698 esse
1540 2632 1695 2698 Abrahae
1717 2643 1750 2697 et
1771 2632 1878 2708 Isaac,
1910 2631 1995 2715 quod
2018 2632 2096 2700 inde

93 2718 197 2785 verit
242 2716 326 2783 Nam
350 2717 378 2782 si
400 2716 541 2800 benigno
563 2724 595 2782 et
622 2715 772 2782 hilariter
794 2737 868 2782 cum
891 2737 929 2782 eo
950 2718 1070 2801 egisset
1124 2716 1254 2783 oriundi
1276 2729 1401 2797 essent,
1435 2717 1492 2784 sed
1514 2720 1590 2802 quia
1611 2717 1677 2784 illis
1699 2719 1734 2784 in
1757 2717 1991 2784 haereditatem
2011 2718 2095 2784 divi·

91 2804 234 2881 Labau,
267 2801 419 2870 inductus
450 2802 566 2868 fuisset
597 2802 668 2868 eius
701 2803 809 2868 animo
838 2822 951 2886 sopor:
983 2825 1070 2870 nunc
1123 2801 1212 2868 nitus
1241 2804 1400 2885 promissa
1428 2815 1508 2870 erat.
1559 2803 1671 2885 Quare
1705 2803 1768 2870 hac
1796 2824 1876 2869 voce
1908 2803 2095 2869 admonitus

89 2891 186 2955 tristi
204 2897 338 2971 aspectu
357 2887 542 2970 expellitur.
571 2886 627 2954 Sic
642 2889 804 2954 Dominus
822 2909 918 2972 saepe
936 2909 1069 2955 suorum
1122 2886 1185 2952 fuit
1213 2897 1346 2956 sanctus
1375 2891 1443 2968 vir,
1477 2889 1625 2972 quamvis
1655 2890 1847 2973 peregrinus
1880 2899 1964 2956 esset
1992 2889 2094 2970 Isaeo,

88 2976 196 3042 saluti
218 2972 337 3040 melius
360 2973 516 3054 consulit,
545 2972 769 3057 improborum
792 2972 891 3053 odiis,
919 2973 1015 3041 livori
1037 2985 1070 3041 et
1121 2993 1231 3040 coram
1253 2975 1325 3041 Deo
1347 2984 1457 3043 temen
1480 2975 1653 3042 haeredem
1676 2995 1713 3041 aa
1737 2973 1904 3040 dominum
1931 2996 2001 3041 esse
2023 2976 2094 3042 eius

88 3059 612 3139 malevolentiaeeossubiioiens,
635 3061 780 3144 quamsi
798 3059 965 3126 blanditiis
987 3059 1070 3126 mul·
1121 3067 1245 3139 terrae,
1266 3061 1302 3125 in
1323 3080 1388 3145 qua
1410 3062 1494 3128 nihil
1516 3072 1646 3146 praeter
1668 3061 1878 3146 sepulchrum
1900 3059 2093 3145 possidebat.

85 3148 160 3215 ceri
192 3147 326 3214 sineret.
371 3146 487 3229 Longe
517 3145 631 3213 utilius
657 3145 722 3212 fuit
750 3153 862 3214 sancto
883 3145 997 3228 Iacob,
1020 3168 1069 3213 so·
1205 3146 1236 3212 4.
1259 3146 1304 3212 at
1324 3148 1412 3214 mist
1431 3147 1574 3215 Iabacob.
1619 3148 1747 3216 Uxores
1768 3168 1843 3212 suas
1871 3148 2022 3226 accersit,
2056 3155 2095 3213 ut

84 3255 209 3300 oerum
247 3233 380 3316 eiusque
416 3231 501 3299 filios
539 3229 659 3297 habere
696 3232 756 3298 sibi
794 3232 938 3299 infensos
971 3253 1068 3316 quam
1121 3251 1217 3298 suum
1238 3231 1304 3300 illis
1325 3233 1497 3300 consilium
1521 3241 1681 3317 exponat,
1710 3253 1829 3316 easque
1851 3231 1892 3298 ad
1921 3232 2021 3318 fugae
2043 3255 2094 3300 so·

84 3320 233 3386 comiter
264 3319 478 3402 obsequentes
500 3318 567 3384 suis
590 3319 688 3386 votis:
717 3317 794 3402 quia
821 3317 953 3384 illorum
975 3319 1069 3386 favor
1119 3317 1269 3385 usuam
1296 3319 1460 3385 hortetur:
1494 3339 1571 3384 nem
1600 3318 1694 3403 probi
1716 3319 1825 3385 mariti
1847 3318 1990 3386 officium
2012 3327 2094 3400 erat,

83 3406 157 3472 Dei
187 3405 411 3472 benedictione
438 3425 513 3470 eum
536 3405 704 3488 privasset.
749 3404 818 3472 Nos
846 3423 974 3486 quoque
996 3404 1069 3489 plus
1119 3422 1230 3470 seeum
1259 3405 1349 3488 ipses
1375 3404 1550 3472 ebducere:
1583 3404 1657 3472 ideo
1678 3405 1825 3473 conscias
1847 3405 1918 3472 lieri
1940 3407 2092 3489 oportuit.

82 3493 173 3560 satis
196 3491 385 3575 experimur
412 3488 489 3574 quid
517 3489 649 3556 valeant
677 3488 793 3555 mundi
820 3489 1007 3570 illecebrae,
1035 3500 1069 3556 et
1119 3487 1232 3574 Neque
1263 3511 1340 3558 vero
1367 3499 1437 3558 tarn
1467 3511 1582 3560 caecus
1610 3502 1681 3557 erat
1708 3492 1789 3577 quin
1816 3491 1921 3560 multa
1948 3491 2093 3576 pericula

81 3599 192 3664 quam
225 3575 319 3642 facile
347 3568 413 3642 illis
443 3575 655 3642 affluentibus
689 3575 849 3642 bonorum
877 3575 1068 3642 coelestium
1119 3594 1229 3642 secum
1251 3583 1432 3661 reputaret.
1471 3576 1615 3644 Difficile
1638 3586 1708 3643 erat
1729 3577 1882 3644 mulieres
1904 3597 1987 3661 quae
2009 3598 2094 3642 nun-

78 3663 214 3732 oblivio
241 3661 337 3728 nobis
360 3662 503 3744 obrepat.
547 3658 660 3743 Quare
687 3682 729 3727 ne
757 3661 893 3730 moleste
922 3661 1067 3730 feramus
1117 3682 1215 3745 quam
1237 3671 1375 3746 paterna
1396 3663 1492 3730 domo
1513 3683 1663 3748 egressae
1684 3674 1794 3744 erant,
1820 3663 1857 3728 in
1878 3662 2092 3747 longinquam

79 3748 308 3836 expergefieri
330 3769 350 3814 a
372 3747 528 3827 Domino,
551 3767 651 3831 quum
673 3748 770 3814 rebus
796 3747 945 3815 adversis
966 3747 1066 3816 iaeta-
1118 3747 1283 3831 regionem
1312 3770 1371 3833 per
1400 3751 1464 3815 iter
1484 3749 1688 3834 incognitum
1710 3749 1856 3814 trahere:
1891 3747 2090 3830 quinetiam

77 3857 182 3915 mur,
206 3836 262 3900 vol
284 3835 378 3901 uobis
405 3854 523 3916 parum
550 3833 712 3916 propitius
734 3842 784 3899 est
804 3833 961 3900 mundus:
990 3855 1066 3900 nam
1117 3833 1300 3900 timendum
1320 3845 1392 3900 erat
1414 3855 1456 3900 ne
1478 3834 1676 3919 praesidium
1698 3835 1761 3901 sibi
1782 3845 1991 3919 quaerentes,
2019 3855 2090 3900 ma-

75 3924 172 4001 odia,
196 3922 317 3997 minae,
338 3919 467 4002 probra,
490 3919 742 3986 obtrectationes
763 3919 837 4002 plus
855 3940 951 4003 saepe
971 3920 1065 3987 nobis
1116 3921 1217 3984 ritum
1249 3939 1345 3986 suum
1384 3920 1534 3987 hostibus
1572 3919 1755 4005 proderent.
1810 3919 1933 3985 Multos
1964 3919 1999 3983 in
2032 3918 2090 3984 tali

74 4011 237 4076 afferunt
265 4005 417 4071 utilitatis
447 4025 546 4088 quam
568 4003 596 4070 si
618 4025 733 4072 omnes
759 4003 901 4088 undique
930 4005 1065 4089 applau·
1115 4006 1360 4089 perturbatione
1371 4007 1500 4074 animus
1511 4005 1682 4088 linqueret,
1701 4014 1739 4071 ut
1748 4005 1911 4089 coniugali
1923 4003 1987 4071 tide
1999 4015 2089 4088 post-

75 4095 216 4162 derent.
272 4092 376 4157 Porro
407 4090 553 4156 notanda
585 4100 635 4155 est
667 4089 889 4157 inhumanitas
922 4090 1065 4158 filiorum
1115 4091 1243 4172 habita,
1264 4093 1418 4174 privatim
1440 4091 1502 4157 sibi
1529 4092 1745 4158 consulerent.
1791 4089 1991 4159 Constanter
2010 4110 2089 4175 ergo

73 4182 225 4256 Laban,
255 4178 311 4263 qui
332 4175 467 4261 perinde
496 4184 678 4258 queruntur
699 4195 737 4240 ac
759 4177 786 4240 si
804 4176 935 4259 spoliati
957 4187 1066 4243 essent
1114 4176 1228 4256 Ieoob,
1262 4178 1318 4260 qui
1351 4177 1526 4244 discrimen
1556 4176 1664 4243 subiro
1693 4176 1835 4254 mavult,
1869 4195 1966 4258 quam
1994 4176 2088 4260 probi

73 4289 97 4333 a
118 4266 235 4333 Iacob.
270 4261 337 4331 Sed
355 4262 416 4329 hoc
434 4263 547 4328 morbo
565 4261 713 4328 laborant
732 4261 853 4327 sordidi
872 4271 906 4328 et
925 4262 1063 4328 nimium
1114 4262 1224 4328 mariti
1261 4273 1294 4328 et
1326 4263 1570 4347 patrisfamilias
1597 4263 1740 4329 officium
1770 4261 1906 4327 deserat.
1962 4260 2001 4328 Si
2031 4283 2088 4327 ne-

73 4362 239 4428 tenaces,
266 4358 305 4414 ιιι
324 4347 387 4414 sibi
410 4358 559 4432 ereptum
582 4367 652 4413 esse
680 4354 797 4429 putent
819 4347 977 4432 quidquid
998 4370 1062 4414 non
1114 4358 1247 4432 gessent
1268 4370 1396 4428 uxores,
1418 4346 1553 4432 cogebat
1570 4347 1634 4414 Dei
1656 4349 1783 4414 vocatio
1805 4346 1980 4413 discedere.
2020 4345 2088 4416 Sed

73 4441 81 4455 '
171 4437 308 4522 rgitant.
351 4433 438 4500 Nam
464 4453 565 4517 quum
592 4433 786 4500 insatiabilis
810 4435 853 4501 sit
875 4455 987 4500 eorum
1009 4457 1063 4502 eu·
1114 4432 1199 4516 quod
1219 4434 1318 4518 longe
1344 4434 1407 4500 fuit
1435 4434 1626 4518 optabilius,
1659 4433 1709 4499 illi
1732 4434 1822 4500 Deus
1843 4433 2019 4512 concessit,
2050 4443 2088 4500 ut

68 4459 181 4608 ἓξὲξ,
210 4540 344 4588 neeesse
362 4531 412 4587 est
433 4527 470 4585 ut
491 4540 648 4604 prospere
675 4519 813 4586 aliorum
842 4520 976 4587 t'ortuna
996 4543 1063 4586 non
1114 4528 1183 4584 tota
1215 4519 1340 4585 familia
1372 4541 1438 4587 uno
1471 4541 1633 4587 consensu
1666 4518 1706 4584 ad
1740 4518 1942 4602 sequendum
1971 4529 2087 4602 parata

65 4629 182 4677 secus
211 4629 266 4673 eos
294 4607 459 4672 excruciet
480 4625 518 4672 ac
539 4606 568 4670 si
587 4603 650 4670 boc
677 4605 773 4671 modo
802 4606 925 4673 redacti
954 4614 1064 4674 essent
1112 4606 1212 4671 foret:
1236 4606 1435 4688 quinetiam
1459 4627 1592 4686 uxores,
1620 4625 1756 4688 quarum
1781 4605 1905 4671 mutuis
1927 4604 2008 4671 rixis
2029 4604 2085 4670 do-

66 4695 120 4762 ad
162 4701 353 4779 egestatem.
402 4692 477 4757 Non
509 4691 688 4774 respiciunt
719 4691 834 4758 iurene
866 4713 909 4757 an
940 4693 1063 4758 iniuria
1113 4699 1297 4756 musantea
1312 4690 1485 4776 strepebat,
1508 4690 1649 4758 libenter
1668 4712 1755 4756 nune
1777 4691 1814 4756 in
1836 4691 1987 4756 exsilium
2010 4709 2086 4756 oon·

61 4779 186 4849 Iacob
216 4785 324 4845 tantm
354 4798 431 4861 opes
461 4777 661 4860 acquisierit:
692 4776 749 4843 sed
771 4777 843 4842 ideo
865 4786 1009 4844 uruntur
1030 4787 1063 4844 et
1112 4778 1268 4843 sentiunt
1327 4775 1384 4845 Sic
1418 4777 1597 4858 Dominus,
1632 4777 1686 4843 ubi
1720 4776 1825 4842 officio
1861 4786 1972 4842 nostro
2001 4776 2085 4842 bone

63 4865 247 4943 invident,
270 4864 349 4948 quia
369 4863 565 4929 tantundem
586 4862 650 4928 sibi
671 4863 853 4930 detractum
872 4883 944 4930 esse
960 4863 1062 4930 inter·
1111 4861 1177 4928 fide
1195 4862 1413 4948 defungimur,
1432 4883 1492 4930 nec
1510 4861 1687 4947 quidquem
1703 4861 1958 4945 subterfugimus
1969 4881 2086 4928 eorum

61 4963 270 5042 pretantur.
310 4950 407 5015 Prius
428 4949 594 5017 confessus
611 4948 719 5014 fuerat
736 4948 850 5015 Laben
869 4971 904 5015 so
922 4949 1062 5016 ditatum
1112 4968 1194 5032 quae
1215 4948 1285 5031 ipse
1305 4947 1454 5027 mandat,
1476 4949 1511 5012 in
1534 4949 1633 5015 rebus
1655 4960 1782 5031 quoque
1804 4947 1900 5013 valde
1922 4947 2085 5030 perplexis

59 5043 188 5109 fuisse
211 5038 358 5104 adventu
379 5033 487 5116 Iacob,
509 5035 575 5100 imo
597 5037 630 5100 in
653 5036 722 5100 eius
744 5036 883 5119 gretiam
906 5058 941 5101 se
963 5035 1062 5102 bene·
1111 5043 1263 5100 votorum
1294 5055 1353 5100 nos
1386 5043 1552 5117 compotes
1581 5034 1667 5099 facit.
1719 5033 1823 5098 Porro
1852 5031 1938 5116 quod
1965 5053 2084 5098 uxores

60 5129 213 5195 dictum
239 5123 342 5188 fuisse
371 5122 570 5187 eDomino:
599 5140 689 5186 nunc
714 5119 963 5187 obmurmurant
991 5123 1061 5188 eius
1110 5119 1152 5186 ad
1170 5140 1205 5185 se
1222 5120 1256 5184 in
1336 5141 1393 5186 um
1414 5131 1527 5187 evocat
1549 5119 1654 5200 Iacob,
1680 5119 1758 5186 hino
1780 5117 1964 5202 colligimus
1984 5138 2083 5200 quam

57 5215 153 5292 filii,
176 5209 289 5293 etipse
307 5227 435 5291 quoque
452 5227 599 5273 moerore
616 5217 794 5290 torquetur,
813 5207 897 5290 quod
916 5207 1059 5273 eiusdem
1109 5205 1273 5272 laboriose
1308 5208 1393 5271 uerit
1412 5206 1481 5271 eius
1504 5206 1581 5272 vita.
1620 5205 1719 5272 Certe
1740 5204 1821 5270 haec
1838 5203 1886 5269 illi
1903 5203 1957 5268 vel
1977 5203 2083 5286 prima

57 5293 322 5368 benedictionis
342 5291 441 5358 Iacob
461 5295 532 5376 ipse
554 5294 658 5358 tactus
686 5293 729 5359 sit
756 5293 927 5376 particeps.
971 5292 1060 5361 Hine
1109 5293 1225 5358 fuisset
1247 5292 1332 5360 vitae
1354 5290 1575 5371 commoditas,
1596 5290 1745 5357 habitare
1768 5290 1855 5356 domi
1877 5310 1951 5355 cum
1974 5289 2083 5353 uxori-

54 5381 303 5475 pe'rspicimus
326 5399 424 5462 quam
450 5398 546 5445 caeca
567 5377 611 5446 sit
639 5378 790 5456 avaritia,
821 5398 903 5462 quae
932 5378 1058 5445 nullum
1110 5376 1179 5444 bus.
1226 5375 1338 5445 Senex
1359 5379 1422 5442 iam
1452 5386 1537 5457 erat,
1566 5376 1679 5443 multis
1706 5376 1870 5530 laborib2us
1898 5374 2080 5442 confectus:

1842 5476 1875 5531 7*
