4988 6192
111 459 175 524 533
772 461 1144 530 COMMENTARIUS
1167 461 1217 528 IN
1237 460 1448 529 GENESIN.
2045 465 2111 530 534

110 666 214 732 pavor
238 667 293 714 eos
311 669 331 714 a
348 646 455 714 reditu
478 647 648 728 deterreat,
673 647 757 713 bona
780 649 844 716 lide
866 671 941 717 oum
963 649 1028 716 illis
1050 673 1085 718 ιι
1136 659 1245 717 sentes
1268 650 1308 715 de
1330 650 1470 735 peccatis
1492 671 1613 734 poenas
1634 651 1779 734 exigens,
1792 674 1831 719 ea
1848 651 1942 717 volut
1964 652 1999 718 iu
2018 654 2110 720 thea-

111 743 262 812 aoturum
281 735 456 818 promittit:
476 742 572 818 atque
594 743 631 800 ut
645 733 679 799 id
697 734 904 820 persuadeat,
917 738 1085 820 praefatur
1136 743 1187 802 tro
1210 737 1386 820 spectanda
1408 736 1504 802 locat:
1528 757 1625 819 saepe
1643 745 1751 803 tamen
1776 740 1868 821 quasi
1886 737 1975 802 aliud
1997 759 2109 823 agens,

110 818 269 886 seDeum
291 822 424 885 timere:
448 841 531 903 quae
551 820 699 904 loquutio
716 820 892 887 observatu
911 821 1011 907 digna
1026 829 1083 888 est.
1136 823 1271 890 obscure
1293 823 1385 888 velut
1411 843 1452 888 ex
1476 822 1617 888 tenebris
1639 834 1770 905 peecata
1793 837 1904 890 nostra
1932 825 2110 893 ulciscitur.

110 906 275 988 Loquitur
293 918 380 972 certe
398 927 440 970 ex
462 906 577 972 intimo
596 905 701 974 cordis
723 927 837 973 sensu:
858 929 893 974 ιι
910 929 998 988 vero,
1011 909 1086 992 quia
1137 908 1176 975 Si
1194 916 1322 974 tantum
1344 908 1453 974 intuiti
1475 915 1585 974 essent
1607 908 1665 973 filii
1681 908 1778 976 Iacob
1800 923 2003 994 praesentem
2030 933 2108 978 oau-

109 991 222 1056 Deum
240 991 367 1072 metuit,
380 1001 504 1058 rectum
523 1001 555 1058 et
573 1013 722 1059 veracem
739 991 971 1060 foredsclarat.
995 995 1085 1078 Ergo
1137 1016 1217 1074 sam,
1239 994 1323 1059 nihil
1344 994 1432 1060 aliud
1454 1005 1606 1077 poterant
1634 1015 1732 1079 quam
1759 996 1945 1081 obstrepere
1974 1008 2008 1063 ot
2030 1017 2108 1063 oon·

110 1075 215 1144 bonas
247 1076 431 1160 probaequs
464 1077 690 1156 conscientiae,
722 1086 761 1144 ιιι
789 1100 863 1144 cum
897 1079 1084 1147 hominibus
1136 1081 1229 1163 queri
1257 1080 1320 1146 sibi
1352 1080 1424 1146 fieri
1453 1081 1625 1145 iniuriam:
1655 1089 1794 1164 sequuta
1826 1083 1942 1148 fuisset
1974 1084 2107 1150 tandem

108 1163 208 1228 fidem
232 1171 267 1228 et
288 1165 485 1254 aequitatem
507 1164 660 1244 colamus,
674 1165 870 1248 principium
889 1174 922 1231 ιι
939 1165 1012 1232 fona
1034 1176 1085 1232 est
1137 1165 1326 1249 desperatio.
1372 1165 1439 1232 Sed
1462 1167 1539 1230 dum
1570 1165 1761 1249 expendunt
1782 1189 1878 1250 quam
1906 1169 2003 1254 longe
2024 1170 2107 1236 late·

108 1249 174 1314 Dei
198 1251 305 1314 timor.
340 1252 486 1333 Apparet
504 1250 633 1333 quidem
656 1250 823 1316 interdum
844 1250 953 1334 aliqua
974 1253 1007 1316 in
1022 1252 1085 1318 Dei
1136 1273 1200 1335 que
1222 1259 1332 1337 pateat
1355 1250 1418 1318 Dei
1441 1252 1659 1336 providentia,
1682 1253 1803 1321 omissa
1830 1257 1997 1321 occasione
2024 1277 2107 1339 quae

108 1335 389 1419 contemptoribus
418 1334 576 1418 probitas:
607 1335 664 1404 ssd
693 1357 776 1419 quae
800 1336 864 1403 cito
891 1338 927 1403 in
957 1337 1084 1403 fumum
1137 1344 1213 1404 anta
1242 1338 1354 1402 oculos
1376 1346 1442 1416 ιιι,
1472 1337 1513 1402 ad
1541 1337 1729 1422 loginquam
1752 1359 1886 1406 oausam
1915 1341 2105 1406 ascendunt.

108 1421 186 1498 abit,
206 1421 270 1486 nisi
289 1421 402 1488 fraeno
425 1421 480 1487 illo
502 1421 716 1490 cohibeantur
738 1423 832 1505 pravi
855 1423 963 1489 carnis
987 1425 1083 1490 affec·
1137 1423 1241 1489 Porro
1252 1422 1386 1490 dubium
1405 1432 1464 1503 ιιι,
1487 1424 1641 1491 dicantus
1659 1445 1694 1491 se
1710 1445 1784 1492 reos
1803 1428 1874 1491 fieri
1892 1448 1992 1510 super
2004 1427 2106 1492 fratre

108 1519 173 1585 tus,
197 1507 408 1574 metuendum
430 1507 630 1588 esseDeum,
652 1508 728 1590 quia
749 1507 880 1574 futurus
897 1521 947 1574 est
969 1509 1085 1574 muudi
1137 1531 1205 1589 suo,
1229 1508 1280 1575 val
1301 1510 1413 1576 fratris
1430 1530 1537 1589 eausa,
1550 1530 1591 1574 an
1605 1509 1770 1576 fateantur
1788 1533 1822 1578 se
1840 1531 2004 1594 peccasse:
2028 1535 2106 1578 nam

106 1592 218 1658 iudex.
270 1593 356 1660 Nam
383 1594 529 1676 quisquis
552 1615 616 1659 non
646 1595 767 1678 cogitat
796 1593 994 1660 reddendam
1022 1594 1085 1660 sibi
1137 1595 1327 1661 hebraicum
1351 1616 1469 1661 nomen
1492 1608 1604 1664 omma
1626 1596 1813 1680 ambiguum
1837 1609 1895 1677 est,
1922 1601 1996 1680 quia
2020 1620 2107 1665 nunc

105 1700 178 1746 esse
203 1679 372 1756 radonem,
392 1699 559 1762 nunquam
578 1681 626 1745 ita
639 1679 822 1764 integritati
843 1680 988 1746 studebit
1005 1683 1084 1764 quin
1137 1681 1307 1764 adipsum
1331 1681 1456 1746 facinus
1479 1683 1696 1762 commissum,
1721 1705 1808 1748 nunc
1830 1682 1871 1748 ad
1894 1705 2032 1766 poenum
2056 1707 2106 1749 re·

105 1777 266 1848 sequatur
287 1763 372 1849 quod
394 1765 456 1832 sibi
484 1766 563 1831 utile
592 1785 662 1830 esse
690 1773 791 1847 putat.
836 1765 948 1847 Quare
977 1766 1086 1831 danda
1136 1764 1258 1832 fertur:
1281 1767 1378 1832 sicuti
1400 1769 1501 1833 latine
1524 1768 1696 1850 piaculum,
1708 1768 1815 1834 scelus
1832 1778 1865 1834 et
1887 1770 2106 1852 expiationem

107 1859 304 1934 operaest,
333 1851 403 1916 aia
432 1849 966 1936 perfidia,dolo,orudelitatset
994 1855 1084 1918 omni
1135 1854 1308 1936 signifieat.
1353 1852 1406 1918 Ad
1428 1874 1590 1919 summam
1613 1855 1660 1918 rei
1685 1873 1803 1936 parum
1820 1855 1920 1921 refert
1941 1857 2106 1924 utrumvis

106 1937 258 2020 improbo
280 1936 416 2004 nocendi
439 1936 546 2003 studio
570 1937 643 2019 puri
665 1958 735 2002 esse
757 1939 915 2020 cupimus,
939 1945 977 2003 ιιι
998 1939 1085 2004 inter
1136 1939 1431 2023 eligas:peooatum
1451 1940 1539 2005 enim
1556 1951 1738 2024 agnoscunt
1754 1941 1789 2004 in
1809 1952 1899 2006 reatu
1918 1941 1972 2007 vel
1991 1961 2104 2025 poena.

106 2044 168 2088 nos
198 2024 311 2106 vigeat
343 2022 467 2108 religio.
519 2021 655 2104 Quoties
684 2032 794 2088 autem
821 2024 929 2089 minus
959 2025 1085 2091 siucero
1137 2023 1203 2090 Sed
1225 2023 1307 2090 mihi
1330 2026 1508 2108 simplicior
1529 2035 1562 2089 et
1585 2025 1688 2110 magis
1709 2027 1871 2110 gonuinus
1901 2028 2031 2094 videtur
2052 2029 2106 2095 hio

106 2108 161 2174 vel
189 2108 375 2174 humaniter
404 2111 490 2176 inter
520 2131 578 2175 nos
605 2109 748 2192 agimus,
778 2109 885 2191 palam
911 2131 947 2175 so
975 2111 1083 2193 prodit
1135 2130 1253 2177 sensus
1275 2133 1354 2191 esse,
1377 2110 1462 2193 quod
1486 2111 1601 2176 merito
1624 2113 1817 2194 plectantur,
1839 2114 1916 2195 quia
1940 2123 2007 2179 tam
2031 2135 2105 2180 eru·

104 2195 270 2277 impietas.
314 2195 400 2260 Nam
422 2193 579 2278 quidquid
598 2195 634 2258 in
656 2194 778 2260 mundo
801 2204 851 2261 est
879 2196 1084 2262 rectitudinis
1135 2195 1223 2262 deles
1244 2195 1368 2262 fuerint
1390 2197 1547 2263 adversus
1569 2197 1712 2261 fratrem.

106 2302 144 2346 ao
163 2281 319 2360 iustitiae,
338 2281 429 2348 brevi
446 2281 550 2366 elogio
572 2281 761 2363 complexus
780 2291 829 2346 est
840 2281 969 2365 Ioseph,
982 2304 1082 2366 quum
1224 2283 1307 2364 Quia
1328 2285 1466 2350 vidimus
1488 2284 1665 2366 anpmtam
1687 2284 1812 2348 animae
1831 2285 1906 2348 eice.
1937 2284 2028 2349 lucta
2040 2283 2105 2350 Dei

105 2365 194 2432 dixit
216 2388 252 2432 se
273 2366 381 2432 Deum
405 2368 530 2432 timore.
1135 2367 1258 2434 ultione
1287 2369 1356 2434 fieri
1385 2377 1582 2454 agnoscunt,
1610 2380 1646 2432 ut
1678 2367 1869 2451 suppliciter
1901 2369 2105 2454 deprecando

195 2453 247 2518 21.
282 2451 326 2518 Et
346 2453 464 2520 dicebat
486 2453 565 2520 atter
593 2451 714 2518 alteri..
740 2452 883 2536 Insignis
912 2452 1002 2520 locus
1023 2463 1083 2536 est,
1134 2453 1219 2519 nihil
1240 2453 1423 2534 obtineant,
1446 2454 1523 2538 quia
1545 2454 1763 2520 inexorabiles
1788 2456 1913 2521 fuerint
1941 2457 2003 2539 ipsi
2026 2476 2105 2541 erga

107 2538 195 2622 quod
226 2538 286 2604 filii
314 2538 412 2606 laoob
439 2541 475 2604 in
505 2538 637 2604 ultimas
666 2539 835 2622 angustias
863 2537 995 2619 redacti,
1025 2539 1082 2606 ad·
1132 2541 1277 2606 fratrem.
1322 2539 1476 2606 Nondum
1499 2539 1651 2606 Christus
1669 2560 1724 2605 ore
1742 2561 1801 2605 suo
1819 2542 1997 2624 protulerat
2020 2542 2105 2608 bano

107 2625 247 2690 missum
278 2633 354 2690 ante
382 2645 485 2691 annos
507 2624 660 2691 tredecim
689 2623 899 2707 parrioidium
929 2635 1083 2692 revocant
1133 2627 1415 2710 sententiamque
1433 2647 1586 2692 mensura
1609 2626 1715 2691 mensi
1737 2627 1871 2707 fueritis,
1890 2627 2105 2692 remetientur

106 2711 143 2774 in
166 2711 371 2780 memoriam.
407 2711 600 2794 Priusquam
625 2721 757 2794 urgeret
774 2731 829 2774 eos
851 2710 993 2788 afflictio,
1016 2721 1081 2777 tor·
1134 2712 1227 2778 vobis
1249 2712 1304 2776 alii
1326 2711 1439 2812 (Mtte.
1464 2713 1493 2792 t,
1517 2711 1566 2799 2):
1589 2712 1646 2778 sed
1672 2713 1866 2778 naturaliter
1889 2711 2021 2778 tenebat
2042 2715 2104 2779 mi-

106 2797 242 2880 pebant.
275 2795 391 2880 Nuper
408 2797 505 2862 etiam
529 2796 642 2862 retulit
652 2795 763 2866 Moses
784 2794 825 2860 de
846 2806 950 2862 morte
962 2797 1081 2881 Ioseph
1133 2797 1309 2865 sericordia
1330 2797 1483 2883 indignos
1505 2819 1576 2864 esse
1604 2797 1658 2882 qui
1688 2797 1827 2864 fuissent
1849 2798 2011 2865 crudeles:
2040 2820 2104 2882 quo

106 2881 273 2965 intrepide
296 2883 445 2965 loquutos
467 2903 554 2962 esse,
576 2902 613 2947 ao
636 2881 664 2947 si
685 2882 771 2946 male
792 2881 855 2947 sibi
873 2885 993 2949 conscii
1015 2905 1082 2950 non
1133 2885 1238 2968 magis
1257 2905 1372 2951 navers
1394 2905 1453 2950 nos
1476 2885 1576 2964 decet,
1601 2905 1642 2948 uo
1664 2883 1704 2948 ad
1729 2891 1776 2949 tot
1796 2886 1975 2967 scripturae
1997 2886 2103 2950 mines

104 2979 229 3034 essent.
274 2967 372 3036 Nune
400 2989 478 3036 vero
499 2969 592 3051 quasi
613 2967 742 3052 ingredi
764 2978 927 3051 coguntur
953 2969 987 3033 in
1006 2991 1082 3038 suas
1132 2969 1225 3035 surdi
1246 2969 1358 3036 simus.
1392 2970 1568 3036 Horribilis
1590 2978 1639 3036 est
1660 2968 1717 3034 illa
1739 2967 1954 3049 denunciatio,
1975 2971 2030 3054 qui
2052 2970 2106 3035 ob-

103 3054 333 3120 oonsoientias.
368 3055 527 3120 Videmus
545 3054 653 3137 itaque
677 3061 713 3119 ut
730 3053 825 3118 rebus
843 3053 990 3120 adversis
1008 3077 1083 3122 exa·
1133 3058 1295 3122 turaverit
1317 3077 1428 3122 aurem
1452 3077 1544 3123 suam
1563 3055 1604 3122 ad
1625 3055 1799 3122 clamorem
1822 3058 1985 3139 pauperis,
2006 3056 2104 3122 vicis-

105 3141 212 3206 miuet
246 3141 348 3208 Deus¹
371 3141 532 3206 homines:
571 3149 604 3205 et
636 3141 783 3206 excossis
815 3136 982 3206 blanditiis
1015 3163 1081 3208 non
1133 3142 1195 3206 sim
1218 3141 1370 3208 clamabit
1393 3143 1471 3226 ipse,
1491 3152 1523 3208 et
1547 3163 1610 3208 non
1633 3141 1827 3207 exaudietur
1850 3141 1959 3229 (Pror.
1973 3142 2024 3221 21,
2038 3141 2102 3229 13).

104 3225 204 3292 modo
226 3235 352 3310 pungat
375 3247 487 3291 eorum
509 3226 637 3292 animos
659 3245 778 3290 arcano
798 3239 904 3304 metu,
926 3226 981 3291 sed
1005 3249 1080 3294 con·
1132 3226 1224 3310 Ergo
1246 3229 1324 3293 dum
1343 3237 1472 3311 tempus
1490 3237 1540 3294 est
1554 3229 1716 3294 discamus
1733 3227 1970 3293 humanitatem
1989 3228 2103 3308 colere,

102 3311 283 3378 sessionem
302 3321 603 3396 extorqueatquam
621 3311 762 3377 libenter
778 3312 937 3393 fugerent.
971 3312 1081 3397 Atque
1132 3316 1272 3397 compati
1291 3314 1429 3393 miseris,
1442 3314 1644 3398 supplicibus
1658 3334 1792 3379 manum
1804 3315 1972 3397 porrigere
1990 3315 2105 3379 auxilii

105 3399 168 3463 hoc
180 3418 286 3481 genos
298 3397 458 3463 examinis
470 3397 543 3480 plus
561 3418 659 3481 quam
678 3399 897 3464 necessarium
915 3399 1080 3467 nobisest.
1132 3397 1258 3464 ferendi
1279 3419 1385 3466 causa.
1438 3399 1532 3480 Quod
1555 3402 1582 3466 si
1608 3399 1736 3482 quando
1765 3401 1911 3483 asperius
1935 3421 1994 3464 uos
2018 3408 2103 3466 trao-

103 3484 194 3550 Mira
227 3497 279 3548 eet
311 3483 481 3549 hominum
515 3483 697 3568 hypocrisis
730 3482 770 3547 ad
804 3483 891 3548 mala
924 3485 1078 3568 tegenda:
1131 3485 1195 3549 tari
1218 3485 1259 3550 ab
1282 3486 1468 3552 hominibus
1490 3487 1674 3570 contingat,
1698 3505 1874 3569 precesque
1896 3495 2028 3550 nostras
2051 3508 2104 3551 su·

102 3569 194 3653 quod
206 3569 235 3634 si
247 3569 378 3636 accedat
388 3569 579 3653 impunitas,
592 3567 739 3634 socordia
750 3569 945 3651 duplicatur.
969 3571 1080 3652 Quare
1130 3569 1229 3652 perbe
1257 3572 1383 3654 respui,
1407 3583 1485 3636 tunc
1507 3571 1622 3637 saltem
1647 3571 1738 3636 nobis
1767 3572 1801 3636 iu
1824 3582 1965 3636 mentem
1990 3571 2103 3637 veniat

102 3655 235 3722 nullum
258 3653 435 3721 remedium
459 3663 623 3737 superest,
644 3654 709 3719 nisi
731 3663 768 3719 ut
794 3656 1025 3723 afflictionibus
1048 3669 1080 3724 et
1130 3656 1259 3740 siquid
1289 3678 1404 3742 parurn
1434 3655 1612 3724 clementer
1633 3675 1652 3720 a
1675 3656 1769 3722 nobis
1798 3668 1907 3723 aetum
1929 3667 1995 3721 est:
2024 3677 2102 3721 nam

101 3741 222 3825 poeuis
262 3741 486 3824 expergefiant
520 3740 576 3823 qui
610 3751 773 3824 torporem
807 3741 869 3808 sibi
907 3741 1078 3823 inducunt,
1129 3744 1192 3808 etei
1214 3751 1290 3808 auto
1312 3753 1441 3826 tempus
1463 3763 1577 3827 sapere
1607 3752 1802 3826 praestaret,
1831 3751 1881 3808 est
1908 3749 2019 3806 tamen
2043 3741 2102 3806 ali-

101 3825 264 3912 quamdiu
285 3826 351 3892 illis
372 3826 659 3909 paroitDomiuus.
691 3827 825 3910 Aliquid
847 3849 925 3912 ergo
944 3831 1081 3912 profecit
1129 3829 1202 3912 quis
1230 3828 1396 3912 profectus
1417 3830 1542 3912 quoties
1569 3851 1627 3894 nos
1658 3827 1796 3911 superbe
1824 3829 1879 3893 alii
1909 3825 2101 3911 despiciunt,

100 3913 236 3997 Ioseph,
260 3911 338 3978 dum
360 3911 516 3978 fratribus
539 3912 606 3978 suis
628 3913 751 3994 peceati
778 3935 909 3980 sensum
933 3917 1079 3995 extorsit,
1130 3923 1282 3998 reputare
1311 3936 1420 3980 annon
1449 3914 1585 3979 eandem
1615 3917 1650 3978 in
1673 3915 1764 3979 nobis
1795 3913 1949 3978 duritiem
1972 3914 2101 3997 experti

98 4001 137 4066 in
171 4019 237 4082 quc
259 4017 372 4064 secura
395 3999 458 4064 sibi
484 3998 664 4080 placebant.
707 3999 754 4064 Et
775 4000 938 4067 Dominus
966 4022 1079 4068 eorum
1129 4002 1197 4065 siut
1219 4001 1336 4084 quibus
1364 3999 1532 4066 uobiscum
1561 4000 1728 4084 negotium
1761 4011 1841 4065 erat.
1886 4000 2020 4080 Frater,
2049 4001 2100 4065 in-

99 4086 261 4152 misertus
282 4092 345 4164 ost,
374 4084 636 4168 integumentum
666 4086 818 4151 auferens
842 4107 960 4168 quoae
983 4089 1080 4154 nimis
1129 4087 1256 4170 quiunt,
1276 4087 1311 4152 in
1332 4086 1449 4152 ultima
1471 4087 1664 4151 necessitate
1685 4085 1827 4168 supplex
1843 4085 1936 4150 nobis
1954 4085 2029 4150 fuit:
2052 4107 2101 4150 re·

100 4172 161 4238 diu
185 4169 381 4236 fefellerant:
411 4169 505 4236 sicuti
529 4169 670 4252 quotidie
695 4191 755 4236 nos
778 4193 877 4236 manu
906 4171 1078 4240 hominum
1128 4171 1336 4256 pudiavimus
1358 4173 1428 4238 eius
1450 4191 1575 4255 preces:
1595 4171 1674 4237 haee
1696 4171 1796 4255 igitur
1817 4171 1928 4236 divina
1950 4179 1999 4236 est
2022 4171 2100 4237 talio

97 4256 280 4340 castigans,
303 4253 344 4322 ad
367 4254 511 4320 tribunal
532 4277 628 4320 suum
653 4277 725 4322 reos
747 4257 834 4323 citat.
880 4257 1077 4342 Quanquam
1129 4259 1214 4342 quod
1238 4257 1320 4324 nibil
1338 4259 1563 4341 impetramus.
1607 4257 1671 4322 His
1694 4257 1803 4323 verbis
1827 4264 1993 4322 testantur
2015 4256 2099 4322 divi-

97 4363 224 4427 parum
247 4342 416 4427 prodesset
438 4342 583 4406 exerceri
607 4341 704 4406 rebus
726 4341 881 4420 adversis,
903 4345 966 4410 nisi
988 4346 1078 4412 intus
1128 4345 1217 4410 nitus
1246 4345 1317 4428 regi
1344 4344 1514 4409 hominum
1544 4343 1657 4422 eorda,
1686 4350 1724 4406 ut
1751 4341 1802 4408 vel
1832 4342 1873 4406 sd
1903 4343 2099 4424 aequitatem

94 4428 204 4495 corda
231 4435 395 4512 tangeret:
432 4427 580 4492 videmus
613 4428 700 4493 enim
734 4449 832 4511 quam
861 4431 973 4512 pauci,
1003 4431 1078 4496 licet
1128 4432 1311 4507 flectantur,
1335 4429 1387 4494 vel
1410 4429 1581 4494 inflexibili
1603 4428 1709 4513 rigore
1731 4429 1962 4495 obdurescant:
1982 4427 2098 4494 deinde

97 4514 289 4582 durissimis
318 4513 429 4596 poenis
458 4511 629 4588 admoniti,
659 4522 792 4595 peccata
820 4537 881 4580 sua
907 4525 1076 4600 reputent:
1129 4537 1260 4582 exosam
1283 4537 1354 4582 esse
1376 4516 1546 4581 saevitiam
1564 4515 1643 4591 Deo,
1662 4517 1739 4597 quia
1756 4535 1855 4598 quum
1879 4516 1947 4578 cius
1970 4514 2098 4579 bouitas

99 4621 202 4668 nemo
224 4608 312 4666 certe
334 4599 398 4664 nisi
416 4600 541 4664 invitus
563 4597 602 4663 ad
625 4598 710 4665 hano
731 4601 880 4666 notitiam
901 4601 1075 4667 deseendit.
1128 4624 1186 4685 per
1203 4603 1328 4668 coelum
1350 4609 1383 4666 et
1400 4609 1522 4666 terram
1541 4599 1659 4665 diffusa
1675 4599 1727 4677 sit,
1739 4609 1773 4664 ιι
1789 4600 2014 4665 beneficientia
2030 4620 2099 4664 non

98 4687 218 4769 Quare
241 4683 375 4750 dubium
395 4706 458 4750 uon
479 4691 530 4749 est
549 4685 629 4767 quin
647 4685 1013 4764 Deus,utillios1acob
1035 4688 1078 4753 ad
1128 4687 1276 4754 homines
1298 4687 1393 4753 modo
1421 4685 1567 4770 impleat,
1591 4685 1647 4752 sed
1670 4685 1773 4750 brutis
1800 4705 1927 4768 quoque
1948 4685 2098 4750 animali·

98 4771 342 4858 poenitentiam
355 4769 539 4846 adduceret,
552 4779 618 4834 tam
637 4773 901 4855 aroanospiritus
917 4773 1077 4840 instinctu
1128 4774 1188 4839 bus
1217 4775 1364 4857 exposita
1385 4773 1440 4852 ait,
1467 4773 1537 4837 eius
1559 4782 1695 4836 naturae
1724 4771 1808 4836 nihil
1829 4772 1934 4854 magia
1962 4779 2012 4836 est
2040 4771 2100 4836 ad·

99 4879 204 4944 quam
226 4867 363 4922 externa
384 4856 599 4940 castigatione
617 4877 671 4921 cos
689 4858 889 4940 compulerit,
906 4869 944 4922 ut
965 4878 1077 4941 pecea-
1129 4879 1260 4925 versum
1282 4879 1380 4942 quam
1404 4857 1555 4924 ferociter
1580 4856 1718 4922 abiicere
1747 4857 1801 4940 qui
1830 4855 1928 4921 fidem
1951 4863 2098 4922 nostram

97 4955 173 5012 tum
212 4941 310 5008 nimis
343 4942 399 5008 diu
428 4942 591 5025 sepultum
620 4944 740 5008 sentire
771 4944 962 5025 inciperent.
1007 4942 1075 5010 Ob·
1126 4945 1311 5030 implorant.

98 5038 238 5097 servent
266 5029 365 5093 etiam
388 5029 526 5094 lectores
549 5050 613 5094 non
636 5037 764 5094 tantum
794 5030 971 5112 arripuisse
992 5029 1076 5097 filios
1212 5032 1263 5097 22.
1298 5028 1343 5095 Et
1363 5029 1521 5114 respondit
1543 5029 1676 5095 Rettbea
1721 5027 1808 5110 Quia
1829 5035 1966 5093 conatus
1988 5026 2099 5093 fuerat

97 5117 201 5184 Iacob
230 5114 317 5198 quod
346 5114 567 5200 propinquum
596 5124 682 5195 crat,
711 5115 767 5180 sed
795 5117 921 5181 venisse
948 5114 1012 5181 illis
1041 5117 1074 5182 in
1126 5116 1380 5201 eripereIoseph
1403 5137 1444 5180 ex
1466 5115 1606 5181 fratrum
1628 5114 1786 5193 manibus,
1805 5123 1842 5179 ut
1858 5113 1944 5197 patri
1966 5112 2097 5179 salvum

98 5211 249 5268 mentem
272 5219 394 5284 poenas
414 5198 573 5267 divinitus
596 5201 685 5266 varie
713 5202 937 5284 peecatoribus
958 5202 1074 5286 infligi.
1126 5203 1329 5282 restitueret,
1351 5201 1480 5284 culpam
1504 5222 1614 5266 eorum
1637 5209 1831 5285 exaggerat,
1861 5197 1945 5282 quod
1968 5197 2096 5264 nullum

97 5291 146 5356 a:
163 5301 256 5354 certe
274 5298 312 5350 ut
329 5287 613 5369 apprehendamus
623 5286 688 5353 Dei
704 5285 823 5352 iudicia
834 5288 946 5370 procul
964 5289 1075 5355 oculos
1127 5297 1206 5355 tuno
1227 5309 1344 5354 sanum
1370 5287 1541 5353 consilium
1563 5287 1768 5351 admiserint:
1792 5307 1829 5353 ao
1851 5284 1951 5350 verba
1973 5286 2019 5350 sic
2041 5303 2095 5349 ao·

89 5371 283 5442 extendere
305 5375 467 5439 convenit.
512 5374 602 5441 Deus
630 5373 759 5458 quidem
788 5373 953 5439 interdum
981 5396 1075 5459 prae·
1125 5375 1208 5459 cipio
1226 5374 1320 5460 quasi
1337 5373 1435 5440 nimis
1456 5393 1562 5439 soram
1579 5373 1812 5456 poenitentiam
1829 5371 1894 5436 illis
1911 5370 2098 5453 exprobret.

1888 5469 1939 5526 34*
