5000 6208
369 477 433 544 341
1031 472 1403 543 COMMENTARIUS
1426 475 1475 540 IN
1500 472 1715 540 GENESIN.
2307 473 2360 542 348

371 662 510 728 divisam
540 681 560 726 a
587 659 663 726 liliis
692 658 861 740 Abrabae,
895 657 1063 743 propriam
1093 667 1202 724 tamen
1229 658 1346 725 habuit
1397 659 1489 727 Isaac
1511 681 1589 745 ergo
1610 660 1696 746 quod
1717 661 1752 726 in
1777 661 1948 727 hominum
1971 659 2108 726 arbitrio
2136 659 2279 744 positum
2301 683 2358 728 non

370 747 480 814 sedem
520 747 556 811 in
594 766 707 810 eorum
748 743 891 811 vicinia?
928 744 1068 809 Interim
1103 744 1345 811 observandum
1398 753 1464 823 est,
1488 767 1507 811 a
1529 747 1601 812 Deo
1623 747 1802 830 petendum
1825 767 1896 814 0000
1919 747 2063 831 agnovit.
2108 745 2181 810 Iam
2203 766 2280 813 vero
2302 769 2358 814 non

370 829 1345 917 000000001Ι1010000111000,000110000οΙ,1100100000
1398 831 1527 915 vulgari
1556 831 1633 898 fidei
1661 833 1843 899 constantia
1874 831 2060 917 praeditum
2093 832 2192 897 101000
2225 841 2356 915 apparot.

368 919 488 984 fratres
518 937 594 984 suos
623 917 834 994 subsisteret,
868 914 1048 982 subductus
1080 927 1191 982 tamen
1220 917 1281 982 tuit
1310 917 1344 980 in
1398 915 1510 997 Quum
1532 917 1582 983 illi
1604 925 1720 984 notum
1742 929 1828 985 00001
1847 916 1912 984 Ι101
1933 917 2061 996 foedus,
2084 917 2218 1001 cupide,
2247 919 2358 1002 siquis

369 1025 462 1070 suam
485 1003 670 1082 stationem,
693 1024 734 1068 nc
755 1001 886 1068 mixtim
904 1022 978 1067 cum
997 1002 1104 1068 illisa
1147 1011 1206 1081 001,
1229 999 1286 1066 sed
1309 1003 1344 1066 in
1397 1002 1483 1068 alius
1503 1023 1615 1069 semen
1638 1006 1823 1089 appetebat:
1853 1025 1921 1070 non
1942 1003 2044 1088 igitar
2066 1010 2144 1069 tuno
2166 1003 2297 1070 demum
2317 1004 2357 1070 illi

368 1097 553 1173 conspectu,
576 1088 630 1153 vel
657 1109 675 1153 0
698 1088 840 1172 regione.
882 1088 988 1154 Porro
1008 1089 1101 1154 iaoen
1125 1089 1136 1152 i
1158 1088 1214 1153 001
1235 1087 1343 1170 quies·
1395 1088 1433 1151 in
1453 1097 1597 1154 mentem
1619 1090 1747 1174 precari
1768 1089 1873 1170 venit,
1900 1109 2001 1174 quum
2023 1108 2080 1172 spe
2102 1109 2162 1155 sua
2184 1109 2243 1172 per
2264 1111 2357 1157 00000

368 1174 464 1244 cendi
493 1175 632 1240 verbum
661 1195 727 1239 non
757 1174 911 1258 restringi
934 1173 976 1238 ad
998 1194 1171 1257 personam
1194 1173 1344 1240 Ismaelis
1395 1174 1464 1238 fere
1481 1174 1599 1259 viginti
1617 1175 1793 1242 frustratus
1810 1183 1904 1242 esset.
1948 1174 2146 1258 Quanquam
2164 1195 2242 1260 ergo
2260 1175 2358 1243 Moses

369 1262 450 1328 satis
472 1259 598 1326 clarum
621 1268 681 1325 est.
1395 1279 1461 1324 uno
1491 1267 1618 1326 tantum
1651 1262 1752 1328 00010
1785 1260 1864 1328 dicit
1895 1260 2045 1345 precibus
2074 1280 2094 1325 a
2122 1259 2195 1326 Deo
2224 1261 2357 1327 sobolem

455 1345 564 1412 111111
584 1347 664 1411 10100
682 1345 893 1429 perorationes
909 1343 1012 1410 10100.
1048 1344 1137 1425 Quia
1153 1344 1246 1411 velut
1263 1344 1344 1411 acci·
1395 1345 1606 1428 impetrasse:
1628 1349 1713 1413 ratio
1731 1355 1842 1414 100000
1859 1346 1960 1414 dictat
1976 1347 2147 1413 continuas
2163 1345 2267 1411 101000
2284 1347 2358 1412 mnl·

369 1433 501 1498 dentale
529 1440 600 1496 erat
624 1430 710 1515 qnod
732 1431 773 1495 de
793 1429 970 1497 Ismaelitis
992 1428 1076 1496 dixit
1097 1431 1222 1510 Moses,
1255 1451 1343 1496 nuno
1395 1438 1504 1497 torum
1533 1453 1691 1498 annorum
1718 1454 1838 1517 preces.
1886 1432 1927 1499 In
1954 1453 1991 1499 co
2020 1432 2142 1498 relucet
2170 1432 2357 1498 0000110101

368 1518 409 1584 ad
439 1519 650 1604 praecipuum
679 1517 834 1582 historiae
863 1523 1054 1582 contextum
1087 1519 1279 1598 revertitur,
1307 1524 1344 1582 ut
1395 1516 1577 1597 tolerantia,
1602 1518 1687 1602 quod
1710 1518 1788 1584 dnm
1810 1517 1937 1584 videtur
1958 1518 2082 1583 lrustra
2101 1518 2137 1582 in
2160 1539 2268 1584 aerem
2292 1526 2358 1584 vota

368 1604 492 1670 scilicet
524 1603 678 1670 ecclesiae
712 1622 902 1689 progressus
934 1602 1028 1668 nobis
1067 1601 1238 1668 describat.
1293 1603 1343 1667 Ao
1393 1602 1540 1681 sundere,
1562 1604 1676 1669 orandi
1698 1612 1809 1670 tamen
1832 1604 1982 1671 ardorem
1999 1625 2066 1669 non
2082 1603 2231 1669 remittit.
2273 1603 2358 1670 Sicut

259 1743 260 1748 ,
367 1691 473 1775 primo
495 1687 625 1773 quidem
647 1689 766 1772 repetit
788 1688 828 1752 de
850 1707 968 1768 uxore,
993 1695 1158 1770 sumptam
1180 1687 1280 1754 fuisse
1301 1709 1343 1753 ex
1395 1698 1504 1754 autem
1527 1689 1619 1756 Isaac
1648 1711 1707 1755 nos
1734 1709 1791 1756 sao
1821 1691 1971 1773 exemplo
1998 1688 2040 1755 ad
2069 1687 2184 1755 orandi
2218 1710 2358 1772 0000000-

247 4584 250 4592 ,
367 4527 515 4598 0001001,
543 4523 707 4600 0000000010
742 4537 857 4595 acore,
889 4537 927 4582 ac
960 4517 1150 4602 intelligunt
1179 4518 1240 4584 100
1268 4518 1280 4582 1

367 1775 613 1859 Mesopotamia.
659 1773 812 1841 Sororem
834 1774 951 1839 Laban
974 1771 1054 1857 Syri
1080 1773 1201 1839 diserte
1230 1782 1341 1840 vocat:
1394 1775 1535 1840 rentiam
1554 1775 1710 1842 instituit:
1736 1776 1782 1842 sic
1800 1778 1900 1841 etiam
1924 1773 2067 1842 ostendit
2085 1775 2177 1840 Deus
2196 1795 2358 1858 nunqnam

368 1862 445 1945 qnia
467 1861 597 1926 1010000
620 1868 690 1925 0001
709 1880 800 1927 00000
821 1859 934 1937 Ιο001,
966 1881 1003 1925 ac
1026 1857 1065 1923 de
1087 1881 1125 1924 eo
1147 1860 1252 1925 multa
1274 1859 1342 1925 dic·
1394 1881 1429 1926 00
1452 1859 1492 1926 ad
1520 1869 1598 1926 0010
1624 1861 1769 1927 fidelium
1799 1861 1914 1928 surdas
1943 1862 2064 1928 habere
2093 1881 2207 1942 aures,
2236 1860 2311 1926 licet
2327 1862 2358 1926 in

368 1957 464 2012 turus
486 1960 564 2012 erat.
610 1944 675 2012 Sed
693 1944 755 2010 hoc
772 1944 808 2010 in
826 1945 941 2029 primis
964 1952 1078 2010 notatu
1101 1943 1239 2030 dignum
1256 1943 1343 2028 quod
1394 1945 1529 2033 longum
1551 1954 1681 2030 tempus
1700 1946 1838 2012 differat.
2077 1971 2080 1980 ¹

366 2033 467 2099 refert
479 2031 595 2116 primis
607 2032 701 2096 annis
720 2031 864 2096 sterilem
884 2031 983 2096 101000
994 2030 1186 2097 Rebeccam.
1222 2032 1342 2098 Postea
1479 2032 1531 2097 22.
1554 2031 1599 2096 Et
1614 2033 1793 2098 collidebant
1810 2053 1852 2099 00.
1888 2032 1954 2099 Η10
1976 2051 2062 2098 0000
2078 2033 2216 2096 tentatio
2233 2038 2359 2115 repente

366 2128 478 2184 autem
496 2115 678 2184 videbimus
701 2138 766 2182 non
785 2117 890 2189 tribus
908 2117 962 2181 001
981 2123 1128 2200 quatuor,
1147 2115 1205 2181 sed
1223 2117 1342 2200 viginti
1394 2118 1557 2201 exsurgit,
1588 2116 1674 2202 quod
1703 2139 1739 2183 se
1768 2119 1910 2184 infantes
1938 2119 1974 2182 in
2000 2125 2093 2183 utero
2115 2117 2231 2182 matris
2254 2126 2359 2182 mntno

365 2205 461 2270 annis
484 2202 618 2269 durasse
639 2203 718 2268 eins
736 2203 961 2283 sterilitatem,
985 2210 1023 2267 ut
1044 2212 1201 2284 concepta
1222 2203 1341 2268 sobolis
1394 2202 1560 2268 collidunt.
1616 2203 1797 2270 (lonflictus
1828 2205 1891 2270 iste
1923 2211 2052 2268 tantum
2084 2202 2241 2268 moeroris
2274 2203 2360 2268 affert

365 2290 550 2375 desperatio
579 2288 705 2354 subitae
735 2288 952 2354 benedictioni
981 2288 1055 2371 plus
1084 2288 1165 2353 lucis
1198 2288 1339 2354 afferret.
1393 2289 1492 2354 matri
1521 2299 1557 2353 ut
1585 2297 1724 2355 mortem
1750 2297 1928 2374 praeoptet.
1979 2289 2095 2372 Neque
2122 2289 2260 2354 mirum:
2291 2308 2361 2352 nam

365 2375 433 2442 Sed
451 2374 535 2440 nihil
554 2375 661 2440 minas
680 2374 799 2439 rationi
821 2383 1077 2440 consentaneum
1094 2373 1226 2439 videtur
1242 2394 1341 2458 qnam
1393 2372 1510 2440 melius
1527 2373 1589 2440 sibi
1606 2376 1709 2440 luisse
1726 2377 1849 2460 cogitat
1865 2375 1989 2441 centies
2006 2375 2088 2440 mori
2099 2394 2197 2457 quam
2211 2372 2360 2438 horribile

365 2459 451 2545 quod
473 2461 626 2527 ecclesiae
647 2461 839 2544 propagatio
861 2468 928 2524 tam
950 2461 1070 2545 exigua
1095 2459 1247 2542 lentaque
1270 2460 1340 2525 1011.
1392 2460 1427 2523 10
1446 2480 1481 2525 00
1498 2459 1580 2524 illud
1597 2458 1651 2525 edi
1668 2468 1866 2546 portentum,
1887 2470 1925 2525 nt
1988 2461 2068 2526 mini
2086 2460 2205 2526 fratres
2222 2461 2256 2525 in
2276 2466 2360 2525 utero

366 2546 536 2614 Abraham
579 2555 726 2611 extremo
768 2547 859 2611 senio
908 2544 1053 2610 ieiunum
1104 2543 1155 2632 (ut
1198 2544 1341 2632 videtur)
1393 2565 1453 2610 suo
1472 2544 1598 2626 inclusi,
1617 2547 1681 2611 iam
1699 2546 1895 2613 intestinum
1911 2547 1952 2612 be
1965 2547 2037 2612 lum
2055 2555 2218 2631 gererent.
2251 2545 2360 2628 Itaque

365 2633 484 2718 longae
501 2631 650 2698 orbitatis
669 2630 824 2696 solatium
841 2631 976 2714 accepit,
995 2630 1340 2714 quodspemnominis
1393 2629 1556 2696 falluntur
1586 2632 1641 2715 qui
1674 2631 1824 2698 muliebri
1855 2633 2078 2715 impatientiae
2110 2631 2262 2697 tribuunt
2283 2630 2360 2696 hanc

366 2719 500 2802 reliquit
520 2719 555 2782 in
578 2737 644 2782 uno
664 2725 795 2783 tantum
816 2717 930 2800 capite.
964 2716 1058 2784 Isaac
1080 2726 1252 2800 provectae
1273 2717 1340 2782 iam
1392 2717 1639 2800 querimoniam,
1660 2738 1743 2799 quae
1765 2738 1831 2782 non
1855 2725 1924 2784 tam
1945 2717 2055 2784 dolore
2074 2717 2126 2781 001
2144 2716 2293 2782 cruciatu
2310 2737 2360 2781 ex·

366 2805 497 2883 aetatis,
526 2804 593 2869 imo
621 2803 657 2867 in
683 2802 811 2869 scnium
833 2801 977 2870 devexae
999 2803 1143 2868 nondum
1166 2811 1259 2886 pater
1280 2811 1339 2868 001.
1393 2811 1481 2868 10010
1501 2802 1567 2868 1011
1588 2823 1686 2886 quam
1709 2803 1848 2869 monstri
1874 2803 2097 2869 detestatione.
2142 2801 2257 2868 Sensit
2279 2802 2359 2866 anim

366 2890 432 2958 Ubi
455 2911 566 2955 semen
595 2887 676 2953 illud
705 2887 790 2972 quod
820 2886 971 2972 aequabit
999 2888 1110 2954 stellas
1131 2887 1234 2954 coeli?
1258 2887 1341 2970 Quis
1393 2883 1617 2971 proculdubio
1635 2890 1821 2955 conflictum
1838 2889 2008 2955 huncncn
2020 2889 2144 2954 moveri
2162 2887 2360 2966 naturaliter,

366 2997 434 3042 non
462 2975 598 3041 illudere
620 2973 729 3040 Deum
756 2981 905 3057 putaret,
934 2995 1037 3056 quum
1063 2975 1178 3040 inanes
1208 2983 1241 3040 et
1265 2974 1339 3041 soli-
1393 2972 1450 3039 sed
1478 2983 1697 3040 monstrosum
1725 2995 1809 3053 0000,
1844 2983 1877 3041 01
1898 2975 1954 3058 qui
1981 2982 2123 3040 atrocem
2146 2995 2184 3058 ac
2205 2973 2361 3059 tragicum

367 3063 467 3127 terias
488 3061 645 3145 relinquit
665 3059 787 3137 domos,
810 3081 892 3143 qnae
913 3059 1093 3126 secundum
1115 3061 1186 3125 eins
1202 3059 1340 3125 verbum
1394 3060 1537 3144 aliquem
1566 3060 1691 3125 exitum
1720 3060 1937 3144 portenderet.
1990 3059 2099 3128 Simul
2124 3057 2362 3125 0000100011-

368 3148 494 3232 ingenti
525 3145 644 3230 populc
671 3146 810 3210 refertae
832 3165 903 3211 esse
926 3143 1113 3212 debuerant.
1157 3146 1282 3211 Verum
1304 3146 1341 3210 in
1393 3146 1489 3216 vinae
1518 3152 1642 3211 metum
1669 3145 1824 3230 obrepere
1856 3165 1990 3212 necesse
2014 3145 2090 3211 fuit:
2125 3145 2222 3210 sicuti
2254 3143 2362 3210 fideles

366 3233 503 3299 ecclesia
522 3240 648 3315 oportet
665 3231 794 3314 impleri
812 3230 898 3315 qnod
913 3231 950 3294 in
961 3231 1093 3297 Psalmo
1108 3230 1209 3317 (Psal.
1224 3231 1295 3310 113,
1306 3230 1341 3318 9)
1393 3250 1459 3295 000
1478 3230 1663 3297 0010101001
1679 3233 1714 3296 10
1732 3252 1831 3297 00000
1848 3231 2031 3316 praesentis
2048 3231 2136 3309 mali,
2155 3230 2213 3297 ssd
2230 3230 2274 3296 ad
2291 3250 2362 3297 cau·

366 3318 516 3396 habetur,
539 3317 625 3401 quod
647 3317 767 3382 laetam
790 3317 937 3383 habitare
958 3316 1058 3384 faciat
1078 3317 1258 3382 multorum
1277 3317 1339 3383 fili·
1393 3337 1464 3382 sam
1487 3316 1702 3383 descendunt:
1732 3325 1829 3401 atque
1853 3319 1901 3383 ita
1929 3317 2132 3402 apprehenso
2153 3317 2219 3382 Dei
2238 3313 2363 3393 iudicio,

367 3425 462 3470 orum
481 3411 633 3481 matrem,
657 3423 741 3486 qnae
762 3403 870 3469 fuerat
892 3402 1023 3468 sterilis.
1066 3403 1177 3469 Parra
1198 3403 1286 3469 enim
1308 3409 1342 3468 ct
1393 3411 1625 3486 expavescunt.
1658 3403 1833 3469 Caeterum
1856 3402 1987 3469 tametsi
2004 3403 2099 3468 initio
2116 3403 2253 3487 gravius
2269 3419 2362 3485 quam

367 3488 619 3573 contemptibilis
636 3489 736 3573 origo,
754 3487 837 3555 lenti
857 3497 890 3554 ot
908 3488 1031 3556 debiles
1048 3509 1251 3574 progressus,
1269 3509 1342 3572 pro·
1393 3509 1454 3572 par
1475 3497 1526 3554 001
1547 3488 1706 3569 10010100,
1728 3495 1762 3554 01
1778 3489 1814 3553 10
1830 3487 2003 3555 fremitum
2025 3509 2211 3573 erumpens,
2234 3487 2363 3554 modum

366 3577 591 3661 pagationem,
615 3595 698 3659 quae
718 3583 831 3660 postea
852 3595 910 3659 spe
932 3581 967 3639 et
987 3575 1139 3658 opinione
1162 3575 1268 3641 maior
1289 3595 1340 3640 se·
1393 3581 1427 3639 01
1448 3575 1639 3658 temperiem
1660 3595 1726 3640 non
1747 3582 1873 3641 servat:
1903 3575 2000 3660 00010
2027 3575 2100 3657 post
2128 3581 2240 3640 tamen
2262 3592 2363 3638 reme·

365 3663 484 3746 quitur,
507 3660 627 3726 clarius
645 3659 828 3726 illustrant:
852 3669 890 3726 01
911 3660 1051 3726 sciamus
1069 3660 1200 3727 coelesti
1218 3660 1341 3728 virtute
1393 3659 1483 3725 dium
1518 3659 1651 3726 adhibet
1682 3681 1721 3728 ao
1749 3660 1903 3726 solatium
1931 3659 2034 3726 dolori
2063 3680 2132 3726 sno.
2184 3660 2294 3743 Atque
2322 3657 2364 3721 110

294 3796 301 3812 .
365 3757 400 3813 01
421 3747 616 3833 gratianos
638 3745 743 3812 modis
770 3746 973 3812 naturalibus
1001 3746 1171 3813 ecclesiam
1194 3747 1285 3812 nasci
1307 3754 1341 3812 et
1393 3766 1452 3812 000
1474 3746 1625 3830 exemplo
1647 3747 1740 3812 nobis
1761 3745 1963 3830 praescribit,
1986 3744 2129 3812 dandam
2146 3766 2217 3812 essa
2235 3761 2363 3829 operam

365 3854 518 3901 crescere.
570 3831 662 3898 Fieri
691 3830 820 3917 quidem
849 3839 955 3916 potest
985 3840 1022 3897 ut
1050 3833 1143 3899 11000
1174 3831 1341 3899 immodici
1393 3832 1612 3898 0010001οι
1642 3832 1750 3897 anxiis
1780 3832 1917 3898 nimium
1946 3831 2177 3916 indulgeamus
2206 3831 2364 3908 tristitiae,

366 3917 488 3986 amoris
505 3938 675 3984 excessum
693 3919 857 4003 corrigere
874 3916 928 3983 001
949 3923 1131 4001 1000000000
1149 3918 1288 3985 00100011
1305 3918 1341 3984 10
1392 3918 1445 3984 001
1478 3937 1573 3984 caeca
1606 3926 1768 3983 tormenta
1799 3918 1890 3984 intus
1920 3918 2085 3996 foventes,
2125 3917 2224 3985 corda
2255 3922 2365 3981 nostra

366 4006 475 4072 Isaac:
499 4003 557 4070 sed
578 4004 635 4069 illa
656 4003 740 4070 ratio
762 4004 795 4068 in
818 4003 933 4087 primis
956 4003 1167 4083 observanda,
1190 4011 1341 4070 sanctum
1393 4024 1537 4069 uranias.
1580 4003 1711 4069 Primos
1742 4003 1873 4087 quidem
1913 4012 2023 4068 motus
2056 4003 2206 4069 cohibere
2236 3999 2365 4068 difficile

330 4169 333 4176 ¹
366 4112 479 4158 semen
498 4109 515 4152 0
537 4088 626 4155 coelo
649 4088 773 4168 donari,
797 4110 862 4155 non
884 4090 1047 4154 communi
1068 4096 1206 4155 naturae
1227 4089 1341 4156 ordine
1394 4096 1459 4154 est:
1488 4109 1603 4155 verum
1629 4090 1721 4173 prins
1743 4110 1820 4155 nam
1849 4090 2061 4172 impotentius
2082 4109 2118 4158 00
2140 4088 2291 4166 efferant,
2315 4105 2366 4150 eos

367 4176 458 4242 nasci
492 4175 689 4260 oportuisse:
723 4184 760 4239 ut
792 4175 962 4241 ecclesiam
995 4196 1061 4240 non
1094 4196 1136 4239 ex
1168 4175 1341 4241 hominum
1393 4176 1551 4251 fraenare,
1576 4183 1608 4239 et
1629 4175 1665 4239 in
1686 4196 1724 4240 00
1749 4175 1833 4241 'nom
1855 4195 1972 4259 cogere
1992 4181 2130 4258 oportet.
2172 4174 2280 4240 Acin
2302 4171 2364 4257 pri·

367 4261 529 4328 industria
556 4261 744 4344 provenire,
774 4259 831 4326 sed
853 4283 874 4328 a
895 4261 964 4326 sola
984 4261 1050 4326 Dei
1076 4261 1183 4346 gratia
1208 4281 1342 4327 manare
1394 4261 1457 4326 mis
1486 4282 1506 4327 a
1535 4259 1679 4335 Domino
1709 4260 1850 4345 petenda
1881 4269 1932 4328 est
1963 4259 2159 4326 moderatio:
2196 4261 2283 4326 sicut
2316 4257 2365 4322 bic

368 4348 541 4414 discamus.
1393 4348 1492 4412 refert
1513 4346 1624 4412 Moses
1653 4345 1752 4413 ivisse
1773 4345 1956 4413 Rebeccam
1978 4353 2016 4412 ut
2036 4345 2220 4412 Dominum
2247 4363 2364 4412 conen·

454 4433 506 4499 21.
537 4431 582 4498 Et
611 4432 725 4512 00001,
755 4437 807 4498 cta.
835 4451 898 4514 pro
929 4451 1027 4497 uxore
1054 4451 1122 4498 aaa.
1167 4431 1257 4498 Sunt
1282 4432 1340 4582 301
1393 4431 1484 4511 10001,
1507 4431 1585 4515 quia
1606 4431 1729 4498 scilicet
1756 4432 1840 4498 nibil
1868 4430 2012 4499 sedando
2043 4433 2154 4498 animo
2176 4451 2235 4498 000
2258 4431 2365 4514 aptius

1303 4538 1341 4584 eo
1392 4516 1463 4582 1000
1483 4518 1627 4598 0000011,
1655 4518 1802 4601 quamsi
1824 4517 1865 4584 de
1887 4516 2021 4585 consilio
2043 4519 2109 4584 Dei
2129 4517 2215 4584 10010
2235 4516 2365 4592 certior,

366 4605 501 4684 factum,
524 4604 791 4688 utipsaquoqne
813 4603 947 4670 adderet
969 4623 1045 4668 0000
1067 4624 1187 4685 preces,
1210 4611 1341 4670 01000-
1392 4623 1464 4669 sese
1496 4603 1538 4668 ad
1570 4603 1640 4670 0100
1673 4603 1890 4670 obedientiam
1930 4611 2150 4688 componeret.
2207 4600 2367 4684 Quamvis

368 4691 505 4757 iunctim
533 4688 606 4754 Deo
635 4689 874 4773 supplicarent:
905 4688 962 4754 sed
992 4689 1096 4755 altera
1122 4689 1232 4756 000010
1261 4690 1340 4755 sim·
1392 4689 1482 4755 enim
1504 4689 1599 4755 triste
1621 4709 1826 4773 responsum,
1851 4690 1904 4755 001
1927 4690 2039 4756 minus
2060 4688 2202 4772 optabile
2223 4687 2365 4763 daretur,

368 4777 491 4876 0110100.
537 4774 640 4840 Porro
665 4774 779 4840 orandi
804 4774 951 4840 studium
983 4782 1124 4842 testatur
1155 4775 1249 4842 Isaac
1277 4775 1342 4840 sci·
1392 4774 1544 4841 levamen
1572 4775 1670 4841 simul
1697 4775 1827 4927 011ἒοοά
1849 4796 1869 4841 0
1891 4776 1962 4841 1100
1997 4775 2138 4860 propitio
2164 4771 2367 4858 0000001110

369 4883 456 4928 visse
476 4882 512 4927 se
533 4859 605 4926 ideo
626 4860 738 4926 liberis
759 4860 885 4945 privari
906 4859 991 4944 quod
1008 4862 1101 4928 Deus
1122 4883 1187 4929 000
1213 4859 1341 4927 benedi·
1392 4881 1456 4944 quo
1477 4856 1704 4945 acquiesceret.
1768 4859 1807 4926 ed
1825 4861 1879 4928 bic
1897 4861 2036 4944 emergit
2052 4863 2210 4944 quaestio,
2226 4859 2368 4942 qualiter

368 4948 482 5014 xisset.
536 4945 663 5011 Deinde
702 4945 954 5013 foecunditatem
986 4948 1148 5030 peculiare
1176 4967 1248 5014 esse
1274 4945 1340 5013 Dei
1392 4947 1541 5014 Rebecca
1573 4947 1682 5013 Deum
1721 4947 1931 5013 consuluerit.
1985 4945 2169 5013 Multorum
2188 4949 2367 5012 'consensu

367 5032 500 5099 donum.
533 5031 678 5098 Tametsi
697 5032 784 5097 onim
803 5052 916 5117 sparsa
933 5040 966 5096 et
982 5031 1219 5116 quodammodo
1236 5034 1340 5099 effusa
1391 5040 1523 5116 recepta
1549 5032 1660 5117 opinio
1688 5040 1753 5111 cst,
1781 5033 1982 5099 sciscitatum
2011 5054 2053 5098 cx
2074 5033 2185 5118 aliquo
2206 5031 2367 5116 propheta

367 5119 431 5184 1011
461 5120 496 5184 10
529 5105 633 5182 tolum
667 5118 847 5184 humanum
881 5139 985 5203 genus
1017 5120 1124 5202 gratia
1156 5119 1340 5204 ginandac
1391 5139 1464 5184 0000
1493 5117 1648 5202 quidnam
1677 5119 1739 5185 100
1768 5124 1855 5184 00001
1882 5118 2029 5184 monstri.
2078 5119 2124 5184 ut
2153 5117 2292 5184 videtur
2319 5118 2366 5180 in·

369 5204 502 5284 sobolis,
524 5224 625 5286 quum
646 5223 759 5271 vocem
781 5204 872 5269 illam
893 5203 1032 5288 protulit
1053 5205 1159 5284 Deus,
1184 5141 1339 5284 drosaico,
1391 5225 1493 5270 00000
1525 5204 1636 5270 Moses
1666 5203 1775 5287 aliquo
1809 5205 1987 5287 profectam
2020 5223 2091 5272 csse
2123 5210 2161 5269 01
2198 5203 2368 5269 oraculum

368 5299 404 5354 et
424 5287 702 5373 multiplicamini:
732 5298 770 5356 nt
797 5298 907 5356 tamen
937 5290 1078 5356 sciamus
1107 5311 1174 5357 non
1203 5289 1339 5356 10010110
1390 5289 1529 5356 audiret.
1582 5288 1650 5355 Sed
1683 5290 1834 5373 quoniam
1868 5289 2026 5356 divinatio
2058 5290 2116 5357 illa
2148 5289 2231 5356 nihil
2267 5287 2367 5352 habet

369 5375 459 5440 nasci
491 5374 656 5456 homines,
690 5377 779 5442 varie
809 5375 965 5461 gignendi
993 5375 1134 5460 gratiam
1162 5375 1337 5443 distribuit.
1390 5375 1519 5455 coloris,
1539 5377 1646 5460 magis
1668 5376 1704 5441 in
1726 5375 1890 5441 diversam
1910 5383 2037 5461 partem
2060 5376 2190 5456 inclino,
2213 5373 2303 5458 quod
2322 5395 2370 5439 se-
