5022 6192
961 423 1326 497 Puouueouuua.
2094 441 2148 506 XI

159 646 287 694 errores
309 624 506 708 uestigantes
529 639 623 686 veras
644 625 677 685 et
699 638 795 684 sanas
816 617 1053 702 interpretandi
1069 615 1160 704 leges
1180 627 1419 704 proposuerunt
1436 628 1469 688 et
1486 629 1676 708 exegerunt.
1713 621 1803 707 Quos
1825 626 1935 694 statim
1953 633 1987 694 et
2002 629 2149 712 proxime

157 749 296 824 sequuta
317 746 366 804 est
387 734 569 802 olarissima
588 731 646 798 illa
673 730 818 819 phqlanx
840 729 1063 814 theologorum
1085 731 1371 816 Vitebergensium
1394 733 1623 801 Turioeusium
1645 737 1973 820 Argentoratensium
1994 739 2150 806 aliorum·

157 872 229 936 que,
252 850 307 934 qui
329 849 434 913 luoem
457 843 619 928 evangelii
641 842 762 908 dudum
785 843 845 908 sub
867 841 977 907 modio
1003 842 1159 926 positam,
1188 843 1254 907 iam
1276 843 1455 927 exploratis
1476 847 1657 930 seripturae
1685 865 1797 914 saorae
1817 849 2041 932 penetralibus
2062 869 2150 918 novo

157 960 332 1050 splendore
352 957 543 1044 fulgentem,
565 953 636 1021 orbi
656 963 819 1020 terrarum
841 953 975 1018 miranti
998 961 1031 1017 et
1052 951 1208 1037 gaudenti
1230 953 1430 1021 obtulerunt.

311 1073 393 1140 Post
412 1091 469 1136 eos
492 1065 623 1133 demum
646 1067 679 1131 iu
702 1085 836 1132 arenam
859 1063 1025 1131 deseendit
1048 1064 1165 1132 Gallus
1186 1065 1242 1131 ille
1263 1066 1335 1150 qui,
1364 1076 1397 1133 et
1418 1065 1482 1133 lide
1504 1076 1539 1133 et
1560 1067 1708 1136 doetrina
1736 1070 1819 1136 nulli
1846 1069 1997 1151 inferior,
2025 1072 2151 1158 ingenii

157 1185 319 1262 aoumine,
341 1182 419 1268 styli
442 1179 618 1263 elegantia,
646 1177 875 1262 perspiouitate
897 1176 1053 1243 orationis
1074 1196 1187 1242 omues
1209 1175 1296 1244 illioo
1317 1179 1499 1262 superavit,
1525 1179 1613 1246 iuter
1642 1199 1722 1246 suae
1744 1184 1858 1248 aetabs
1879 1189 2034 1269 exegetas
2055 1184 2151 1252 faoile

156 1299 323 1384 prinoeps,
352 1293 417 1360 imo
439 1298 473 1358 et
494 1292 580 1356 inter
601 1307 803 1356 sueoeseores
824 1288 880 1353 diu
907 1288 1110 1370 multumque
1138 1294 1300 1372 κορυφαῖος
1322 1290 1553 1356 aestimandus.
1597 1291 1662 1356 Vel
1688 1293 1758 1376 ipso
1779 1293 1984 1360 voluminum
2012 1315 2150 1363 numero

155 1410 244 1476 inter
264 1425 386 1492 pauoos
407 1403 538 1470 eminet.
581 1399 873 1484 Comprehendere
894 1398 980 1464 enim
1009 1398 1080 1464 eius
1109 1419 1208 1483 opera
1234 1400 1403 1485 exegetica
1430 1402 1609 1469 maximam
1637 1409 1764 1488 partem
1793 1411 1943 1472 textuum
1973 1425 2149 1489 saororum,

156 1521 278 1588 soilieet
301 1541 341 1584 ex
364 1517 485 1583 Vetere
506 1514 716 1579 Testamento
738 1521 869 1595 praeter
895 1528 994 1595 supra
1022 1509 1173 1576 laudatos
1194 1513 1291 1577 etiam
1314 1513 1458 1596 primum
1480 1511 1644 1580 Samuelis
1665 1513 1787 1582 librum
1808 1524 1842 1582 et
1862 1515 1995 1597 Jobum,
2017 1519 2149 1585 Novum

156 1652 234 1700 vero
256 1631 503 1695 Testamentum
529 1627 713 1709 integrum,
744 1623 771 1687 si
793 1621 1012 1705 Apocalypsin
1042 1622 1185 1706 eroipias
1213 1633 1247 1686 et
1276 1621 1359 1688 duas
1387 1625 1532 1690 minores
1560 1624 1715 1708 epistolae
1736 1625 1907 1694 Ioanneas.
1952 1631 2061 1712 Atque
2082 1643 2151 1694 non

155 1763 275 1830 pauoas
297 1739 416 1808 eodieis
438 1737 547 1804 biblici
568 1743 679 1819 partes
701 1732 751 1800 bis
773 1733 943 1808 traetavit,
973 1741 1043 1798 tum
1067 1732 1262 1800 deotioribus
1284 1741 1355 1799 turm
1377 1733 1411 1799 in
1435 1734 1526 1820 vulgi
1556 1749 1654 1803 usum
1683 1737 1951 1822 interpretatione
1973 1757 2151 1807 aooommo·

156 1855 242 1922 data.
286 1851 359 1919 Iam
382 1859 418 1916 tu
441 1833 597 1916 memoria
620 1853 733 1911 teneas
755 1845 912 1928 velimus,
942 1865 1018 1911 eum
1048 1855 1175 1911 tantam
1205 1857 1337 1928 tamque
1365 1866 1500 1931 gravem
1530 1847 1687 1915 librorum
1717 1848 1837 1916 molem
1859 1853 1945 1916 inter
1966 1851 2071 1918 multa
2090 1851 2154 1918 alia

156 1967 373 2052 gravioraque
394 1960 502 2028 studia
524 1970 558 2024 et
579 1957 760 2026 oertamina
778 1955 980 2035 uendidisse,
1010 1955 1211 2040 quotidianis
1239 1957 1308 2022 fere
1330 1955 1537 2024 sermonibus
1565 1969 1599 2024 et
1620 1958 1813 2026 lectionibus
1834 1963 1977 2044 publioe,
2007 1963 2153 2046 epistolis

155 2073 336 2145 scribendis
358 2073 513 2158 privatim
537 2070 739 2146 distraetum,
763 2067 917 2134 eoelesiae
940 2066 1145 2134 Geneveneis
1167 2067 1342 2135 sollieitum
1364 2069 1556 2150 antistitem,
1578 2071 1764 2137 eonsistorii
1780 2091 1894 2137 revera
1916 2084 2084 2155 reatorem,
2106 2075 2155 2140 rei

154 2187 306 2273 publioae
326 2185 505 2252 oifioiosum
527 2181 757 2258 oonsiliarium,
781 2178 960 2263 evangelii,
987 2180 1086 2245 etiarn
1106 2181 1172 2260 sui,
1203 2187 1318 2248 eontra
1339 2179 1544 2246 adversarios
1573 2189 1743 2249 strenuum
1774 2182 1936 2250 vindioem
1963 2193 1998 2250 et
2026 2206 2154 2271 semper

154 2307 318 2383 paratum.
362 2294 491 2377 Quibus
512 2292 663 2358 omnibus
685 2289 871 2368 aooedebat,
894 2298 932 2356 ut
951 2311 1027 2357 oum
1050 2291 1209 2375 Apostolo
1229 2291 1415 2374 loquamur,
1444 2290 1461 2370 ἡ
1483 2291 1674 2368 &moeso
1695 2291 1712 2370 ἡ
1734 2293 1808 2358 καθ’
1831 2293 1958 2376 ἡμέραν,
1981 2294 2000 2375 ἤ
2021 2303 2153 2381 μέριμνα

154 2411 346 2474 nieustria
371 2407 530 2485 ἐκκλησιῶν
557 2423 617 2488 per
646 2402 791 2468 Galliam
818 2401 1026 2468 Britanniam
1053 2401 1221 2468 Poloniam
1252 2402 1468 2469 Germaniam
1496 2403 1640 2487 aliasque
1669 2413 1774 2471 terras
1803 2413 1871 2472 tam
1900 2407 2024 2472 rioinas
2052 2425 2150 2492 quarn

155 2527 344 2603 extraneas,
365 2538 404 2585 eo
425 2517 517 2601 quasi
541 2512 832 2599 superintendente
853 2511 991 2580 subinde
1014 2515 1228 2594 nascentium,
1251 2514 1516 2599 perialitantlum,
1538 2516 1631 2581 varia
1653 2515 1842 2583 disorimina
1864 2517 2084 2585 subeuntium.

311 2629 510 2696 Primarium
539 2625 634 2692 illum
664 2625 769 2692 looum
793 2623 932 2692 Calvino
961 2626 1135 2692 tribuimus
1163 2645 1201 2692 oo
1222 2626 1427 2709 potissimum
1449 2627 1581 2692 nomine
1603 2627 1705 2711 quod,
1735 2626 1814 2694 dum
1843 2650 1910 2694 uon
1931 2630 2052 2698 minori
2073 2647 2153 2698 eura

154 2763 256 2828 quam
286 2740 341 2806 alii
369 2760 412 2806 ex
440 2739 585 2805 textibus
615 2737 716 2803 saone
749 2757 787 2802 ea
815 2736 931 2802 elioere
958 2745 991 2802 et
1023 2737 1189 2802 illustrare
1221 2736 1372 2802 studebat
1399 2757 1482 2820 quae
1507 2736 1548 2802 ud
1577 2737 1729 2820 pietatem
1762 2749 1796 2804 et
1826 2759 1932 2806 mores
1964 2741 2152 2810 formandos

154 2861 316 2940 spectant,
339 2872 403 2917 non
421 2871 539 2936 parum
557 2849 734 2915 attenderit
751 2847 792 2914 ad
809 2866 940 2915 sensum
962 2847 1163 2927 historioum,
1182 2847 1378 2932 scriptorum
1395 2848 1541 2933 ipsorum
1558 2869 1611 2915 rea
1628 2847 1695 2915 iata
1711 2849 1820 2916 studia
1837 2849 1950 2918 seduld
1967 2853 2153 2938 respitiens,

155 2975 189 3031 et
212 2965 260 3032 sio
281 2962 383 3030 solido
405 2962 616 3028 fundamento
637 2961 741 3045 posito
763 2960 804 3026 ud
827 2957 1007 3026 doetrinam
1038 2959 1112 3026 usui
1137 2959 1309 3026 christiani
1330 2959 1459 3026 leoteria
1487 2959 1662 3044 aptandum
1691 2961 1871 3030 aooesserit.
1915 2963 2005 3032 Hine
2026 2977 2153 3049 quoque

153 3077 279 3144 laetum
303 3086 354 3141 est
375 3083 412 3139 ut
433 3073 621 3156 saepissime
642 3072 794 3149 aliorum,
824 3072 968 3137 maxime
988 3055 1152 3150 veterum,
1182 3081 1377 3154 argumenta
1398 3070 1439 3136 ud
1461 3071 1646 3158 analogiam
1667 3071 1744 3139 fidei
1765 3093 1863 3157 quarn
1885 3081 2005 3142 vooant
2026 3085 2153 3161 exaota,

154 3195 272 3274 utpote
294 3205 410 3271 parum
430 3186 527 3252 firma
548 3191 581 3248 et
602 3204 620 3249 e
641 3183 819 3268 longinquo
840 3184 994 3267 repetita,
1017 3179 1070 3248 vel
1091 3182 1275 3268 neglexerit
1296 3191 1331 3249 et
1352 3182 1446 3268 parri
1466 3182 1595 3264 feeerit,
1618 3183 1669 3250 vel
1692 3183 1801 3268 polam
1821 3192 1854 3250 et
1875 3207 1917 3252 ex
1939 3187 2082 3271 professo
2103 3209 2154 3254 re·

153 3299 312 3385 pudiarit.
357 3295 395 3366 Si
416 3296 499 3364 mihi
521 3313 573 3362 res
595 3315 670 3362 eum
691 3295 864 3362 haeretiois
886 3301 986 3373 esset,
1016 3293 1063 3359 ait
1085 3292 1126 3359 ad
1148 3292 1207 3361 Ios.
1230 3295 1262 3379 6,
1284 3294 1315 3378 3,
1337 3292 1469 3360 medem
1491 3293 1690 3362 firmioribus
1712 3295 1907 3365 testimoniis
1929 3297 1980 3364 uti
2001 3295 2043 3364 ad
2065 3319 2153 3366 asse·

150 3411 293 3478 rendam
315 3409 507 3486 trinitatem,
529 3427 627 3492 quam
649 3405 734 3490 quod
756 3427 797 3471 ex
819 3407 881 3474 hoo
902 3405 972 3473 loeo
991 3417 1102 3489 petere
1120 3403 1267 3472 duotores
1287 3414 1538 3472 oonsueverunt.
1574 3403 1707 3472 Seilioet
1723 3425 1800 3473 eum
1821 3408 1858 3474 in
1878 3407 1967 3476 huno
1987 3413 2153 3478 tramitem

152 3523 349 3590 direxerunt
370 3518 479 3586 studia
500 3519 636 3586 olassioa
658 3517 774 3601 quibus
795 3517 940 3582 maximo
962 3536 1036 3584 oum
1059 3517 1167 3583 fruotu
1188 3516 1265 3583 olim
1288 3517 1495 3600 ineubuerat,
1522 3523 1556 3582 et
1580 3535 1717 3604 quorum
1739 3518 1881 3602 plurima
1902 3519 2096 3588 dooumenta
2117 3525 2153 3590 in

152 3633 239 3719 ipsis
261 3630 505 3703 oommentariis
527 3636 667 3697 exstant.
711 3627 872 3714 Exemplo
901 3629 969 3696 sint
996 3627 1091 3694 liberi
1119 3625 1231 3696 iudieii
1258 3648 1342 3712 quae
1370 3628 1485 3694 statuit
1513 3627 1553 3695 de
1574 3627 1672 3695 certis
1701 3629 1893 3713 quibusdam
1915 3631 1993 3699 loeis
2015 3653 2097 3717 quae
2118 3641 2153 3702 et

150 3755 234 3813 ante
262 3754 296 3812 et
323 3753 397 3828 post
425 3763 499 3809 eum
529 3763 571 3808 ex
600 3740 721 3806 Vetere
749 3741 958 3807 Testamenta
985 3737 1101 3807 adduoi
1129 3739 1293 3818 solebant,
1325 3739 1379 3804 vel
1409 3740 1449 3805 ad
1479 3739 1674 3807 stabilienda
1702 3739 1855 3826 dogmata
1886 3743 2104 3812 eoelosiastioa
2132 3765 2153 3812 a

150 3855 326 3942 prophetis
348 3873 551 3938 nequaquam
574 3851 695 3918 diserte
715 3851 850 3928 tradita,
879 3851 934 3916 vel
957 3850 1132 3934 praeterito
1153 3851 1302 3934 proximo
1328 3871 1426 3918 sensu
1448 3852 1611 3918 immerito
1633 3850 1675 3916 ed
1696 3853 1844 3918 laturum
1867 3855 1997 3937 generis
2017 3854 2153 3925 humani

152 3968 356 4034 salvatorem
378 3965 601 4031 trahebantur.
646 3963 722 4048 Ipse
743 3963 867 4031 eoilioet
895 3969 971 4030 ante
997 3963 1107 4028 omnia
1134 3960 1197 4028 sibi
1227 3961 1474 4047 disquirendum
1500 3983 1572 4030 esse
1600 3962 1752 4047 putabat,
1781 3963 1877 4048 quale
1905 3965 2003 4032 fuerit
2028 3971 2152 4038 autoris

151 4078 340 4157 eonsilium,
360 4077 482 4161 quidve
502 4077 651 4161 proxime
672 4073 854 4154 destinarit,
877 4073 958 4141 adeo
979 4083 1017 4140 ut
1038 4073 1091 4140 rel
1113 4073 1331 4158 apostolorum
1354 4075 1512 4140 autoritas
1531 4074 1567 4138 in
1590 4073 1708 4142 talibus
1730 4074 1816 4160 apud
1838 4097 1913 4143 eum
1936 4099 2002 4144 non
2023 4101 2152 4166 semper

152 4187 391 4276 praevaluerit.
427 4187 511 4254 'llum
534 4187 664 4254 demum
684 4185 848 4272 eogitabat
870 4185 910 4252 de
931 4205 1030 4251 sensu
1046 4185 1145 4251 latius
1168 4197 1201 4250 et
1221 4185 1411 4268 theologiae,
1433 4185 1463 4250 si
1483 4204 1566 4269 opus
1587 4197 1674 4252 esset
1695 4197 1728 4252 et
1749 4187 1917 4255 eommode
1938 4192 2009 4256 fieri
2032 4203 2150 4275 posset,

153 4297 365 4369 declarando.
401 4297 495 4380 Quod
518 4297 711 4383 praesertim
733 4299 767 4361 in
791 4297 1035 4365 Commentario
1057 4317 1155 4382 super
1176 4297 1324 4363 Psalmoe
1347 4296 1458 4362 videre
1479 4305 1537 4377 est,
1559 4295 1614 4362 ubi
1637 4305 1763 4362 tortum
1787 4319 1828 4364 ex
1850 4299 1986 4367 historia
2005 4303 2150 4387 primum

152 4413 327 4480 illustrare
348 4409 475 4489 studet,
505 4395 697 4477 messianioa
718 4429 802 4492 quae
823 4419 960 4476 voeatur
980 4408 1251 4494 interpretatione
1273 4407 1464 4475 seeundario
1486 4409 1556 4474 looo
1577 4409 1692 4491 posita,
1716 4417 1751 4473 ut
1768 4411 1911 4495 typioam
1929 4413 2034 4494 potius
2053 4435 2150 4497 quam

151 4522 384 4610 prophetioam
413 4521 544 4587 dixeris.
589 4521 699 4586 Etiam
732 4522 767 4586 in
789 4520 885 4587 Novo
907 4522 1116 4588 Testamento
1147 4521 1206 4588 hae
1233 4521 1383 4586 libertate
1412 4522 1531 4596 utitur,
1561 4521 1700 4586 fortasse
1727 4521 1852 4586 minore
1881 4523 1967 4604 iure,
2001 4532 2039 4587 ut
2067 4545 2150 4606 quae

152 4635 298 4721 apostoli
319 4641 489 4719 apponunt
510 4652 568 4698 suo
590 4651 681 4698 more
703 4642 737 4698 et
757 4645 860 4698 marte
882 4632 1044 4710 vatioiuia,
1066 4632 1206 4699 formula
1226 4631 1275 4694 iao
1295 4635 1445 4716 πληρωθῇ
1465 4628 1618 4710 adhibita,
1638 4632 1709 4714 ipse
1729 4630 1881 4696 audaoter
1902 4643 2016 4698 eontra
2037 4653 2149 4699 eorum

152 4757 304 4816 mentem
325 4745 366 4811 ad
390 4764 512 4810 meram
533 4743 716 4829 analogiam
738 4743 867 4810 referat.

315 4855 391 4938 Qua
412 4854 452 4922 de
474 4875 573 4922 eausa
591 4856 689 4921 etiam
711 4867 779 4922 tam
801 4855 902 4935 male,
930 4857 996 4924 imo
1025 4856 1181 4941 pessime,
1210 4855 1297 4939 apud
1319 4854 1530 4922 Lutheranos
1552 4853 1719 4932 audiebat,
1746 4853 1781 4918 in
1811 4854 1930 4919 talibus
1958 4853 2054 4937 plane
2076 4856 2150 4924 aliis

155 4969 290 5056 legibus
312 4967 565 5033 hermeneutiois
586 4967 766 5032 adstriotos.
800 4965 950 5048 Quorum
970 4965 1194 5070 iaspooalorqc
1212 4966 1370 5051 Aegidius
1382 4963 1548 5044 Hunnius,
1567 4964 1813 5048 Vitebergeusis
1834 4965 2013 5049 theologus,
2036 4979 2150 5034 eontra

154 5082 230 5147 eius
260 5077 416 5165 exegesin
445 5077 603 5144 famosum
627 5076 729 5142 edidit
756 5077 919 5164 libellum,
946 5079 1000 5161 qui
1028 5079 1099 5161 ipso
1127 5099 1186 5146 suo
1215 5077 1362 5160 longiore
1391 5076 1486 5141 titulo
1507 5074 1677 5144 veoordem
1706 5073 1815 5159 prodit
1842 5077 1962 5141 autoris
1992 5077 2147 5145 animum.

155 5194 247 5260 Eooe
269 5210 362 5257 eum:
388 5187 540 5256 Calvinae
556 5187 733 5270 iudaizare,
754 5189 808 5258 boe
828 5194 890 5257 eei:
912 5189 1063 5256 Iudaicae
1077 5190 1198 5274 glossae
1218 5189 1450 5270 eloompteloo
1465 5185 1577 5270 quibua
1594 5187 1749 5254 Iohannes
1762 5185 1913 5253 ouante
1930 5184 2149 5256 inmitissimo

154 5304 336 5386 suiplwae
362 5319 471 5368 aoeroe
497 5301 564 5367 loco
592 5305 620 5366 et
644 5301 832 5380 testimonia,
865 5301 903 5368 de
929 5297 1065 5384 gloriosa
1096 5299 1265 5378 Trinitate,
1293 5297 1418 5366 Deilute
1448 5299 1566 5364 Obrieti
1595 5304 1624 5364 et
1652 5297 1793 5382 spirita
1820 5298 1947 5454 miii·
1964 5299 2150 5380 aemam
