4988 6192
1032 354 1402 426 COMMENTARIUS
1424 357 1474 426 IN
1496 356 1710 425 aunuum.
2304 353 2364 420 ctu
2485 399 2486 440 ;

718 541 867 612 CAPUT
889 543 999 612 XLV.
1396 545 1531 628 quinquo
1550 545 1737 612 nnetamrias
1757 549 1862 612 cesus.
1893 544 1945 610 23.
1970 541 2063 610 Patri
2084 547 2187 608 auum
2203 561 2261 608 suo
2280 543 2366 610 misit

1396 630 1562 697 scamium
1583 631 1649 710 loc,
1671 631 1773 698 decem
1789 631 1896 698 asinos
1914 631 2046 710 screnus
2074 629 2112 694 de
2139 629 2214 694 tono
2233 627 2366 711 Aepypni

465 714 492 779 1.
519 714 607 780 Tunc
627 733 687 778 non
709 713 813 796 potuit
835 712 947 798 Ioseph
968 733 1000 780 se
1020 715 1219 798 comprimere
1243 735 1346 782 coram
1397 718 1546 784 adeam
1556 718 1668 784 amnas
1685 717 2023 799 fantesfrumentum,
2044 719 2203 798 erponem,
2224 718 2253 778 et
2268 732 2367 779 escam

376 799 518 868 omanus
539 799 595 881 qni
611 797 734 866 noiant
751 801 842 866 iacta
858 821 900 880 se,
920 801 1117 867 command:
1133 801 1266 869 Bducite
1285 821 1348 866 ortt·
1390 804 1481 884 patri
1501 822 1559 868 suo
1574 821 1637 884 pro
1657 803 1777 870 itinere.
1817 802 1869 867 24.
1892 801 1937 866 Bt
1958 799 2079 866 etimiut
2098 800 2218 882 fratres
2235 818 2319 877 aeos,
2339 802 2367 864 et

377 905 446 952 nem
476 886 582 951 omum
614 907 635 952 a
666 905 728 950 me:
759 890 788 950 et
816 905 878 950 non
909 888 989 952 stetit
1020 888 1186 970 quisquam
1218 907 1286 954 uem
1314 907 1348 953 ea
1398 888 1549 968 adierunt,
1577 893 1605 954 et
1633 888 1716 954 dicit
1743 887 1786 954 ad
1814 908 1877 954 ecs:
1906 883 1957 954 Ne
1982 883 2213 956 maneantur·
2240 885 2278 950 in
2304 883 2367 950 via.

377 971 500 1054 quando
511 969 657 1054 patefecit
673 991 706 1036 se
728 969 841 1054 Ioseph
860 971 1016 1053 frunitus
1035 973 1113 1038 suis.
1153 973 1183 1038 2.
1206 973 1250 1038 Bc
1271 973 1347 1040 emi-
1398 972 1450 1039 25.
1473 970 1517 1038 m
1537 973 1738 1040 ascenderunt
1758 993 1797 1038 ea
1813 975 1960 1056 Acpppto,
1984 975 2177 1038 etommunt
2197 969 2233 1036 in
2252 975 2368 1038 terram

376 1056 418 1123 sit
433 1077 532 1124 nocem
552 1076 645 1122 suom
664 1076 735 1123 eum
752 1057 844 1137 fletu:
868 1062 897 1122 et
916 1058 1086 1126 audierunt
1105 1056 1269 1142 Aeppptii,
1291 1079 1348 1124 au·
1401 1058 1555 1135 Gtcnaan,
1586 1061 1629 1126 ad
1652 1057 1787 1126 Iatacct
1808 1063 1934 1142 patrem
1956 1076 2059 1122 suum.
2103 1057 2154 1122 26.
2177 1055 2222 1122 Bt
2242 1057 2369 1122 nuncia·
2485 1077 2486 1100 ¹

377 1143 456 1208 dicit
483 1148 511 1208 et
538 1142 647 1210 domus
675 1140 863 1209 Pleuramis.
921 1143 951 1208 3.
980 1143 1076 1208 Dicit
1104 1151 1207 1210 autem
1238 1142 1350 1226 Ioseph
1399 1149 1508 1210 uerunt
1527 1144 1573 1224 ei,
1600 1144 1742 1212 dicendo:
1775 1143 1887 1210 Actae
1908 1142 2020 1226 Ioseph
2040 1143 2131 1208 uicit:
2151 1147 2180 1206 et
2199 1142 2281 1224 quod
2300 1143 2369 1223 ipse
2485 1149 2486 1152 ’

375 1227 530 1310 fratribus
550 1229 636 1294 suis.-
656 1228 726 1314 Epo
747 1248 818 1294 snm
836 1227 958 1311 Ioseph,
979 1249 1056 1294 num
1079 1229 1180 1296 actm
1200 1231 1276 1294 civit
1288 1249 1347 1312 pa-
1399 1229 1612 1296 dominorctnr
1630 1231 1666 1295 in
1688 1230 1773 1296 anmi
1792 1235 1878 1295 terra
1899 1229 2043 1313 Aepppti,
2067 1233 2095 1294 et
2115 1227 2301 1294 dissolutam
2324 1230 2368 1294 ast
2485 1247 2486 1256 ¹

376 1317 423 1378 ter
440 1311 554 1380 meus?
577 1317 680 1378 etnon
691 1318 857 1396 potuerunt
875 1313 992 1396 frames
1013 1315 1081 1382 eius
1098 1317 1281 1398 respondere
1302 1315 1349 1380 ei:
1400 1334 1451 1380 cor
1473 1317 1550 1394 eius,
1572 1315 1651 1399 quia
1672 1335 1734 1382 non
1749 1314 1887 1382 credebat
1907 1315 1961 1382 eis.
2013 1313 2064 1380 27.
2086 1311 2131 1378 m
2151 1313 2320 1380 retulerunt
2340 1312 2370 1378 ei
2485 1365 2486 1410 }

379 1397 457 1480 quia
484 1398 585 1466 territi
609 1403 697 1465 mant
725 1399 850 1481 afacie
878 1400 955 1466 eius.
1006 1399 1351 1483 enucleatiorem
1401 1401 1506 1466 omnia
1527 1401 1619 1466 cerba
1641 1399 1753 1483 Ioseph
1774 1421 1853 1484 quae
1874 1400 2019 1482 loquutus
2044 1399 2152 1481 fuerat
2176 1399 2219 1466 ad
2247 1419 2313 1466 eos:
2344 1401 2370 1464 et

377 1484 533 1567 fratribus
552 1484 638 1548 suis:
660 1485 802 1550 Accectte
816 1505 928 1567 quaeso
949 1486 992 1551 act
1008 1506 1066 1552 me.
1093 1485 1137 1550 Et
1151 1489 1349 1554 amesscrunt.
1400 1486 1612 1552 victitamus
1640 1506 1717 1568 quos
1742 1487 1870 1552 miserat
1891 1483 2004 1568 Ioseplt
2030 1489 2065 1550 ut
2089 1485 2206 1567 ferrent
2232 1505 2318 1560 mm,
2344 1487 2371 1550 et
2485 1489 2486 1498 ’

379 1567 425 1634 m
445 1570 543 1637 dicit:
564 1569 633 1654 Epo
653 1589 724 1634 sum
745 1569 859 1650 Ioseph
881 1573 984 1653 frater
1003 1575 1101 1639 resur
1129 1592 1219 1658 quem
1246 1571 1350 1637 cendi·
1400 1571 1514 1637 recinit
1541 1572 1676 1654 spiritus
1700 1569 1836 1638 Iatacob
1855 1572 1961 1652 patris
1984 1590 2097 1636 eonem.
2143 1571 2195 1638 28.
2217 1568 2263 1636 m
2289 1569 2372 1636 droit
2485 1567 2486 1574 ’

380 1655 474 1722 distis
491 1655 525 1720 in
542 1655 726 1740 Aeppptum.
762 1654 792 1720 5.
811 1653 855 1720 Et
871 1677 952 1722 nunc
972 1677 1011 1722 ne
1031 1658 1133 1724 dolore
1153 1656 1350 1740 afficiamini,
1401 1655 1522 1723 lsrael:
1551 1656 1684 1738 Sufficit
1708 1655 1810 1724 adhuc
1832 1655 1946 1737 Ioseph
1964 1655 2053 1737 ttius
2078 1676 2166 1724 naeus
2185 1658 2285 1723 cion:
2312 1654 2370 1734 ido,

381 1746 409 1806 et
430 1762 469 1808 ne
489 1741 593 1806 sitira
614 1741 756 1841 incautis
778 1742 887 1806 aarum
907 1739 1256 1823 quodcmdideritisme
1273 1743 1352 1808 buc:
1400 1743 1553 1809 etmdebo
1574 1762 1644 1808 eum
1661 1747 1827 1825 antequam
1847 1743 1975 1810 moriar.

382 1827 1099 1994 Wiffi,2it⁰fss'm'g²⁵ft„ffit⁰ffffi
1110 1829 1352 1994 iirsroefetliiitn·
1489 1913 1516 1979 1.
1535 1909 1579 1978 ot
1595 1932 1657 1977 non
1676 1913 1780 1994 potuit
1801 1911 1915 1997 Ioscptr
1931 1933 1964 1978 se
1980 1913 2138 1980 sommare.
2169 1913 2292 1978 Narrat
2313 1913 2371 1979 hoa

382 1997 443 2064 buc
470 2017 606 2080 qumque
637 1999 715 2063 anni
741 2001 814 2064 sac
842 1999 877 2063 in
902 1998 1016 2081 quidm
1040 2019 1102 2064 non
1124 2001 1184 2064 erit
1205 2000 1353 2066 aratioct
1401 1999 1507 2081 capite
1530 1998 1639 2064 Moses
1666 1998 1827 2080 quomodo
1856 2018 1892 2064 se
1921 1998 2075 2064 fratribus
2103 1999 2294 2082 patefecerit
2322 1999 2372 2064 Io-

381 2085 501 2150 mcssis.
544 2084 572 2149 t.
597 2083 641 2148 Bt
661 2084 747 2148 muit
763 2104 811 2148 mo
831 2083 922 2150 Deus
943 2090 1013 2150 ante
1032 2105 1095 2164 cos,
1116 2089 1151 2148 ut
1163 2105 1282 2166 ponam
1303 2104 1352 2149 aa
1401 2083 1491 2166 seph.
1520 2085 1569 2150 Ac
1587 2085 1692 2168 primo
1709 2083 1811 2163 docet,
1829 2083 1936 2167 ipsum
1955 2084 2017 2150 sibi
2040 2086 2107 2150 vim
2125 2085 2238 2150 fecisse
2259 2105 2372 2168 qnam·

381 2170 592 2252 hiereliquias
601 2170 638 2236 in
649 2173 745 2235 terra:
762 2174 790 2235 et
806 2169 1000 2252 nicicifioem
1017 2191 1070 2236 cos
1079 2171 1221 2236 evasione
1230 2191 1352 2254 mapna.
1402 2168 1459 2234 diu
1478 2178 1646 2235 austerum
1667 2189 1704 2236 ac
1726 2168 1844 2236 durum
1861 2169 1991 2236 vultum
2014 2190 2093 2254 prae
2112 2191 2147 2237 se
2169 2170 2253 2236 tulit.
2277 2170 2373 2237 Nunc

383 2259 413 2323 8.
438 2255 531 2320 Nunc
559 2256 662 2336 itaque
685 2274 747 2321 non
776 2275 829 2320 vos
849 2257 982 2322 misistis
1004 2276 1052 2320 me
1072 2255 1141 2335 buc,
1169 2257 1224 2322 sed
1243 2256 1353 2322 Dares:
1403 2255 1453 2320 vis
1483 2255 1620 2320 fraterni
1648 2257 1767 2320 amaris
1801 2275 1897 2339 quem
1924 2267 2158 2340 suppresserat,
2186 2257 2373 2338 quantisper

383 2347 411 2412 et
421 2343 533 2424 posuit
548 2361 596 2404 mc
617 2341 652 2406 in
668 2344 792 2422 patrem
811 2338 983 2418 Pharaoni,
1012 2347 1040 2407 et
1061 2343 1095 2406 in
1116 2343 1279 2408 dominum
1300 2341 1354 2406 toti
1403 2340 1548 2424 spirabat
1569 2349 1696 2406 atroces
1717 2339 1832 2416 minas,
1850 2341 1973 2406 maiore
1989 2342 2115 2424 impetu
2132 2362 2168 2408 se
2189 2339 2372 2425 profundit:

383 2427 490 2496 domui
510 2427 588 2510 eius,
610 2431 637 2490 et
657 2425 878 2492 dominatorem
894 2427 929 2490 in
944 2431 1008 2493 tota
1028 2432 1113 2492 terra
1135 2429 1278 2511 Aepppti.
1321 2427 1351 2491 9.
1403 2426 1490 2492 nude
1512 2433 1648 2508 apparet
1675 2446 1774 2508 quam
1796 2425 1881 2491 nihil
1909 2445 2045 2493 saevum
2068 2436 2124 2492 aut
2145 2426 2278 2493 crudele
2299 2435 2373 2492 aute

385 2512 551 2590 Festinato,
579 2517 607 2577 et
633 2511 788 2577 ascendite
813 2511 857 2576 ad
870 2517 994 2594 patrem
1014 2532 1124 2591 meum
1147 2517 1174 2578 ct
1195 2513 1285 2578 dicite
1306 2512 1353 2577 ei:
1403 2511 1559 2578 fueritin
1580 2511 1650 2578 eius
1671 2509 1790 2576 animo.
1838 2511 1911 2578 Iam
1933 2509 2017 2595 quod
2040 2513 2086 2578 ita
2107 2513 2250 2597 erumpit
2269 2513 2306 2576 in
2328 2511 2373 2576 la·

387 2599 440 2666 Sic
461 2597 537 2664 dicit
555 2597 645 2679 fitius
665 2601 738 2662 tuus
749 2594 878 2678 Ioseph:
902 2595 1014 2663 Posuit
1033 2597 1182 2664 meDmrs
1202 2599 1235 2662 in
1257 2598 1355 2664 duni·
1404 2617 1542 2682 crymas‚
1566 2595 1642 2679 plus
1663 2594 1771 2661 laudis
1792 2605 1937 2663 meretur
1957 2597 2020 2664 ista
2036 2597 2192 2664 mollities
2209 2598 2261 2665 vel
2284 2605 2373 2666 tene·

384 2705 462 2752 num
488 2684 543 2750 toti
565 2683 712 2766 Aeppptc,
744 2681 888 2747 descende
908 2684 951 2748 ml
971 2702 1030 2761 me,
1061 2704 1100 2748 ne
1120 2688 1189 2750 stes.
1237 2684 1287 2748 10.
1309 2683 1355 2748 Et
1404 2682 1513 2748 ritudo
1535 2682 1678 2765 quamsi
1700 2680 1867 2766 aequabile
1885 2692 2180 2767 temperamentum
2202 2691 2373 2750 servasset.

385 2769 540 2838 habitabis
561 2769 596 2834 in
618 2773 700 2834 terra
724 2766 836 2842 Gosen,
858 2771 885 2832 ct
906 2769 970 2832 eris
985 2770 1186 2851 propinquus
1206 2770 1305 2846 mibi,
1318 2773 1354 2835 tu
1404 2767 1513 2834 Stulte
1542 2768 1630 2833 enim
1656 2765 1758 2834 Stoici
1787 2767 1952 2835 heroicam
1977 2769 2136 2834 virtutem
2164 2790 2236 2836 esse
2262 2769 2374 2835 dieunt

386 2853 696 2939 austeritatum
715 2851 856 2933 fitiorum
873 2857 1005 2931 tuorum,
1027 2861 1056 2920 et
1066 2855 1202 2934 penedes
1221 2860 1304 2934 tuae,
1327 2859 1354 2918 et
1406 2853 1626 2920 misericordia
1647 2875 1715 2918 non
1737 2855 1838 2938 tangi.
1882 2854 1986 2937 Atqui
2006 2854 2034 2922 si
2056 2855 2245 2922 inflexibilis
2267 2855 2374 2921 stetis·

386 2941 473 3008 boves
496 2939 553 3020 tui,
585 2944 613 3004 et
641 2940 745 3003 ornnia
773 2958 852 3020 quac
880 2945 953 3003 sunt
980 2940 1044 3004 tibi.
1087 2940 1136 3005 11.
1159 2939 1204 3005 Bt
1224 2939 1310 3006 amm
1326 2945 1355 3008 te
1405 2947 1456 3004 set
1475 2938 1605 3023 Ioseph,
1627 2941 1698 3022 quis
1720 2958 1786 3004 uon
1808 2940 2040 3022 pronunciaret
2061 2941 2112 3006 val
2131 2940 2299 3026 stupidum
2323 2939 2374 3007 vel

387 3027 442 3104 ibi,
464 3027 541 3109 quia
558 3023 659 3090 adhuc
675 3025 811 3106 quinque
828 3024 906 3089 anni
925 3024 1025 3106 samis
1045 3030 1134 3091 sunt:
1155 3046 1193 3092 ne
1207 3027 1288 3108 forte
1303 3028 1354 3091 in·
1405 3024 1550 3092 ferreum
1578 3025 1679 3090 fuisse
1702 3023 1891 3090 hominem?
1923 3025 2021 3091 Nunc
2038 3033 2148 3092 antem
2168 3026 2308 3094 violenta
2330 3025 2375 3090 af·

388 3113 462 3197 cpia
488 3110 536 3178 oet
548 3115 682 3193 apostate
699 3111 874 3190 mnficiaris
901 3114 935 3176 tu
956 3115 984 3176 et
1005 3111 1115 3177 domus
1134 3116 1199 3188 tua,
1221 3117 1250 3177 et
1269 3132 1356 3176 mune
1405 3111 1492 3176 fectu
1531 3131 1566 3176 se
1597 3109 1706 3192 prodit
1737 3117 1804 3174 tam
1839 3110 1970 3176 heroica
2008 3110 2079 3177 eius
2111 3112 2375 3197 magnanimitas,

389 3196 471 3280 quod
491 3200 534 3262 est
555 3193 620 3259 tibi.
657 3194 707 3259 12.
730 3194 775 3260 Bt
796 3215 866 3274 cccc,
889 3195 967 3260 carli
988 3199 1082 3262 nestri
1102 3197 1207 3264 vident
1227 3203 1254 3263 et
1275 3197 1356 3264 caeli
1406 3216 1504 3280 quam
1537 3193 1647 3260 diviua
1679 3194 1865 3275 moderatio,
1897 3195 1982 3280 quod
2013 3197 2081 3262 irae
2113 3205 2147 3262 et
2177 3197 2242 3262 odii
2276 3199 2376 3264 actor

387 3283 502 3367 fratris
522 3282 583 3346 mei
606 3280 775 3345 Beniamin
796 3281 877 3362 quod
894 3301 928 3346 cs
949 3301 1052 3347 meum
1075 3283 1210 3364 loquitur
1230 3283 1273 3348 od
1292 3302 1354 3349 cos.
1406 3281 1485 3348 fuit:
1506 3287 1544 3346 nt
1564 3279 1796 3346 tamardenter
1813 3291 1939 3356 amaret
1959 3281 2017 3365 qui
2033 3281 2169 3348 sceleste
2191 3283 2233 3348 ad
2254 3282 2376 3350 maehi-

391 3369 442 3438 13.
465 3366 620 3432 Nunciate
635 3369 739 3432 auum
756 3366 847 3449 patri
875 3386 940 3432 meo
961 3387 1080 3434 munem
1098 3369 1232 3451 pariam
1255 3387 1357 3435 meam
1407 3365 1554 3432 nandum
1581 3365 1631 3430 illi
1658 3365 1798 3431 exitium
1827 3366 1919 3432 nulla
1940 3366 2062 3433 iniuria
2083 3367 2227 3435 lacessiti
2247 3369 2375 3452 conspi-

390 3455 427 3520 in
454 3455 600 3538 Aepppto,
627 3457 655 3516 et
682 3454 787 3517 munia
812 3470 892 3534 quae
918 3453 1055 3518 uidistis.-
1085 3453 1300 3536 attestante,
1330 3458 1358 3518 ct
1406 3459 1569 3518 raserunt.
1604 3449 1700 3518 Iubet
1721 3459 1830 3518 autom
1851 3472 1965 3520 amnes
1985 3450 2084 3531 abire,
2107 3474 2172 3519 uon
2194 3453 2282 3537 quod
2303 3474 2375 3520 eum

391 3538 673 3622 desmndmesacite
690 3542 813 3618 patrem
833 3557 935 3602 meum
955 3537 1022 3604 luc.
1048 3539 1097 3604 14.
1120 3541 1164 3607 Bt
1180 3542 1306 3607 iactauit
1326 3560 1359 3606 se
1407 3537 1528 3622 pudeat
1557 3536 1609 3601 sui
1638 3537 1767 3622 generis
1802 3534 1921 3624 (neque
1951 3537 2040 3604 euim
2068 3537 2253 3606 dissimulat
2283 3538 2375 3625 paule

390 3646 484 3709 super
499 3624 609 3690 collum
620 3623 792 3690 Beniamin
811 3622 925 3704 fratris
940 3625 1002 3704 sui,
1024 3630 1053 3689 et
1065 3626 1166 3705 flend.-
1186 3623 1359 3691 Beniamin
1408 3630 1482 3709 post
1509 3643 1580 3688 esse
1607 3621 1724 3690 fratres
1752 3644 1837 3700 snos,
1860 3643 1899 3690 ac
1924 3622 2065 3694 libenter
2084 3625 2209 3706 patitur
2235 3626 2273 3692 iu
2293 3626 2376 3711 pula-

391 3731 509 3795 qnoque
525 3711 608 3790 stent
629 3729 725 3791 super
745 3709 857 3774 collum
878 3710 956 3775 eius.
1002 3709 1361 3778 remoraturam
1408 3711 1492 3775 tium
1513 3709 1600 3794 regis
1622 3708 1743 3774 famam
1761 3707 1926 3795 perferri):
1950 3707 2007 3776 sed
2029 3729 2142 3775 eorum
2164 3708 2285 3795 pudori
2305 3730 2375 3778 con·

392 3817 495 3864 munes
514 3793 630 3878 fratres
646 3815 728 3868 suos,
750 3795 876 3875 atterit
891 3814 987 3876 super
1007 3816 1065 3875 cos,
1083 3802 1225 3879 etpostea
1242 3795 1360 3878 loquuti
1410 3795 1498 3874 sulit,
1520 3815 1563 3860 ne
1585 3793 1710 3860 facinus
1726 3793 1809 3860 illud
1832 3793 2022 3861 detestabile
2044 3795 2163 3878 multis,
2173 3797 2311 3863 testibus
2329 3799 2376 3862 iu·

392 3887 466 3949 sarit
485 3882 602 3964 fratres
622 3881 780 3950 eiuscum
801 3899 843 3944 eo.
890 3879 940 3946 16.
964 3880 1008 3945 Et
1037 3902 1098 3947 oon
1119 3883 1228 3948 cudda
1254 3887 1299 3946 est
1325 3883 1360 3946 in
1410 3888 1564 3946 notescat
1616 3881 1725 3962 Atque
1746 3879 1827 3946 haec
1856 3901 1922 3945 non
1945 3880 2063 3945 ultima
2089 3901 2166 3964 pars
2189 3881 2375 3948 clementiae

393 3969 482 4034 cona
504 3964 693 4043 Pharaonis,
722 3967 865 4032 cunco.-
908 3965 1062 4032 Venerunt
1092 3968 1208 4050 fratres
1237 3967 1359 4049 Ioseph,
1409 3967 1482 4047 fuit,
1502 3964 1587 4048 quod
1609 3963 1716 4030 voluit
1733 3965 1899 4048 sepultam
1920 3986 1992 4032 esse
2013 3985 2125 4032 eorum
2147 3965 2297 4034 dedecus.
2320 3967 2376 4031 Vi·

393 4051 559 4134 etptaacit
577 4052 613 4116 in
633 4051 731 4116 ocutis
754 4050 941 4131 Pharaonis,
969 4057 997 4118 ot
1023 4053 1058 4120 in
1085 4055 1182 4120 oeulis
1201 4073 1361 4119 servornm
1411 4052 1525 4118 demus
1543 4071 1620 4136 ergo
1638 4051 1805 4118 submotos
1822 4051 2032 4119 faissetestes
2053 4072 2120 4120 ucu
2140 4051 2205 4118 alia
2227 4051 2267 4118 de
2284 4072 2376 4118 causa

395 4141 471 4204 eius.
516 4139 567 4202 17.
590 4135 634 4202 Bt
653 4137 735 4201 dicit
758 4135 885 4202 Pharao
913 4137 956 4201 ad
973 4137 1098 4222 Ioseph:
1124 4139 1188 4206 Dia
1207 4138 1362 4214 fratribus
1411 4139 1475 4204 nisi
1505 4148 1543 4201 ut
1568 4135 1703 4202 liberius
1731 4138 1848 4203 fratres
1882 4139 2099 4204 confirmaret.
2152 4138 2267 4222 Neque
2295 4139 2376 4204 euim

396 4225 474 4289 tuis:
496 4223 564 4288 Hoc
582 4223 684 4305 faute,
707 4227 827 4287 onerate
847 4223 985 4287 iumenta
1007 4230 1118 4304 cestra,
1141 4230 1170 4290 et
1190 4225 1239 4304 ite,
1261 4225 1362 4308 inpre-
1411 4223 1516 4290 solum
1539 4221 1605 4287 illis
1626 4223 1778 4305 pepercit,
1808 4243 1919 4288 eorum
1948 4223 2074 4291 facinus
2103 4243 2169 4291 non
2193 4223 2376 4291 amnuens:

395 4309 510 4374 dimini
536 4313 652 4372 terram
676 4305 830 4373 Otoonaan.
882 4307 932 4373 18.
956 4307 1000 4374 Bt
1024 4311 1125 4391 eapite
1146 4316 1269 4392 patrem
1297 4330 1363 4376 oes-
1413 4307 1470 4376 sed
1491 4328 1566 4376 cum
1588 4307 1653 4374 illis
1680 4328 1826 4374 seorsum
1847 4308 2003 4386 inclusus,
2032 4308 2072 4373 ab
2095 4310 2185 4374 omui
2206 4311 2377 4377 verborum

395 4401 490 4472 trum,
512 4399 540 4458 et
559 4391 704 4476 famelius
723 4398 853 4472 cestros,
874 4398 902 4458 et
921 4397 1018 4459 cende
1038 4396 1081 4461 ad
1101 4415 1157 4476 me,
1174 4401 1202 4460 et
1218 4395 1295 4462 dabo
1311 4416 1364 4461 co-
1413 4394 1589 4461 acerbitate
1606 4391 1773 4473 abstinent,
1797 4393 1946 4479 ultraque
1963 4393 2067 4459 amica
2085 4393 2307 4462 consolatione
2328 4416 2377 4462 eos

397 4479 446 4546 bis
475 4479 584 4544 bonnm
610 4483 712 4544 terrac
733 4479 877 4562 Aepppti,
906 4481 1120 4548 demandetis
1142 4482 1365 4566 pinpuedinem
1416 4480 1654 4565 dignatusest.

396 4572 506 4632 terrae.
559 4564 609 4629 19.
633 4563 677 4628 Bt
697 4567 730 4628 tu
751 4565 860 4630 iussas
881 4585 928 4629 es:
950 4564 1017 4630 Hoc
1036 4567 1139 4648 faede,
1161 4568 1260 4650 eapite
1281 4567 1366 4632 cobis
1502 4564 1532 4630 3.
1561 4561 1629 4648 Epo
1668 4583 1738 4632 sum
1776 4562 1898 4645 Ioseph.
1960 4563 2158 4648 Quanquam
2191 4564 2382 4632 luculentum

397 4653 435 4718 de
464 4657 548 4738 temo
569 4649 705 4734 Aepppti
725 4669 838 4715 currus
854 4670 916 4730 pro
930 4653 1081 4732 parcatis
1106 4655 1231 4730 cestris,
1261 4658 1291 4717 et
1305 4671 1367 4733 pro
1418 4647 1681 4717 mausuetudinis
1703 4657 1736 4716 et
1758 4650 1877 4716 amoris
1899 4651 1952 4715 sui
1973 4649 2138 4733 specimen
2149 4649 2305 4732 ediderat,
2334 4652 2383 4718 ubi

398 4735 550 4804 acoribus
578 4737 695 4814 cesum,
725 4741 753 4800 et
778 4735 873 4801 tollito
887 4740 1014 4818 patrem
1035 4743 1184 4818 caurum,
1212 4737 1366 4803 avendo.
1419 4746 1530 4802 tamen
1550 4755 1668 4801 nomen
1686 4755 1784 4801 suum
1806 4735 1918 4818 aperit,
1941 4754 2008 4800 uon
2030 4756 2121 4802 secus
2139 4743 2305 4802 terrentur
2325 4739 2382 4802 fra·

399 4824 452 4890 20.
480 4821 524 4888 Bt
551 4822 655 4889 mulas
683 4827 779 4888 resur
813 4842 851 4886 nc
876 4828 993 4903 parcat
1023 4823 1205 4906 supellectili
1235 4827 1369 4889 ammae.-
1419 4831 1486 4888 tres
1508 4823 1656 4904 quamsi
1678 4821 1713 4886 in
1738 4841 1793 4887 eos
1814 4819 2011 4886 fulminaret.
2063 4820 2149 4886 Nam
2180 4822 2258 4887 dum
2281 4843 2382 4889 secum

421 4910 479 4974 uia
507 4909 618 4974 donmn
645 4909 745 4973 omnis
772 4913 873 4974 terrae
894 4908 1029 4991 Aepppti
1049 4914 1185 4975 oestrum
1206 4910 1272 4974 erit.
1316 4908 1368 4973 21.
1420 4913 1574 4990 reputant
1593 4905 1670 4989 quid
1692 4907 1802 4972 meriti
1823 4906 1899 4984 sint,
1923 4905 2003 4972 adeo
2025 4905 2242 4975 formidabilis
2263 4915 2313 4974 est
2333 4931 2382 4992 po·

400 4933 556 5062 il'ecerunt
577 5014 648 5078 erpo
669 4994 715 5058 sio
733 4992 795 5074 filii
817 4991 929 5070 Israel,
952 4999 980 5058 et
1000 4993 1084 5059 dedit
1104 4997 1150 5060 eis
1170 4993 1282 5076 Ioseph
1303 5013 1372 5060 cur-
1421 4992 1524 5058 tenua
1546 4992 1671 5076 loseph,
1694 5000 1732 5057 ut
1753 4991 1814 5059 sibi
1835 4991 1918 5056 nihil
1943 5001 2129 5074 proponant
2150 4994 2214 5059 nisi
2236 5004 2380 5060 mortem:

402 5102 459 5147 ras
479 5081 572 5145 iuata
592 5099 761 5146 samonem
781 5078 967 5156 Pleuramis,
990 5084 1018 5145 ct
1033 5081 1119 5146 dedit
1135 5081 1181 5146 eis
1198 5099 1297 5147 escam
1307 5100 1371 5162 pro
1421 5079 1477 5144 ubi
1499 5085 1610 5142 autem
1634 5085 1725 5146 metu
1753 5077 1801 5143 ita
1822 5077 1928 5144 cernit
1949 5079 2116 5158 attonitos,
2143 5079 2208 5146 iam
2230 5079 2313 5145 nihil
2334 5103 2381 5146 ex·

401 5169 520 5232 itinere.
550 5165 601 5230 22.
629 5163 779 5230 Omnibus
799 5164 880 5244 ipsis
897 5165 982 5229 dedit
1002 5167 1168 5249 unicmque
1188 5166 1372 5232 mutatorias
1421 5163 1566 5248 prcbrat,
1584 5161 1641 5229 sed
1663 5171 1792 5229 tantum
1814 5162 1940 5229 laborat
1962 5164 1996 5228 in
2019 5161 2162 5230 sedanda
2183 5185 2296 5240 eorum
2318 5188 2381 5250 per·

402 5257 508 5332 costos,
535 5257 564 5316 et
590 5251 657 5334 ipsi
677 5248 849 5315 Beniamin
876 5249 961 5318 cecc
986 5255 1130 5320 trecentos
1157 5256 1372 5337 aepactae
1423 5248 1616 5330 turbatione,
1639 5249 1705 5314 imo
1728 5246 1853 5316 tamdiu
1881 5248 1999 5315 blande
2020 5268 2075 5316 ecs
2097 5248 2267 5331 demulcet,
2290 5251 2382 5319 donec
