5000 6208
370 399 432 466 267
1022 393 1393 465 COMMENTARIUS
1415 397 1465 462 IN
1489 397 1703 464 GENESIN.
2194 389 2196 396 ’
2304 400 2361 466 268

456 585 500 651 El
526 589 671 651 emmau
701 584 764 650 duo
791 584 898 668 augeli
923 584 960 648 iu
991 583 1110 652 Sedasa.
1163 583 1344 666 Quaeritur
1394 584 1504 652 Moses
1527 587 1635 653 vivam
1659 585 1820 653 Sodomae
1849 587 1990 672 effigiem
2020 597 2096 652 ante
2118 588 2228 654 oeulos
2250 610 2361 673 propo·

370 693 430 738 our
456 692 542 736 unus
570 691 613 736 ex
641 670 747 736 tribus
776 669 901 754 angelis
929 669 1034 735 subito
1064 670 1121 736 dis
1137 678 1246 753 areat,
1279 670 1344 737 duo
1393 670 1452 736 nit.
1497 671 1585 738 Hine
1606 673 1692 738 enim
1712 673 1921 756 perspiouum
1943 683 1994 738 est
2015 695 2113 756 quam
2135 673 2312 740 diabolions
2333 677 2362 740 iu

370 766 499 823 tantum
528 758 563 821 in
589 753 765 822 Sodomam
795 756 939 821 veniant.
975 755 1089 821 Iudaei
1112 691 1163 841 dut
1185 765 1263 821 sunt
1285 777 1343 821 au·
1393 777 1489 822 omne
1511 758 1602 823 nefas
1625 759 1723 822 luerit
1744 779 1856 823 eornm
1877 778 2063 838 consensus,
2086 759 2169 842 quod
2189 767 2256 824 tam
2276 761 2362 826 faoile

369 844 464 909 daoes
486 843 520 907 in
543 840 827 907 comminiscendis
849 839 980 991 fabalis?
1005 862 1108 906 unum
1132 843 1259 907 venisse
1281 863 1343 907 na·
1393 862 1508 908 omnes
1546 843 1586 908 ad
1627 845 1827 909 teterrimam
1871 845 2124 911 obsoosnitatem
2167 847 2361 929 oonspirant.

369 936 491 1012 gantur
512 928 552 993 ad
575 927 777 1010 perdendum
799 926 918 992 losum:
943 936 1091 1006 ateruam,
1113 927 1168 1009 qui
1191 928 1257 992 Lot
1278 948 1344 992 ser·
1393 927 1528 1008 Quanta
1556 930 1655 994 luerit
1683 930 1873 1012 improbitas
1895 938 1930 995 οι
1950 930 2131 1012 protervia,
2162 929 2238 998 inde
2266 941 2361 1014 patet,

368 1024 472 1081 varst.
509 1015 635 1079 Verum
658 1033 700 1078 ex
721 1018 878 1078 oontoxtu
896 1011 998 1078 Masis
1020 1034 1038 1077 a
1062 1023 1155 1095 paret
1171 1013 1254 1078 illud
1272 1032 1343 1078 esse
1394 1014 1480 1096 qnod
1502 1015 1594 1098 quasi
1616 1015 1763 1081 exercitu
1785 1015 1936 1093 oolleato,
1967 1015 2133 1082 hostiliter
2154 1017 2195 1082 ad
2218 1015 2361 1082 obsiden-

368 1101 538 1166 frivolum:
569 1099 646 1182 quia
674 1099 786 1164 ambos
815 1097 998 1164 videbimus
1020 1035 1219 1164 liberationis
1240 1098 1343 1165 fuisse
1394 1097 1470 1165 dam
1492 1099 1624 1165 domum
1648 1101 1711 1166 Lot
1733 1102 1826 1166 insnr
1895 1111 1917 1166 t.
1956 1101 2065 1182 Quam
2085 1121 2179 1167 oaeoa
2201 1111 2236 1167 οι
2258 1103 2363 1168 imma

369 1187 545 1252 ministros.
597 1183 786 1268 Simplioias
815 1184 972 1267 estquod
1002 1184 1093 1267 prius
1115 1183 1250 1260 adduxi,
1281 1184 1344 1249 hou
1394 1185 1446 1250 nis
1464 1185 1573 1266 libido,
1591 1186 1675 1269 quod
1694 1187 1766 1253 sine
1783 1122 1906 1270 puddde
1925 1188 2093 1253 brutorum
2112 1187 2302 1253 animalium
2321 1189 2363 1252 in·

367 1273 469 1338 fuisse
487 1271 639 1337 Abrahae
660 1270 833 1354 peculiaris
856 1270 980 1354 gratiae
998 1271 1067 1335 loeo
1089 1290 1287 1346 eoncessum,
1308 1279 1345 1334 ιιι
1395 1280 1463 1336 star
1473 1272 1691 1338 eonoursant?
1703 1281 1825 1355 quanta
1835 1274 1954 1339 ferooia
1965 1282 1999 1337 et
2010 1272 2186 1338 erudelitas
2197 1273 2282 1358 quod
2295 1295 2364 1340 oon·

369 1357 462 1424 Deus
484 1379 547 1423 non
570 1355 665 1422 modo
687 1378 705 1422 e
727 1355 835 1421 medis
863 1356 1055 1439 angelorum
1082 1357 1179 1420 turba
1200 1355 1281 1421 duos
1302 1354 1343 1419 ad
1394 1357 1566 1423 tumeliose
1589 1358 1759 1423 minantur
1776 1367 1889 1425 sanato
1907 1359 1979 1424 viro
1997 1368 2031 1424 et
2048 1369 2197 1424 extrema
2219 1379 2361 1442 quaeqae

370 1465 444 1509 eum
467 1444 627 1520 mitteret,
656 1441 713 1507 sed
738 1441 930 1507 familiarius
952 1461 987 1506 se
1014 1441 1062 1505 illi
1090 1442 1286 1524 patelaoeret
1306 1441 1342 1505 in
1393 1443 1582 1508 intentant?
1606 1443 1694 1510 Hine
1716 1445 1814 1509 etiam
1837 1443 2035 1528 subigimus,
2064 1465 2129 1509 non
2152 1465 2218 1510 nno
2241 1455 2366 1510 tantam

369 1529 436 1596 filio
454 1550 521 1594 sao.
558 1528 651 1595 Unus
669 1529 756 1592 enim
782 1525 833 1612 (ut
852 1525 1006 1612 vidimus)
1028 1527 1208 1611 prinoipem
1226 1527 1342 1607 laeum,
1394 1528 1474 1594 vitio
1496 1529 1671 1604 laborasse,
1694 1529 1751 1595 sed
1774 1530 1933 1611 proieotos
1956 1531 2055 1594 luisse
2077 1529 2119 1594 ad
2141 1551 2271 1595 omnam
2295 1551 2363 1612 peu·

369 1624 407 1679 ut
432 1615 591 1699 dignitate
620 1614 781 1696 superior,
810 1613 960 1678 obtinuit.
1005 1612 1204 1702 Quanquam
1234 1621 1342 1678 autem
1394 1613 1488 1680 eundi
1508 1615 1687 1696 audaoiam,
1708 1625 1746 1680 ut
1763 1614 1872 1682 nullus
1890 1615 1954 1680 illis
1973 1614 2078 1698 pudor
2094 1615 2241 1700 reliquus
2258 1614 2361 1682 fuerit.

371 1700 524 1766 Obristus
549 1721 678 1782 semper
707 1700 769 1765 luit
795 1698 971 1776 mediator,
1002 1700 1077 1780 qnia
1106 1710 1217 1763 tamen
1239 1699 1344 1782 magis
1395 1699 1440 1764 Et
1461 1696 1612 1765 Eneehiel
1634 1699 1732 1786 (sieut
1750 1722 1854 1784 nuper
1872 1699 2057 1786 retulimus)
2075 1701 2154 1766 saite
2172 1720 2362 1768 oommemo-

368 1788 504 1852 obseura
526 1785 588 1868 ipsi
610 1786 676 1850 Lot
697 1784 881 1867 patefactus
903 1804 999 1867 quam
1023 1784 1190 1861 Abrahae,
1212 1792 1341 1849 tantum
1393 1795 1445 1850 rat
1467 1806 1486 1851 a
1509 1787 1626 1870 quibus
1649 1785 1808 1853 malorum
1832 1786 1934 1851 initiis
1955 1787 1990 1850 in
2012 1793 2194 1850 extremam
2225 1788 2362 1872 turpito-
2465 1799 2466 1816 ¹

369 1873 434 1938 duo
463 1872 571 1956 angeli
593 1870 768 1936 Sodomam
797 1879 967 1934 uenerunt.
1012 1869 1107 1950 Quod
1130 1870 1240 1936 Moses
1266 1891 1341 1934 nar·
1394 1871 1505 1936 dinem
1539 1870 1737 1937 defluxerint
1768 1871 1875 1958 (linea.
1906 1872 1960 1947 16,
1993 1870 2058 1957 49).
2111 1872 2235 1938 Eodem
2269 1882 2363 1937 etiam

369 1966 438 2034 rat,
471 1958 537 2022 Lot
567 1957 652 2023 oiroa
690 1976 860 2038 vesperam
891 1956 928 2019 in
961 1965 1056 2039 porta
1089 1956 1180 2020 urhis
1210 1954 1342 2032 sedisse,
1393 1957 1536 2039 pertinet
1567 1957 1652 2040 quod
1686 1957 1765 2022 dioit
1792 1957 1916 2022 Paulus
1949 1955 2058 2042 (Rom.
2089 1959 2125 2034 l,
2155 1956 2225 2043 18),
2260 1957 2363 2023 Deam

369 2043 464 2108 multi
492 2063 534 2107 ex
566 2042 756 2124 quotidiano
789 2062 891 2121 more¹
911 2042 1025 2106 lesisse
1058 2041 1274 2120 oontendunt,
1307 2051 1344 2105 ut
1394 2042 1505 2110 aloisai
1528 2043 1697 2107 hominnm
1728 2044 1946 2125 impietatem,
1976 2063 2076 2125 quum
2099 2063 2153 2108 eos
2176 2045 2210 2108 in
2241 2051 2364 2108 tantam

368 2128 512 2212 hospites
540 2126 637 2194 adse
666 2126 843 2209 reciperet:
866 2125 955 2207 Quia
976 2136 1085 2192 tamen
1115 2148 1244 2192 oausam
1267 2126 1343 2193 sub·
1393 2130 1582 2194 aaeaitatem
1605 2129 1733 2212 proiioit
1754 2137 1791 2194 ut
1811 2150 1871 2211 per
1893 2127 2049 2193 nefandas
2072 2128 2224 2194 libidines
2246 2149 2363 2213 vagen-

368 2215 448 2281 tieet
467 2213 586 2291 Moses,
608 2213 689 2280 illud
711 2233 770 2296 pro
791 2219 880 2279 eerto
902 2232 1047 2278 asserere
1069 2215 1279 2278 temerarium
1298 2213 1343 2276 lo·
1394 2223 1463 2294 tur,
1492 2224 1525 2278 et
1550 2214 1706 2280 dadooore
1735 2215 1880 2280 affioiant
1902 2233 1962 2280 sus
1982 2235 2128 2298 eorpora.
2173 2214 2238 2280 Ubi
2259 2225 2363 2279 οιιιοοι

368 2309 428 2366 ret.
473 2299 595 2364 Fateor
617 2297 746 2380 quidem
769 2318 836 2362 non
859 2297 981 2364 sedisse
1004 2307 1040 2362 ιιι
1061 2299 1172 2382 ignavi
1197 2299 1343 2363 homines
1394 2321 1532 2366 exonsso
1555 2300 1676 2382 pudore
1697 2299 1809 2364 laxata
1830 2310 1908 2365 sunt
1928 2300 2042 2365 fraena
2070 2300 2213 2376 libidini,
2242 2298 2363 2365 foedam

368 2387 490 2453 solent:
514 2386 570 2449 sed
594 2405 660 2450 non
682 2385 791 2449 minue
812 2383 988 2466 probabilis
1006 2392 1057 2448 οιι
1073 2385 1267 2462 oonieotnra,
1286 2405 1342 2448 ve·
1394 2393 1428 2450 et
1449 2387 1624 2451 immanem
1653 2385 1836 2450 barbariem
1865 2405 1944 2450 mox
1972 2387 2063 2468 sequi
2086 2404 2218 2452 neeesse
2241 2397 2307 2460 ast,
2329 2406 2363 2450 ao
2465 2397 2466 2422 ¹

368 2473 458 2538 nisse
480 2471 608 2536 obviam
631 2471 699 2536 suis
721 2469 912 2553 pastoribus,
939 2479 977 2534 ut
997 2469 1151 2554 eogendis
1172 2470 1342 2553 peeoribns
1393 2471 1514 2537 multas
1536 2473 1695 2538 eoelernm
1717 2472 1839 2554 speeies
1865 2471 1962 2536 simul
1985 2472 2130 2548 miseeri,
2161 2480 2198 2536 ut
2215 2473 2273 2536 fiat
2296 2471 2363 2554 plus
2465 2475 2466 2548 ᾗ

368 2557 504 2622 adesset.
541 2555 746 2639 Hospitalem
770 2553 900 2640 quidem
920 2555 1020 2621 luisse
1038 2556 1123 2620 olare
1141 2555 1343 2620 demonstrat
1394 2578 1490 2640 quam
1514 2557 1657 2623 deforme
1679 2557 1786 2624 ahaos.
1831 2555 1927 2638 Quod
1949 2556 1978 2622 si
1999 2555 2185 2622 Sodomitas
2206 2558 2364 2641 oppressit
2465 2579 2466 2606 ι

369 2652 436 2707 ιοιιι
466 2643 567 2708 oomis
595 2641 746 2706 inritatio
775 2662 900 2724 quaes
923 2641 1016 2707 Mose
1044 2640 1253 2706 deseribitur:
1283 2663 1343 2706 our
1394 2653 1461 2708 tam
1484 2663 1599 2708 severa
1620 2643 1682 2708 Dei
1709 2642 1804 2720 ultio,
1835 2651 1872 2707 ut
1899 2643 2008 2707 furore
2036 2643 2214 2721 exeaeoati,
2236 2643 2364 2725 flagitiis

368 2737 477 2793 tamen
500 2727 681 2794 substiterit
702 2736 782 2792 tuno
802 2728 837 2791 in
860 2737 954 2810 porta
976 2727 1074 2804 urbis,
1098 2728 1259 2792 insertum
1279 2735 1340 2792 est:
1394 2729 1546 2795 omnibus
1562 2749 1598 2794 se
1616 2729 1864 2813 prostituerent:
1889 2727 2055 2794 nobiseum
2074 2737 2162 2793 oerte
2180 2728 2237 2792 vix
2254 2728 2363 2792 mitius
2465 2763 2466 2786 ι

368 2815 431 2879 nisi
465 2812 550 2896 quod
583 2812 807 2879 benelaoiendi
841 2813 1042 2878 oooasionem
1082 2814 1342 2895 praetermittere
1395 2823 1526 2898 agetur,
1557 2835 1695 2897 quornm
1719 2835 1756 2878 eo
1778 2813 1888 2878 minus
1917 2812 2112 2880 excusabilis
2134 2820 2185 2879 est
2205 2813 2363 2897 impietas,

368 2900 487 2975 noluit,
505 2920 605 2982 quum
629 2898 732 2966 oblati
753 2908 863 2964 essent
884 2900 1042 2982 hospites,
1070 2899 1186 2982 quibus
1215 2900 1341 2982 impen·
1395 2921 1459 2983 quo
1481 2899 1601 2964 alarius
1625 2899 1686 2964 Dei
1710 2900 1829 2964 veritas
1851 2899 1944 2965 nobis
1965 2900 2128 2982 patetaota
2149 2898 2221 2963 fuit.
2465 2929 2466 2984 ι

368 2985 446 3052 dere
474 2984 582 3051 offioia
608 3004 668 3050 sua
699 2993 816 3068 posset„
861 2985 1000 3067 Reliqua
1026 2992 1183 3068 petantur
1202 3006 1245 3050 ax
1266 3005 1342 3068 pro·
1480 2988 1512 3050 A
1528 3005 1629 3066 puero
1645 3005 1743 3068 usque
1763 2985 1806 3050 ad
1823 3004 1931 3050 seuam.
1969 2984 2077 3050 Multa
2099 2983 2237 3051 subtieet
2259 2985 2365 3049 Moses
2465 3001 2466 3008 ¹

368 3073 458 3136 ximo
480 3072 596 3154 oapite.
1393 3091 1475 3154 quae
1497 3071 1612 3137 leotori
1634 3070 1720 3136 altro
1742 3069 1856 3135 venire
1875 3072 1908 3133 in
1932 3079 2074 3135 mentem
2097 3079 2249 3153 possunt:
2273 3068 2364 3152 quale
2465 3065 2466 3148 ]

454 3157 483 3222 2.
510 3156 734 3238 Nequaquam,
760 3156 871 3221 sedin
894 3155 1009 3238 puta.
1055 3155 1129 3220 Non
1157 3157 1268 3221 statim
1291 3177 1341 3221 as·
1394 3167 1444 3222 est
1476 3155 1560 3239 quod
1593 3178 1660 3220 non
1693 3155 1842 3221 meminit
1874 3177 1894 3220 a
1925 3155 2042 3238 quibus
2078 3157 2240 3220 oonoitata
2269 3156 2365 3220 fuerit

368 3243 556 3309 sentiantur
578 3242 704 3326 angeli,
734 3262 797 3323 quo
824 3241 940 3307 melius
969 3242 1074 3307 saneti
1096 3241 1159 3306 viri
1189 3241 1340 3306 affectum
1395 3241 1578 3307 multitudo.
1629 3241 1817 3307 Verisimile
1850 3252 1958 3306 antem
1992 3250 2042 3306 est
2074 3241 2235 3324 quaedam
2267 3241 2364 3305 fauisse

369 3329 548 3412 explorent.
592 3327 707 3410 Neque
729 3329 816 3392 enim
869 3323 1047 3392 raebendae
1073 3335 1199 3391 tantum
1223 3347 1342 3392 eoenae
1394 3328 1537 3393 flabella:
1556 3327 1613 3393 sed
1631 3338 1737 3392 ιοοιοο
1751 3327 1828 3392 hine
1845 3328 2171 3411 perspieimusqnam
2190 3325 2363 3393 voluntarii

368 3435 467 3482 eausa
494 3414 624 3479 domum
656 3434 710 3478 eos
738 3421 809 3477 erat
838 3349 1011 3488 [lauturus.
1042 3412 1097 3477 sed
1122 3423 1157 3476 ut
1179 3433 1199 3477 a
1219 3413 1341 3477 uirium
1393 3413 1435 3478 ad
1457 3413 1652 3497 patrandum
1683 3411 1788 3478 seelus
1817 3412 1957 3490 luerint,
1985 3413 2040 3494 qui
2064 3413 2154 3477 velut
2176 3412 2269 3496 signo
2292 3412 2364 3476 dato

369 3502 402 3566 vi
441 3508 475 3565 et
506 3500 635 3565 iniuriis
675 3497 812 3564 tuendos
851 3499 1038 3581 snsoiperet.
1090 3497 1233 3563 Perinde
1264 3519 1342 3582 ergo
1394 3502 1506 3565 statim
1535 3499 1745 3564 eonveninnt.
1800 3495 1955 3562 Ostendit
1992 3498 2092 3562 otiam
2125 3518 2224 3580 quam
2255 3497 2364 3561 nullas

368 3595 473 3672 agunt
495 3585 613 3670 angeli,
639 3605 676 3650 aa
698 3585 726 3648 si
750 3593 857 3649 tutum
879 3593 965 3648 esset
986 3584 1019 3647 in
1042 3582 1096 3648 via
1117 3583 1247 3667 publiea
1269 3583 1342 3648 dor·
1394 3587 1493 3650 fuerit
1513 3583 1620 3669 pudor
1641 3583 1726 3666 apud
1748 3605 1803 3648 eos
1826 3581 1988 3649 residuus:
2018 3586 2094 3667 quia
2115 3605 2176 3650 neo
2198 3604 2294 3648 senes
2315 3604 2364 3646 re·

369 3673 465 3737 mire:
500 3683 599 3754 atque
627 3670 674 3734 ita
704 3669 864 3752 perditam
895 3670 995 3733 totius
1023 3668 1134 3752 populi
1164 3670 1343 3750 nequitiam
1395 3671 1495 3736 tinuit
1512 3669 1580 3735 ulla
1597 3671 1757 3753 gravitas,
1782 3689 1841 3734 nee
1862 3689 1982 3752 pueros
1998 3669 2158 3733 modestia
2176 3689 2258 3751 quae
2276 3669 2364 3733 illam

369 3760 451 3824 soire
469 3778 505 3823 se
522 3756 737 3822 dissimulant.
771 3755 855 3820 Nam
868 3755 896 3818 si
908 3753 979 3819 ideo
996 3754 1194 3820 olauduntur
1211 3755 1343 3821 urbium
1394 3766 1532 3821 aetatem
1555 3755 1661 3820 decet:
1685 3754 1823 3838 denique
1852 3754 2007 3820 abolitam
2036 3753 2136 3819 inisse
2158 3775 2287 3819 omnem
2309 3754 2365 3818 ho-
2465 3751 2466 3758 '

370 3853 481 3927 portae
514 3853 550 3908 ut
582 3843 724 3906 ferarum
761 3840 966 3922 hostiumque
998 3840 1150 3905 inonrsas
1183 3853 1342 3919 areentur,
1394 3842 1479 3906 nesti
1501 3861 1629 3917 euram,
1657 3861 1914 3926 perversumque
1936 3850 2073 3904 naturae
2094 3839 2241 3905 ordinem
2264 3841 2365 3922 signi·

370 3950 466 4013 quam
500 3928 670 4012 indignum
704 3939 752 3992 οιι
786 3935 884 4008 atque
917 3923 1093 3991 absurdum
1135 3927 1342 4010 gravioribus
1393 3930 1477 4006 fleat,
1496 3948 1598 4009 qaam
1617 3926 1703 4003 dioit,
1722 3946 1854 4009 apnero
1872 3927 2028 4010 usquead
2046 3945 2158 3991 sanem
2177 3927 2364 3992 eonvolasse

369 4014 521 4098 perieulis
539 4015 628 4078 intus
648 4034 719 4078 esse
739 4012 902 4094 expositos
920 4011 976 4094 qui
993 4011 1061 4076 illie
1084 4011 1229 4094 degrrnt?
1253 4012 1342 4095 Ergo
1393 4013 1434 4079 ab
1454 4013 1611 4078 extremis
1632 4011 1722 4078 urbis
1745 4013 1900 4094 partibus.

370 4100 412 4165 ad
430 4098 696 4183 exaggerandum
714 4097 824 4180 populi
841 4097 948 4162 saelue
963 4098 1008 4161 ita
1026 4097 1204 4178 loquuntur
1221 4097 1340 4180 angeli.
1478 4099 1507 4165 5.
1539 4097 1599 4165 Ubi
1619 4104 1693 4163 suut
1712 4099 1783 4162 uiri.
1830 4097 1972 4163 Tametsi
2002 4097 2038 4160 in
2068 4096 2179 4161 animo
2202 4096 2364 4162 habebant

370 4187 437 4251 Lot
455 4193 563 4250 autem
585 4183 717 4268 angelos
738 4183 884 4267 augendo
902 4181 943 4246 ad
961 4203 996 4248 se
1015 4185 1138 4260 venire,
1161 4193 1198 4247 ut
1220 4204 1342 4248 arom·
1392 4185 1533 4266 turpiter
1554 4184 1736 4267 hospitibus
1754 4183 1794 4248 ad
1813 4191 2054 4266 praeposteram
2076 4182 2245 4246 libidinem
2267 4182 2364 4258 abuti,

371 4271 479 4336 munis
501 4272 608 4354 gentis
629 4269 811 4352 petulantia
832 4289 886 4332 eos
910 4279 1073 4352 protegat,
1097 4267 1212 4334 melius
1234 4281 1341 4333 osten·
1394 4269 1492 4335 verbo
1520 4280 1630 4335 tamen
1659 4269 1747 4350 alind
1775 4267 1965 4334 obtendunt.
2011 4266 2114 4348 Quasi
2138 4269 2227 4332 enim
2253 4287 2364 4350 peoea·

371 4357 421 4422 dit
440 4365 581 4438 quantae
604 4356 665 4419 sibi
687 4375 784 4419 aurae
806 4355 873 4418 sint
895 4353 1046 4437 hospites,
1068 4374 1109 4418 ne
1131 4353 1209 4436 quid
1232 4354 1342 4436 probri
1394 4357 1477 4420 verit
1498 4356 1572 4431 Lot,
1596 4355 1674 4419 dum
1696 4355 1845 4421 homines
1866 4353 2049 4437 ineognitos
2071 4353 2105 4416 in
2129 4354 2244 4419 urbem
2265 4353 2366 4417 admi·

371 4454 429 4509 aut
449 4443 589 4507 iniuriae
612 4441 786 4524 patiantur.
1393 4443 1437 4507 sit
1457 4442 1551 4506 ouius
1578 4441 1648 4524 ipse
1670 4452 1741 4505 erat
1769 4439 1964 4522 inquilinus,
1996 4439 2111 4503 iubent
2140 4440 2230 4521 ipsos
2255 4457 2365 4503 eoram

456 4529 486 4594 3.
511 4527 555 4592 Et
579 4527 653 4611 fecit
678 4527 725 4592 eis
751 4525 936 4591 uuuuiuium.
980 4526 1054 4590 Ηοο
1082 4525 1180 4591 verbo
1209 4537 1243 4590 et
1272 4525 1343 4591 aliis
1394 4527 1536 4610 produoi.
1571 4525 1723 4608 Quidam,
1747 4524 1927 4609 anuosoere
1947 4536 2120 4607 exponunt
2143 4545 2212 4589 rem
2236 4526 2366 4598 habere,

371 4613 580 4698 sequentibus
599 4622 690 4676 notat
707 4612 817 4677 Moses
835 4611 968 4694 angelos
986 4612 1082 4677 solito
1105 4612 1225 4676 lautius
1242 4610 1344 4677 fuisse
1394 4620 1491 4696 atque
1523 4614 1569 4677 ita
1602 4622 1774 4677 verterunt
1806 4612 1912 4694 graem
1945 4611 2151 4692 interpretes.
2205 4609 2270 4676 Sed
2307 4629 2365 4691 ego

371 4709 541 4766 traotatos:
564 4719 670 4780 neque
691 4698 777 4762 enim
797 4696 844 4761 sia
861 4697 925 4761 Lot
943 4717 1018 4762 oum
1040 4698 1192 4763 omnibus
1213 4694 1342 4762 indiffe·
1394 4699 1457 4764 alio
1480 4719 1577 4764 sensu
1600 4700 1740 4781 positum
1764 4717 1834 4762 esse
1857 4697 1917 4762 hbe
1941 4695 2075 4759 verbum
2099 4696 2253 4761 arbitror:
2278 4717 2318 4761 ao
2339 4693 2367 4758 si

371 4796 483 4850 renter
504 4785 629 4868 agebat.
675 4782 738 4850 Sed
768 4803 868 4865 quum
891 4804 932 4846 ex
962 4781 1122 4866 dignitate
1143 4783 1208 4848 oris
1231 4793 1263 4848 οι
1285 4783 1342 4847 ha·
1394 4783 1552 4850 diserent:
1584 4784 1745 4850 Volumus
1777 4785 1861 4848 soire
1914 4801 2049 4846 uosnam
2084 4795 2117 4844 ta
2154 4782 2300 4863 hospites
2333 4782 2366 4845 in

371 4873 459 4939 bitus
479 4868 821 4936 ooniieerethominee
842 4889 996 4934 essenon
1017 4869 1193 4953 gregarios,
1214 4870 1344 4953 plaoen-
1393 4870 1507 4935 urbem
1536 4878 1681 4936 nostram
1710 4868 1852 4934 indueus.
1892 4803 2070 4950 ίὲοιὶριιιιοι
2098 4870 2185 4933 enim
2213 4887 2283 4931 rem
2306 4887 2365 4950 pu·

372 4971 423 5024 tas
452 4957 555 5032 aoxit,
589 4965 622 5018 οι
650 4955 782 5020 liberale
813 4955 944 5036 paravit
976 4955 1173 5021 eonvivium.
1219 4955 1343 5020 Iterum
1394 4956 1532 5022 dandam
1555 4955 1700 5021 modeste
1723 4956 1783 5019 hoo
1804 4955 1904 5020 verbo
1927 4965 2041 5019 notare
2069 4954 2162 5018 solet.
2207 4953 2366 5018 Petulan-

374 5045 453 5110 dioit
472 5043 579 5106 Moses
601 5041 733 5125 angelos
756 5040 949 5104 eomedisse:
978 5061 1043 5110 non
1073 5039 1158 5122 quod
1185 5040 1344 5107 haberent
1395 5044 1459 5106 tius
1476 5062 1554 5124 ergo
1576 5041 1616 5106 do
1646 5040 1784 5107 nefando
1813 5039 1985 5106 oonoubitn
2015 5039 2141 5121 loquuti
2170 5047 2281 5102 essent
2304 5038 2365 5103 So-
2465 5091 2466 5094 ,

373 5151 463 5213 opus,
485 5126 541 5193 sed
564 5127 639 5209 quia
660 5126 807 5192 eoelestis
829 5136 966 5191 naturae
988 5127 1244 5191 manifestandae
1261 5147 1343 5190 non·
1394 5127 1547 5191 domitae:
1579 5149 1693 5192 verum
1715 5124 1872 5209 tegendae
1895 5147 1973 5190 suae
1994 5124 2158 5207 nequitiae
2180 5141 2289 5203 eausa,
2315 5123 2367 5187 bie
2465 5185 2466 5192 ,

375 5214 452 5278 dum
475 5221 637 5276 maturum
661 5222 732 5276 erat
752 5225 892 5293 tempus.
1393 5214 1566 5296 imperiose
1588 5235 1660 5278 oum
1681 5223 1793 5279 sanato
1811 5213 1880 5275 siro
1897 5204 2127 5294 expostulant,
2157 5207 2241 5292 quod
2261 5229 2367 5273 ausus
2465 5209 2466 5270 ι

459 5300 489 5364 4.
518 5299 695 5379 Antequam
720 5299 897 5363 ἀοιιιιινοιιι.
946 5297 1011 5362 Hie
1037 5297 1073 5361 in
1100 5317 1166 5362 nno
1198 5296 1342 5363 faoinore
1394 5299 1493 5363 fuerit
1514 5301 1658 5382 reoipere
1682 5299 1832 5364 homines
1860 5298 1996 5382 ignotos.
2041 5295 2107 5361 Hie
2129 5305 2237 5360 tamen
2257 5295 2368 5362 oritur
2465 5375 2466 5408 ἢ
