<?xml version="1.0" encoding="UTF-8"?>
<!DOCTYPE html PUBLIC "-//W3C//DTD XHTML 1.0 Transitional//EN"
    "http://www.w3.org/TR/xhtml1/DTD/xhtml1-transitional.dtd">
<html xmlns="http://www.w3.org/1999/xhtml" xml:lang="en" lang="en">
 <head>
  <title>
</title>
<meta http-equiv="Content-Type" content="text/html;charset=utf-8" />
  <meta name='ocr-system' content='tesseract 3.04.00' />
  <meta name='ocr-capabilities' content='ocr_page ocr_carea ocr_par ocr_line ocrx_word'/>
</head>
<body>
  <div class='ocr_page' id='page_1' title='image "./ioanniscalvinio06reusgoog_0340.png"; bbox 0 0 4962 6192; ppageno 0'>
   <div class='ocr_carea' id='block_1_1' title="bbox 338 462 2333 532">
    <p class='ocr_par' dir='ltr' id='par_1_1' title="bbox 338 462 2333 532">
     <span class='ocr_line' id='line_1_1' title="bbox 338 462 2333 532; baseline -0.001 0"><span class='ocrx_word' id='word_1_1' title='bbox 338 468 402 532; x_wconf 81' lang='lat'><strong>607</strong></span> <span class='ocrx_word' id='word_1_2' title='bbox 998 463 1369 531; x_wconf 76' lang='lat' dir='ltr'>COMMENTARIUS</span> <span class='ocrx_word' id='word_1_3' title='bbox 1390 465 1439 530; x_wconf 90' lang='lat' dir='ltr'><strong>IN</strong></span> <span class='ocrx_word' id='word_1_4' title='bbox 1462 462 1676 530; x_wconf 68' lang='lat' dir='ltr'><strong>annnam.</strong></span> <span class='ocrx_word' id='word_1_5' title='bbox 2269 464 2333 530; x_wconf 88' lang='grc'><strong>608</strong></span> 
     </span>
    </p>
   </div>
   <div class='ocr_carea' id='block_1_2' title="bbox 338 648 2341 5452">
    <p class='ocr_par' dir='ltr' id='par_1_2' title="bbox 338 648 2341 5452">
     <span class='ocr_line' id='line_1_2' title="bbox 339 648 2330 737; baseline -0.002 -15"><span class='ocrx_word' id='word_1_6' title='bbox 339 652 586 722; x_wconf 86' lang='lat' dir='ltr'><strong>similitudinem</strong></span> <span class='ocrx_word' id='word_1_7' title='bbox 625 659 747 728; x_wconf 89' lang='lat' dir='ltr'><strong>mutat,</strong></span> <span class='ocrx_word' id='word_1_8' title='bbox 786 652 862 734; x_wconf 88' lang='lat' dir='ltr'><strong>quia</strong></span> <span class='ocrx_word' id='word_1_9' title='bbox 894 651 1014 735; x_wconf 90' lang='lat' dir='ltr'><strong>Ioseph</strong></span> <span class='ocrx_word' id='word_1_10' title='bbox 1053 651 1192 717; x_wconf 84' lang='lat' dir='ltr'><strong>similem</strong></span> <span class='ocrx_word' id='word_1_11' title='bbox 1230 653 1310 718; x_wconf 89' lang='lat' dir='ltr'><strong>facit</strong></span> <span class='ocrx_word' id='word_1_12' title='bbox 1361 653 1547 718; x_wconf 87' lang='lat' dir='ltr'><strong>scendcrint</strong></span> <span class='ocrx_word' id='word_1_13' title='bbox 1568 652 1708 735; x_wconf 77' lang='lat' dir='ltr'><strong>aliquem</strong></span> <span class='ocrx_word' id='word_1_14' title='bbox 1731 652 1862 718; x_wconf 91' lang='lat' dir='ltr'><strong>honoris</strong></span> <span class='ocrx_word' id='word_1_15' title='bbox 1884 648 2032 737; x_wconf 84' lang='lat' dir='ltr'><strong>gradum.</strong></span> <span class='ocrx_word' id='word_1_16' title='bbox 2077 655 2110 718; x_wconf 79' lang='lat' dir='ltr'><strong><em>A</em></strong></span> <span class='ocrx_word' id='word_1_17' title='bbox 2133 651 2199 717; x_wconf 85' lang='lat' dir='ltr'><strong>Deo</strong></span> <span class='ocrx_word' id='word_1_18' title='bbox 2214 654 2330 732; x_wconf 82' lang='lat' dir='ltr'><strong>putris.</strong></span> 
     </span>
     <span class='ocr_line' id='line_1_3' title="bbox 339 737 2332 823; baseline -0.003 -16"><span class='ocrx_word' id='word_1_19' title='bbox 339 751 473 808; x_wconf 90' lang='lat' dir='ltr'><strong>strenuo</strong></span> <span class='ocrx_word' id='word_1_20' title='bbox 501 738 684 816; x_wconf 89' lang='lat' dir='ltr'><strong>iaculatori,</strong></span> <span class='ocrx_word' id='word_1_21' title='bbox 718 737 808 803; x_wconf 91' lang='lat' dir='ltr'><strong>cuius</strong></span> <span class='ocrx_word' id='word_1_22' title='bbox 837 755 1024 802; x_wconf 80' lang='lat' dir='ltr'><strong>arcusnon</strong></span> <span class='ocrx_word' id='word_1_23' title='bbox 1050 738 1247 821; x_wconf 76' lang='lat' dir='ltr'><strong>languescit,</strong></span> <span class='ocrx_word' id='word_1_24' title='bbox 1278 747 1310 801; x_wconf 92' lang='lat' dir='ltr'><strong>et</strong></span> <span class='ocrx_word' id='word_1_25' title='bbox 1360 739 1435 804; x_wconf 89' lang='lat' dir='ltr'><strong>Hoc</strong></span> <span class='ocrx_word' id='word_1_26' title='bbox 1456 739 1552 802; x_wconf 91' lang='lat' dir='ltr'><strong>titulo</strong></span> <span class='ocrx_word' id='word_1_27' title='bbox 1575 739 1682 803; x_wconf 91' lang='lat' dir='ltr'><strong>Deum</strong></span> <span class='ocrx_word' id='word_1_28' title='bbox 1709 739 1906 823; x_wconf 87' lang='lat' dir='ltr'><strong>insigniens,</strong></span> <span class='ocrx_word' id='word_1_29' title='bbox 1937 759 2051 804; x_wconf 87' lang='lat' dir='ltr'><strong>rursus</strong></span> <span class='ocrx_word' id='word_1_30' title='bbox 2073 737 2277 817; x_wconf 82' lang='lat' dir='ltr'><strong>exscudere,</strong></span> <span class='ocrx_word' id='word_1_31' title='bbox 2299 747 2332 804; x_wconf 86' lang='lat' dir='ltr'><strong>et</strong></span> 
     </span>
     <span class='ocr_line' id='line_1_4' title="bbox 339 822 2330 908; baseline -0.004 -14"><span class='ocrx_word' id='word_1_32' title='bbox 339 827 432 894; x_wconf 90' lang='lat' dir='ltr'><strong>cuius</strong></span> <span class='ocrx_word' id='word_1_33' title='bbox 451 824 584 890; x_wconf 89' lang='lat' dir='ltr'><strong>brachia</strong></span> <span class='ocrx_word' id='word_1_34' title='bbox 602 845 667 888; x_wconf 94' lang='lat' dir='ltr'><strong>non</strong></span> <span class='ocrx_word' id='word_1_35' title='bbox 685 824 849 898; x_wconf 83' lang='lat' dir='ltr'><strong>laxantur,</strong></span> <span class='ocrx_word' id='word_1_36' title='bbox 869 823 1116 906; x_wconf 75' lang='lat' dir='ltr'><strong>necquidquam</strong></span> <span class='ocrx_word' id='word_1_37' title='bbox 1137 825 1310 888; x_wconf 90' lang='lat' dir='ltr'><strong>remittunt</strong></span> <span class='ocrx_word' id='word_1_38' title='bbox 1360 826 1523 908; x_wconf 88' lang='lat' dir='ltr'><strong>gratuitae</strong></span> <span class='ocrx_word' id='word_1_39' title='bbox 1550 823 1731 906; x_wconf 92' lang='lat' dir='ltr'><strong>adoptionis</strong></span> <span class='ocrx_word' id='word_1_40' title='bbox 1761 825 1851 890; x_wconf 82' lang='lat' dir='ltr'><strong>fonte</strong></span> <span class='ocrx_word' id='word_1_41' title='bbox 1887 825 2017 890; x_wconf 80' lang='lat' dir='ltr'><strong>derivat</strong></span> <span class='ocrx_word' id='word_1_42' title='bbox 2046 823 2202 907; x_wconf 91' lang='lat' dir='ltr'><strong>quidquid</strong></span> <span class='ocrx_word' id='word_1_43' title='bbox 2229 822 2330 888; x_wconf 92' lang='lat' dir='ltr'><strong>bono-</strong></span> 
     </span>
     <span class='ocr_line' id='line_1_5' title="bbox 339 907 2332 994; baseline -0.002 -17"><span class='ocrx_word' id='word_1_44' title='bbox 339 934 379 978; x_wconf 88' lang='lat' dir='ltr'><strong>ex</strong></span> <span class='ocrx_word' id='word_1_45' title='bbox 399 931 457 976; x_wconf 91' lang='lat' dir='ltr'><strong>euo</strong></span> <span class='ocrx_word' id='word_1_46' title='bbox 474 912 602 994; x_wconf 83' lang='lat' dir='ltr'><strong>vigore:</strong></span> <span class='ocrx_word' id='word_1_47' title='bbox 621 910 737 991; x_wconf 90' lang='lat' dir='ltr'><strong>quibus</strong></span> <span class='ocrx_word' id='word_1_48' title='bbox 755 908 862 973; x_wconf 87' lang='lat' dir='ltr'><strong>verbis</strong></span> <span class='ocrx_word' id='word_1_49' title='bbox 881 908 1046 991; x_wconf 90' lang='lat' dir='ltr'><strong>praedicat</strong></span> <span class='ocrx_word' id='word_1_50' title='bbox 1063 910 1217 974; x_wconf 88' lang='lat' dir='ltr'><strong>invictam</strong></span> <span class='ocrx_word' id='word_1_51' title='bbox 1240 910 1309 974; x_wconf 90' lang='lat' dir='ltr'><strong>cius</strong></span> <span class='ocrx_word' id='word_1_52' title='bbox 1360 931 1433 974; x_wconf 90' lang='lat' dir='ltr'><strong>rum</strong></span> <span class='ocrx_word' id='word_1_53' title='bbox 1455 909 1600 992; x_wconf 89' lang='lat' dir='ltr'><strong>percepit</strong></span> <span class='ocrx_word' id='word_1_54' title='bbox 1621 909 1756 993; x_wconf 86' lang='lat' dir='ltr'><strong>Ioseph:</strong></span> <span class='ocrx_word' id='word_1_55' title='bbox 1781 931 1818 976; x_wconf 89' lang='lat' dir='ltr'><strong>ao</strong></span> <span class='ocrx_word' id='word_1_56' title='bbox 1840 910 1869 974; x_wconf 89' lang='lat' dir='ltr'><strong>si</strong></span> <span class='ocrx_word' id='word_1_57' title='bbox 1887 910 2035 989; x_wconf 83' lang='lat' dir='ltr'><strong>dixisset,</strong></span> <span class='ocrx_word' id='word_1_58' title='bbox 2057 907 2141 992; x_wconf 94' lang='lat' dir='ltr'><strong>quod</strong></span> <span class='ocrx_word' id='word_1_59' title='bbox 2160 917 2332 992; x_wconf 88' lang='lat' dir='ltr'><strong>paternam</strong></span> 
     </span>
     <span class='ocr_line' id='line_1_6' title="bbox 338 994 2333 1078; baseline -0.003 -15"><span class='ocrx_word' id='word_1_60' title='bbox 338 997 578 1074; x_wconf 90' lang='lat' dir='ltr'><strong>fortitudinem,</strong></span> <span class='ocrx_word' id='word_1_61' title='bbox 602 996 680 1078; x_wconf 90' lang='lat' dir='ltr'><strong>quia</strong></span> <span class='ocrx_word' id='word_1_62' title='bbox 696 994 797 1058; x_wconf 91' lang='lat' dir='ltr'><strong>nullis</strong></span> <span class='ocrx_word' id='word_1_63' title='bbox 815 994 993 1077; x_wconf 90' lang='lat' dir='ltr'><strong>quamlibet</strong></span> <span class='ocrx_word' id='word_1_64' title='bbox 1010 995 1101 1060; x_wconf 86' lang='lat' dir='ltr'><strong>duris</strong></span> <span class='ocrx_word' id='word_1_65' title='bbox 1118 995 1309 1077; x_wconf 76' lang='lat' dir='ltr'><strong>infestisque</strong></span> <span class='ocrx_word' id='word_1_66' title='bbox 1361 997 1425 1061; x_wconf 92' lang='lat' dir='ltr'><strong>Dei</strong></span> <span class='ocrx_word' id='word_1_67' title='bbox 1446 1014 1558 1061; x_wconf 91' lang='lat' dir='ltr'><strong>curam</strong></span> <span class='ocrx_word' id='word_1_68' title='bbox 1581 997 1615 1058; x_wconf 94' lang='lat' dir='ltr'><strong>in</strong></span> <span class='ocrx_word' id='word_1_69' title='bbox 1634 1004 1665 1060; x_wconf 89' lang='lat' dir='ltr'><strong>te</strong></span> <span class='ocrx_word' id='word_1_70' title='bbox 1682 996 1827 1060; x_wconf 88' lang='lat' dir='ltr'><strong>iurando</strong></span> <span class='ocrx_word' id='word_1_71' title='bbox 1845 1006 2000 1078; x_wconf 82' lang='lat' dir='ltr'><strong>expertus</strong></span> <span class='ocrx_word' id='word_1_72' title='bbox 2022 1016 2066 1072; x_wconf 89' lang='lat' dir='ltr'><strong>es,</strong></span> <span class='ocrx_word' id='word_1_73' title='bbox 2089 995 2165 1060; x_wconf 79' lang='lat' dir='ltr'><strong>volo</strong></span> <span class='ocrx_word' id='word_1_74' title='bbox 2182 995 2244 1059; x_wconf 87' lang='lat' dir='ltr'><strong>hoc</strong></span> <span class='ocrx_word' id='word_1_75' title='bbox 2266 995 2333 1059; x_wconf 89' lang='lat' dir='ltr'><strong>foe-</strong></span> 
     </span>
     <span class='ocr_line' id='line_1_7' title="bbox 338 1079 2332 1166; baseline -0.003 -16"><span class='ocrx_word' id='word_1_76' title='bbox 338 1085 456 1150; x_wconf 91' lang='lat' dir='ltr'><strong>ictibus</strong></span> <span class='ocrx_word' id='word_1_77' title='bbox 477 1082 654 1148; x_wconf 74' lang='lat' dir='ltr'><strong>succubuit.</strong></span> <span class='ocrx_word' id='word_1_78' title='bbox 699 1081 806 1146; x_wconf 82' lang='lat' dir='ltr'><strong>Simul</strong></span> <span class='ocrx_word' id='word_1_79' title='bbox 829 1089 939 1146; x_wconf 87' lang='lat' dir='ltr'><strong>tamen</strong></span> <span class='ocrx_word' id='word_1_80' title='bbox 963 1079 1124 1158; x_wconf 89' lang='lat' dir='ltr'><strong>admonet,</strong></span> <span class='ocrx_word' id='word_1_81' title='bbox 1147 1101 1213 1145; x_wconf 91' lang='lat' dir='ltr'><strong>non</strong></span> <span class='ocrx_word' id='word_1_82' title='bbox 1236 1102 1309 1163; x_wconf 91' lang='lat' dir='ltr'><strong>pro·</strong></span> <span class='ocrx_word' id='word_1_83' title='bbox 1360 1081 1429 1145; x_wconf 91' lang='lat' dir='ltr'><strong>deri</strong></span> <span class='ocrx_word' id='word_1_84' title='bbox 1447 1081 1532 1163; x_wconf 91' lang='lat' dir='ltr'><strong>quod</strong></span> <span class='ocrx_word' id='word_1_85' title='bbox 1549 1102 1677 1147; x_wconf 90' lang='lat' dir='ltr'><strong>mecum</strong></span> <span class='ocrx_word' id='word_1_86' title='bbox 1695 1082 1828 1166; x_wconf 87' lang='lat' dir='ltr'><strong>pepigit,</strong></span> <span class='ocrx_word' id='word_1_87' title='bbox 1847 1090 2013 1165; x_wconf 86' lang='lat' dir='ltr'><strong>acceptum</strong></span> <span class='ocrx_word' id='word_1_88' title='bbox 2027 1081 2158 1147; x_wconf 85' lang='lat' dir='ltr'><strong>referas.</strong></span> <span class='ocrx_word' id='word_1_89' title='bbox 2192 1080 2332 1145; x_wconf 85' lang='lat' dir='ltr'><strong>Interim</strong></span> 
     </span>
     <span class='ocr_line' id='line_1_8' title="bbox 363 1164 2333 1254; baseline -0.002 -20"><span class='ocrx_word' id='word_1_90' title='bbox 363 1171 410 1234; x_wconf 88' lang='lat' dir='ltr'><strong>ria</strong></span> <span class='ocrx_word' id='word_1_91' title='bbox 428 1169 550 1233; x_wconf 90' lang='lat' dir='ltr'><strong>virtute</strong></span> <span class='ocrx_word' id='word_1_92' title='bbox 568 1167 696 1234; x_wconf 84' lang='lat' dir='ltr'><strong>stetisse</strong></span> <span class='ocrx_word' id='word_1_93' title='bbox 713 1167 782 1230; x_wconf 89' lang='lat' dir='ltr'><strong>eius</strong></span> <span class='ocrx_word' id='word_1_94' title='bbox 799 1166 942 1243; x_wconf 85' lang='lat' dir='ltr'><strong>brachia,</strong></span> <span class='ocrx_word' id='word_1_95' title='bbox 966 1165 1022 1231; x_wconf 94' lang='lat' dir='ltr'><strong>sed</strong></span> <span class='ocrx_word' id='word_1_96' title='bbox 1042 1164 1191 1231; x_wconf 85' lang='lat' dir='ltr'><strong>roborata</strong></span> <span class='ocrx_word' id='word_1_97' title='bbox 1208 1166 1310 1231; x_wconf 87' lang='lat' dir='ltr'><strong>fuisse</strong></span> <span class='ocrx_word' id='word_1_98' title='bbox 1361 1164 1413 1251; x_wconf 89' lang='lat' dir='ltr'><strong>(ut</strong></span> <span class='ocrx_word' id='word_1_99' title='bbox 1442 1165 1517 1230; x_wconf 87' lang='lat' dir='ltr'><strong>alibi</strong></span> <span class='ocrx_word' id='word_1_100' title='bbox 1549 1167 1672 1232; x_wconf 92' lang='lat' dir='ltr'><strong>dictum</strong></span> <span class='ocrx_word' id='word_1_101' title='bbox 1703 1166 1766 1254; x_wconf 91' lang='lat' dir='ltr'><strong>est)</strong></span> <span class='ocrx_word' id='word_1_102' title='bbox 1796 1167 1906 1232; x_wconf 92' lang='lat' dir='ltr'><strong>Deum</strong></span> <span class='ocrx_word' id='word_1_103' title='bbox 1943 1167 2036 1231; x_wconf 92' lang='lat' dir='ltr'><strong>illum</strong></span> <span class='ocrx_word' id='word_1_104' title='bbox 2067 1187 2162 1249; x_wconf 91' lang='lat' dir='ltr'><strong>quem</strong></span> <span class='ocrx_word' id='word_1_105' title='bbox 2191 1167 2333 1249; x_wconf 85' lang='lat' dir='ltr'><strong>posteris</strong></span> 
     </span>
     <span class='ocr_line' id='line_1_9' title="bbox 374 1251 2331 1336; baseline -0.002 -17"><span class='ocrx_word' id='word_1_106' title='bbox 374 1256 404 1320; x_wconf 88' lang='lat' dir='ltr'><strong>ei</strong></span> <span class='ocrx_word' id='word_1_107' title='bbox 435 1272 552 1319; x_wconf 89' lang='lat' dir='ltr'><strong>manu:</strong></span> <span class='ocrx_word' id='word_1_108' title='bbox 592 1273 688 1335; x_wconf 90' lang='lat' dir='ltr'><strong>quem</strong></span> <span class='ocrx_word' id='word_1_109' title='bbox 720 1252 842 1336; x_wconf 84' lang='lat' dir='ltr'><strong>insigni</strong></span> <span class='ocrx_word' id='word_1_110' title='bbox 875 1251 978 1335; x_wconf 91' lang='lat' dir='ltr'><strong>elogio</strong></span> <span class='ocrx_word' id='word_1_111' title='bbox 1011 1254 1159 1316; x_wconf 89' lang='lat' dir='ltr'><strong>nominat</strong></span> <span class='ocrx_word' id='word_1_112' title='bbox 1191 1253 1309 1316; x_wconf 84' lang='lat' dir='ltr'><strong>fortem</strong></span> <span class='ocrx_word' id='word_1_113' title='bbox 1360 1251 1530 1316; x_wconf 89' lang='lat' dir='ltr'><strong>colendum</strong></span> <span class='ocrx_word' id='word_1_114' title='bbox 1549 1253 1692 1333; x_wconf 80' lang='lat' dir='ltr'><strong>tradidit,</strong></span> <span class='ocrx_word' id='word_1_115' title='bbox 1716 1253 1755 1318; x_wconf 88' lang='lat' dir='ltr'><strong>ab</strong></span> <span class='ocrx_word' id='word_1_116' title='bbox 1769 1254 1919 1319; x_wconf 90' lang='lat' dir='ltr'><strong>omnibus</strong></span> <span class='ocrx_word' id='word_1_117' title='bbox 1937 1254 2060 1319; x_wconf 88' lang='lat' dir='ltr'><strong>fictitiis</strong></span> <span class='ocrx_word' id='word_1_118' title='bbox 2078 1251 2172 1318; x_wconf 91' lang='lat' dir='ltr'><strong>idolis</strong></span> <span class='ocrx_word' id='word_1_119' title='bbox 2190 1263 2331 1336; x_wconf 88' lang='lat' dir='ltr'><strong>separat.</strong></span> 
     </span>
     <span class='ocr_line' id='line_1_10' title="bbox 340 1338 2335 1422; baseline -0.002 -17"><span class='ocrx_word' id='word_1_120' title='bbox 340 1341 453 1407; x_wconf 80' lang='lat' dir='ltr'><strong>Iacob:</strong></span> <span class='ocrx_word' id='word_1_121' title='bbox 475 1339 552 1422; x_wconf 90' lang='lat' dir='ltr'><strong>quia</strong></span> <span class='ocrx_word' id='word_1_122' title='bbox 574 1360 666 1404; x_wconf 89' lang='lat' dir='ltr'><strong>suam</strong></span> <span class='ocrx_word' id='word_1_123' title='bbox 689 1338 912 1403; x_wconf 89' lang='lat' dir='ltr'><strong>fortitudinem</strong></span> <span class='ocrx_word' id='word_1_124' title='bbox 931 1338 1104 1421; x_wconf 84' lang='lat' dir='ltr'><strong>praecipue</strong></span> <span class='ocrx_word' id='word_1_125' title='bbox 1121 1339 1156 1402; x_wconf 92' lang='lat' dir='ltr'><strong>in</strong></span> <span class='ocrx_word' id='word_1_126' title='bbox 1176 1338 1310 1403; x_wconf 89' lang='lat' dir='ltr'><strong>ccclesia</strong></span> <span class='ocrx_word' id='word_1_127' title='bbox 1361 1339 1537 1420; x_wconf 89' lang='lat' dir='ltr'><strong>Postquam</strong></span> <span class='ocrx_word' id='word_1_128' title='bbox 1560 1347 1670 1403; x_wconf 89' lang='lat' dir='ltr'><strong>autem</strong></span> <span class='ocrx_word' id='word_1_129' title='bbox 1700 1347 1766 1404; x_wconf 90' lang='lat' dir='ltr'><strong>tam</strong></span> <span class='ocrx_word' id='word_1_130' title='bbox 1795 1340 1830 1404; x_wconf 91' lang='lat' dir='ltr'><strong>in</strong></span> <span class='ocrx_word' id='word_1_131' title='bbox 1859 1339 1951 1404; x_wconf 81' lang='lat' dir='ltr'><strong>victu</strong></span> <span class='ocrx_word' id='word_1_132' title='bbox 1979 1360 2078 1421; x_wconf 86' lang='lat' dir='ltr'><strong>quam</strong></span> <span class='ocrx_word' id='word_1_133' title='bbox 2106 1340 2139 1402; x_wconf 91' lang='lat' dir='ltr'><strong>in</strong></span> <span class='ocrx_word' id='word_1_134' title='bbox 2169 1338 2278 1402; x_wconf 91' lang='lat' dir='ltr'><strong>sobole</strong></span> <span class='ocrx_word' id='word_1_135' title='bbox 2300 1345 2335 1402; x_wconf 90' lang='lat' dir='ltr'><strong>et</strong></span> 
     </span>
     <span class='ocr_line' id='line_1_11' title="bbox 340 1423 2334 1509; baseline -0.003 -15"><span class='ocrx_word' id='word_1_136' title='bbox 340 1427 482 1509; x_wconf 87' lang='lat' dir='ltr'><strong>conspici</strong></span> <span class='ocrx_word' id='word_1_137' title='bbox 507 1424 585 1501; x_wconf 87' lang='lat' dir='ltr'><strong>vult,</strong></span> <span class='ocrx_word' id='word_1_138' title='bbox 609 1445 646 1490; x_wconf 87' lang='lat' dir='ltr'><strong>ao</strong></span> <span class='ocrx_word' id='word_1_139' title='bbox 664 1424 799 1507; x_wconf 89' lang='lat' dir='ltr'><strong>fulgere.</strong></span> <span class='ocrx_word' id='word_1_140' title='bbox 833 1423 966 1488; x_wconf 89' lang='lat' dir='ltr'><strong>Interea</strong></span> <span class='ocrx_word' id='word_1_141' title='bbox 989 1423 1133 1488; x_wconf 87' lang='lat' dir='ltr'><strong>declarat</strong></span> <span class='ocrx_word' id='word_1_142' title='bbox 1150 1424 1309 1488; x_wconf 83' lang='lat' dir='ltr'><strong>auxilium</strong></span> <span class='ocrx_word' id='word_1_143' title='bbox 1361 1423 1432 1488; x_wconf 91' lang='lat' dir='ltr'><strong>eius</strong></span> <span class='ocrx_word' id='word_1_144' title='bbox 1455 1425 1702 1489; x_wconf 83' lang='lat' dir='ltr'><strong>conservatione</strong></span> <span class='ocrx_word' id='word_1_145' title='bbox 1730 1423 1833 1490; x_wconf 86' lang='lat' dir='ltr'><strong>modis</strong></span> <span class='ocrx_word' id='word_1_146' title='bbox 1861 1425 2011 1490; x_wconf 89' lang='lat' dir='ltr'><strong>omnibus</strong></span> <span class='ocrx_word' id='word_1_147' title='bbox 2032 1424 2151 1506; x_wconf 87' lang='lat' dir='ltr'><strong>Ioseph</strong></span> <span class='ocrx_word' id='word_1_148' title='bbox 2180 1423 2334 1488; x_wconf 88' lang='lat' dir='ltr'><strong>benedie-</strong></span> 
     </span>
     <span class='ocr_line' id='line_1_12' title="bbox 340 1507 2333 1595; baseline -0.002 -17"><span class='ocrx_word' id='word_1_149' title='bbox 340 1534 403 1595; x_wconf 91' lang='lat' dir='ltr'><strong>quo</strong></span> <span class='ocrx_word' id='word_1_150' title='bbox 427 1511 556 1576; x_wconf 89' lang='lat' dir='ltr'><strong>adiutus</strong></span> <span class='ocrx_word' id='word_1_151' title='bbox 579 1511 640 1574; x_wconf 90' lang='lat' dir='ltr'><strong>luit</strong></span> <span class='ocrx_word' id='word_1_152' title='bbox 661 1510 794 1592; x_wconf 89' lang='lat' dir='ltr'><strong>Ioseph,</strong></span> <span class='ocrx_word' id='word_1_153' title='bbox 816 1507 893 1574; x_wconf 89' lang='lat' dir='ltr'><strong>inde</strong></span> <span class='ocrx_word' id='word_1_154' title='bbox 915 1510 1094 1592; x_wconf 85' lang='lat' dir='ltr'><strong>profectum</strong></span> <span class='ocrx_word' id='word_1_155' title='bbox 1117 1529 1203 1586; x_wconf 88' lang='lat' dir='ltr'><strong>esse,</strong></span> <span class='ocrx_word' id='word_1_156' title='bbox 1234 1510 1310 1592; x_wconf 87' lang='lat' dir='ltr'><strong>quia</strong></span> <span class='ocrx_word' id='word_1_157' title='bbox 1362 1517 1434 1573; x_wconf 92' lang='lat' dir='ltr'><strong>tum</strong></span> <span class='ocrx_word' id='word_1_158' title='bbox 1451 1509 1520 1574; x_wconf 81' lang='lat' dir='ltr'><strong>fore</strong></span> <span class='ocrx_word' id='word_1_159' title='bbox 1543 1519 1679 1576; x_wconf 88' lang='lat' dir='ltr'><strong>testatus</strong></span> <span class='ocrx_word' id='word_1_160' title='bbox 1702 1520 1759 1588; x_wconf 90' lang='lat' dir='ltr'><strong>est,</strong></span> <span class='ocrx_word' id='word_1_161' title='bbox 1783 1510 1999 1594; x_wconf 89' lang='lat' dir='ltr'><strong>propinquam</strong></span> <span class='ocrx_word' id='word_1_162' title='bbox 2028 1519 2061 1574; x_wconf 91' lang='lat' dir='ltr'><strong>et</strong></span> <span class='ocrx_word' id='word_1_163' title='bbox 2089 1511 2156 1574; x_wconf 88' lang='lat' dir='ltr'><strong>fere</strong></span> <span class='ocrx_word' id='word_1_164' title='bbox 2179 1531 2333 1592; x_wconf 86' lang='lat' dir='ltr'><strong>praesen·</strong></span> 
     </span>
     <span class='ocr_line' id='line_1_13' title="bbox 341 1593 2333 1677; baseline -0.002 -13"><span class='ocrx_word' id='word_1_165' title='bbox 341 1601 472 1664; x_wconf 92' lang='lat' dir='ltr'><strong>domum</strong></span> <span class='ocrx_word' id='word_1_166' title='bbox 492 1596 582 1660; x_wconf 89' lang='lat' dir='ltr'><strong>illam</strong></span> <span class='ocrx_word' id='word_1_167' title='bbox 604 1596 664 1662; x_wconf 87' lang='lat' dir='ltr'><strong>sibi</strong></span> <span class='ocrx_word' id='word_1_168' title='bbox 685 1593 774 1659; x_wconf 89' lang='lat' dir='ltr'><strong>Deus</strong></span> <span class='ocrx_word' id='word_1_169' title='bbox 797 1604 986 1677; x_wconf 87' lang='lat' dir='ltr'><strong>cooptasset.</strong></span> <span class='ocrx_word' id='word_1_170' title='bbox 1031 1595 1116 1660; x_wconf 89' lang='lat' dir='ltr'><strong>Nam</strong></span> <span class='ocrx_word' id='word_1_171' title='bbox 1139 1596 1200 1661; x_wconf 91' lang='lat' dir='ltr'><strong>hoc</strong></span> <span class='ocrx_word' id='word_1_172' title='bbox 1222 1595 1309 1660; x_wconf 88' lang='lat' dir='ltr'><strong>solli·</strong></span> <span class='ocrx_word' id='word_1_173' title='bbox 1362 1603 1493 1659; x_wconf 83' lang='lat' dir='ltr'><strong>teneam</strong></span> <span class='ocrx_word' id='word_1_174' title='bbox 1516 1597 1582 1661; x_wconf 90' lang='lat' dir='ltr'><strong>vim</strong></span> <span class='ocrx_word' id='word_1_175' title='bbox 1607 1595 1704 1661; x_wconf 88' lang='lat' dir='ltr'><strong>huius</strong></span> <span class='ocrx_word' id='word_1_176' title='bbox 1722 1616 1799 1662; x_wconf 86' lang='lat' dir='ltr'><strong>suae</strong></span> <span class='ocrx_word' id='word_1_177' title='bbox 1817 1596 2052 1661; x_wconf 89' lang='lat' dir='ltr'><strong>benedictionis</strong></span> <span class='ocrx_word' id='word_1_178' title='bbox 2070 1596 2195 1673; x_wconf 89' lang='lat' dir='ltr'><strong>asserit,</strong></span> <span class='ocrx_word' id='word_1_179' title='bbox 2218 1593 2333 1662; x_wconf 89' lang='lat' dir='ltr'><strong>dicens</strong></span> 
     </span>
     <span class='ocr_line' id='line_1_14' title="bbox 340 1679 2333 1764; baseline -0.003 -13"><span class='ocrx_word' id='word_1_180' title='bbox 340 1687 403 1752; x_wconf 88' lang='lat' dir='ltr'><strong>cite</strong></span> <span class='ocrx_word' id='word_1_181' title='bbox 424 1691 582 1749; x_wconf 87' lang='lat' dir='ltr'><strong>curarunt</strong></span> <span class='ocrx_word' id='word_1_182' title='bbox 604 1683 707 1746; x_wconf 89' lang='lat' dir='ltr'><strong>sancti</strong></span> <span class='ocrx_word' id='word_1_183' title='bbox 730 1690 855 1762; x_wconf 85' lang='lat' dir='ltr'><strong>patres,</strong></span> <span class='ocrx_word' id='word_1_184' title='bbox 886 1691 924 1744; x_wconf 88' lang='lat' dir='ltr'><strong>ut</strong></span> <span class='ocrx_word' id='word_1_185' title='bbox 947 1681 1009 1746; x_wconf 91' lang='lat' dir='ltr'><strong>sibi</strong></span> <span class='ocrx_word' id='word_1_186' title='bbox 1039 1688 1073 1745; x_wconf 90' lang='lat' dir='ltr'><strong>et</strong></span> <span class='ocrx_word' id='word_1_187' title='bbox 1094 1681 1161 1746; x_wconf 89' lang='lat' dir='ltr'><strong>suis</strong></span> <span class='ocrx_word' id='word_1_188' title='bbox 1183 1680 1218 1744; x_wconf 91' lang='lat' dir='ltr'><strong>in</strong></span> <span class='ocrx_word' id='word_1_189' title='bbox 1241 1701 1309 1744; x_wconf 89' lang='lat' dir='ltr'><strong>me·</strong></span> <span class='ocrx_word' id='word_1_190' title='bbox 1362 1703 1396 1746; x_wconf 89' lang='lat' dir='ltr'><strong>se</strong></span> <span class='ocrx_word' id='word_1_191' title='bbox 1429 1681 1590 1747; x_wconf 84' lang='lat' dir='ltr'><strong>efficacius</strong></span> <span class='ocrx_word' id='word_1_192' title='bbox 1623 1683 1652 1745; x_wconf 91' lang='lat' dir='ltr'><strong>ei</strong></span> <span class='ocrx_word' id='word_1_193' title='bbox 1686 1681 1876 1748; x_wconf 89' lang='lat' dir='ltr'><strong>benedicere</strong></span> <span class='ocrx_word' id='word_1_194' title='bbox 1909 1701 2007 1764; x_wconf 87' lang='lat' dir='ltr'><strong>quam</strong></span> <span class='ocrx_word' id='word_1_195' title='bbox 2037 1681 2108 1764; x_wconf 88' lang='lat' dir='ltr'><strong>ipse</strong></span> <span class='ocrx_word' id='word_1_196' title='bbox 2140 1679 2333 1746; x_wconf 89' lang='lat' dir='ltr'><strong>benedictus</strong></span> 
     </span>
     <span class='ocr_line' id='line_1_15' title="bbox 340 1764 2333 1851; baseline -0.003 -16"><span class='ocrx_word' id='word_1_197' title='bbox 340 1771 478 1835; x_wconf 90' lang='lat' dir='ltr'><strong>moriam</strong></span> <span class='ocrx_word' id='word_1_198' title='bbox 500 1769 628 1833; x_wconf 81' lang='lat' dir='ltr'><strong>veniret</strong></span> <span class='ocrx_word' id='word_1_199' title='bbox 649 1767 828 1851; x_wconf 85' lang='lat' dir='ltr'><strong>gratuitum</strong></span> <span class='ocrx_word' id='word_1_200' title='bbox 851 1764 915 1830; x_wconf 90' lang='lat' dir='ltr'><strong>Dei</strong></span> <span class='ocrx_word' id='word_1_201' title='bbox 944 1766 1068 1846; x_wconf 84' lang='lat' dir='ltr'><strong>foedus,</strong></span> <span class='ocrx_word' id='word_1_202' title='bbox 1102 1767 1229 1850; x_wconf 89' lang='lat' dir='ltr'><strong>quoties</strong></span> <span class='ocrx_word' id='word_1_203' title='bbox 1251 1766 1309 1829; x_wconf 91' lang='lat' dir='ltr'><strong>ali·</strong></span> <span class='ocrx_word' id='word_1_204' title='bbox 1362 1767 1461 1830; x_wconf 89' lang='lat' dir='ltr'><strong>fuerit</strong></span> <span class='ocrx_word' id='word_1_205' title='bbox 1483 1789 1502 1830; x_wconf 89' lang='lat' dir='ltr'><strong>a</strong></span> <span class='ocrx_word' id='word_1_206' title='bbox 1524 1766 1680 1848; x_wconf 88' lang='lat' dir='ltr'><strong>putribus.</strong></span> <span class='ocrx_word' id='word_1_207' title='bbox 1721 1767 1917 1850; x_wconf 77' lang='lat' dir='ltr'><strong>Quanquam</strong></span> <span class='ocrx_word' id='word_1_208' title='bbox 1940 1768 2027 1831; x_wconf 91' lang='lat' dir='ltr'><strong>enim</strong></span> <span class='ocrx_word' id='word_1_209' title='bbox 2051 1767 2090 1832; x_wconf 89' lang='lat' dir='ltr'><strong>ab</strong></span> <span class='ocrx_word' id='word_1_210' title='bbox 2115 1767 2208 1830; x_wconf 89' lang='lat' dir='ltr'><strong>initio</strong></span> <span class='ocrx_word' id='word_1_211' title='bbox 2232 1787 2333 1832; x_wconf 69' lang='grc' dir='ltr'>ιιι-ιιι</span> 
     </span>
     <span class='ocr_line' id='line_1_16' title="bbox 341 1852 2334 1940; baseline -0.003 -20"><span class='ocrx_word' id='word_1_212' title='bbox 341 1854 427 1940; x_wconf 92' lang='lat' dir='ltr'><strong>quod</strong></span> <span class='ocrx_word' id='word_1_213' title='bbox 450 1854 644 1918; x_wconf 88' lang='lat' dir='ltr'><strong>beneficium</strong></span> <span class='ocrx_word' id='word_1_214' title='bbox 674 1854 742 1918; x_wconf 90' lang='lat' dir='ltr'><strong>eius</strong></span> <span class='ocrx_word' id='word_1_215' title='bbox 772 1853 965 1936; x_wconf 88' lang='lat' dir='ltr'><strong>praestitum</strong></span> <span class='ocrx_word' id='word_1_216' title='bbox 996 1853 1111 1917; x_wconf 87' lang='lat' dir='ltr'><strong>luerat.</strong></span> <span class='ocrx_word' id='word_1_217' title='bbox 1155 1853 1201 1916; x_wconf 84' lang='lat' dir='ltr'><strong>Ilt</strong></span> <span class='ocrx_word' id='word_1_218' title='bbox 1222 1863 1311 1917; x_wconf 91' lang='lat' dir='ltr'><strong>certe</strong></span> <span class='ocrx_word' id='word_1_219' title='bbox 1360 1852 1468 1917; x_wconf 83' lang='lat' dir='ltr'><strong>fuerat</strong></span> <span class='ocrx_word' id='word_1_220' title='bbox 1487 1853 1578 1918; x_wconf 90' lang='lat' dir='ltr'><strong>Deus</strong></span> <span class='ocrx_word' id='word_1_221' title='bbox 1599 1854 1634 1916; x_wconf 93' lang='lat' dir='ltr'><strong>in</strong></span> <span class='ocrx_word' id='word_1_222' title='bbox 1657 1853 1723 1918; x_wconf 90' lang='lat' dir='ltr'><strong>suis</strong></span> <span class='ocrx_word' id='word_1_223' title='bbox 1744 1855 1927 1936; x_wconf 85' lang='lat' dir='ltr'><strong>promissis,</strong></span> <span class='ocrx_word' id='word_1_224' title='bbox 1950 1853 2100 1917; x_wconf 88' lang='lat' dir='ltr'><strong>effectum</strong></span> <span class='ocrx_word' id='word_1_225' title='bbox 2123 1861 2234 1916; x_wconf 86' lang='lat' dir='ltr'><strong>tamen</strong></span> <span class='ocrx_word' id='word_1_226' title='bbox 2259 1873 2334 1935; x_wconf 87' lang='lat' dir='ltr'><strong>per-</strong></span> 
     </span>
     <span class='ocr_line' id='line_1_17' title="bbox 340 1936 2334 2022; baseline -0.002 -16"><span class='ocrx_word' id='word_1_227' title='bbox 340 1940 446 2022; x_wconf 88' lang='lat' dir='ltr'><strong>turpis</strong></span> <span class='ocrx_word' id='word_1_228' title='bbox 479 1938 643 2004; x_wconf 89' lang='lat' dir='ltr'><strong>socordiae</strong></span> <span class='ocrx_word' id='word_1_229' title='bbox 676 1947 723 2003; x_wconf 88' lang='lat' dir='ltr'><strong>est</strong></span> <span class='ocrx_word' id='word_1_230' title='bbox 758 1959 822 2002; x_wconf 92' lang='lat' dir='ltr'><strong>non</strong></span> <span class='ocrx_word' id='word_1_231' title='bbox 858 1939 1022 2020; x_wconf 91' lang='lat' dir='ltr'><strong>inquirere</strong></span> <span class='ocrx_word' id='word_1_232' title='bbox 1055 1959 1097 2003; x_wconf 83' lang='lat' dir='ltr'><strong>ex</strong></span> <span class='ocrx_word' id='word_1_233' title='bbox 1129 1959 1192 2020; x_wconf 93' lang='lat' dir='ltr'><strong>quo</strong></span> <span class='ocrx_word' id='word_1_234' title='bbox 1221 1937 1310 2002; x_wconf 87' lang='lat' dir='ltr'><strong>fonte</strong></span> <span class='ocrx_word' id='word_1_235' title='bbox 1362 1936 1438 2001; x_wconf 92' lang='lat' dir='ltr'><strong>inde</strong></span> <span class='ocrx_word' id='word_1_236' title='bbox 1467 1938 1609 2016; x_wconf 93' lang='lat' dir='ltr'><strong>distulit,</strong></span> <span class='ocrx_word' id='word_1_237' title='bbox 1643 1959 1681 2002; x_wconf 92' lang='lat' dir='ltr'><strong>ac</strong></span> <span class='ocrx_word' id='word_1_238' title='bbox 1702 1941 1730 2003; x_wconf 90' lang='lat' dir='ltr'><strong>si</strong></span> <span class='ocrx_word' id='word_1_239' title='bbox 1754 1940 1861 2004; x_wconf 89' lang='lat' dir='ltr'><strong>verbis</strong></span> <span class='ocrx_word' id='word_1_240' title='bbox 1883 1947 2011 2004; x_wconf 88' lang='lat' dir='ltr'><strong>tantum</strong></span> <span class='ocrx_word' id='word_1_241' title='bbox 2035 1939 2214 2016; x_wconf 84' lang='lat' dir='ltr'><strong>Abraham,</strong></span> <span class='ocrx_word' id='word_1_242' title='bbox 2238 1938 2334 2003; x_wconf 86' lang='lat' dir='ltr'><strong>Isaac</strong></span> 
     </span>
     <span class='ocr_line' id='line_1_18' title="bbox 341 2023 2332 2108; baseline -0.004 -15"><span class='ocrx_word' id='word_1_243' title='bbox 341 2027 491 2093; x_wconf 89' lang='lat' dir='ltr'><strong>bibamus</strong></span> <span class='ocrx_word' id='word_1_244' title='bbox 525 2045 651 2107; x_wconf 87' lang='lat' dir='ltr'><strong>aquam.</strong></span> <span class='ocrx_word' id='word_1_245' title='bbox 702 2023 833 2088; x_wconf 90' lang='lat' dir='ltr'><strong>Interea</strong></span> <span class='ocrx_word' id='word_1_246' title='bbox 864 2025 961 2088; x_wconf 88' lang='lat' dir='ltr'><strong>tacite</strong></span> <span class='ocrx_word' id='word_1_247' title='bbox 994 2024 1103 2089; x_wconf 90' lang='lat' dir='ltr'><strong>decem</strong></span> <span class='ocrx_word' id='word_1_248' title='bbox 1137 2025 1213 2089; x_wconf 90' lang='lat' dir='ltr'><strong>filiis</strong></span> <span class='ocrx_word' id='word_1_249' title='bbox 1242 2023 1311 2088; x_wconf 90' lang='lat' dir='ltr'><strong>suis</strong></span> <span class='ocrx_word' id='word_1_250' title='bbox 1362 2032 1394 2088; x_wconf 92' lang='lat' dir='ltr'><strong>et</strong></span> <span class='ocrx_word' id='word_1_251' title='bbox 1417 2025 1515 2089; x_wconf 90' lang='lat' dir='ltr'><strong>Iacob</strong></span> <span class='ocrx_word' id='word_1_252' title='bbox 1537 2025 1681 2089; x_wconf 89' lang='lat' dir='ltr'><strong>lactaret.</strong></span> <span class='ocrx_word' id='word_1_253' title='bbox 1719 2025 1802 2089; x_wconf 88' lang='lat' dir='ltr'><strong>Nam</strong></span> <span class='ocrx_word' id='word_1_254' title='bbox 1826 2045 1993 2108; x_wconf 89' lang='lat' dir='ltr'><strong>quousque</strong></span> <span class='ocrx_word' id='word_1_255' title='bbox 2015 2024 2050 2088; x_wconf 95' lang='lat' dir='ltr'><strong>in</strong></span> <span class='ocrx_word' id='word_1_256' title='bbox 2073 2025 2223 2107; x_wconf 80' lang='lat' dir='ltr'><strong>Aegypto</strong></span> <span class='ocrx_word' id='word_1_257' title='bbox 2246 2024 2332 2087; x_wconf 93' lang='lat' dir='ltr'><strong>mul-</strong></span> 
     </span>
     <span class='ocr_line' id='line_1_19' title="bbox 342 2107 2332 2195; baseline -0.005 -15"><span class='ocrx_word' id='word_1_258' title='bbox 342 2111 518 2195; x_wconf 87' lang='lat' dir='ltr'><strong>exprobrat</strong></span> <span class='ocrx_word' id='word_1_259' title='bbox 548 2110 687 2191; x_wconf 90' lang='lat' dir='ltr'><strong>impium</strong></span> <span class='ocrx_word' id='word_1_260' title='bbox 727 2119 760 2173; x_wconf 91' lang='lat' dir='ltr'><strong>et</strong></span> <span class='ocrx_word' id='word_1_261' title='bbox 796 2109 989 2192; x_wconf 89' lang='lat' dir='ltr'><strong>sacrilegum</strong></span> <span class='ocrx_word' id='word_1_262' title='bbox 1030 2111 1188 2188; x_wconf 87' lang='lat' dir='ltr'><strong>furorem,</strong></span> <span class='ocrx_word' id='word_1_263' title='bbox 1226 2108 1311 2192; x_wconf 92' lang='lat' dir='ltr'><strong>quod</strong></span> <span class='ocrx_word' id='word_1_264' title='bbox 1362 2109 1500 2191; x_wconf 89' lang='lat' dir='ltr'><strong>tiplicati</strong></span> <span class='ocrx_word' id='word_1_265' title='bbox 1515 2117 1593 2174; x_wconf 90' lang='lat' dir='ltr'><strong>sunt</strong></span> <span class='ocrx_word' id='word_1_266' title='bbox 1605 2109 1822 2192; x_wconf 89' lang='lat' dir='ltr'><strong>patriarchae:</strong></span> <span class='ocrx_word' id='word_1_267' title='bbox 1846 2111 1901 2175; x_wconf 92' lang='lat' dir='ltr'><strong>ubi</strong></span> <span class='ocrx_word' id='word_1_268' title='bbox 1912 2112 2110 2176; x_wconf 89' lang='lat' dir='ltr'><strong>immensum</strong></span> <span class='ocrx_word' id='word_1_269' title='bbox 2121 2107 2203 2174; x_wconf 91' lang='lat' dir='ltr'><strong>illud</strong></span> <span class='ocrx_word' id='word_1_270' title='bbox 2219 2129 2332 2175; x_wconf 90' lang='lat' dir='ltr'><strong>semen</strong></span> 
     </span>
     <span class='ocr_line' id='line_1_20' title="bbox 341 2193 2333 2278; baseline -0.002 -15"><span class='ocrx_word' id='word_1_271' title='bbox 341 2218 456 2263; x_wconf 90' lang='lat' dir='ltr'><strong>necem</strong></span> <span class='ocrx_word' id='word_1_272' title='bbox 475 2196 570 2260; x_wconf 79' lang='lat' dir='ltr'><strong>tratri</strong></span> <span class='ocrx_word' id='word_1_273' title='bbox 588 2216 646 2259; x_wconf 90' lang='lat' dir='ltr'><strong>suo</strong></span> <span class='ocrx_word' id='word_1_274' title='bbox 658 2193 885 2271; x_wconf 88' lang='lat' dir='ltr'><strong>machinando,</strong></span> <span class='ocrx_word' id='word_1_275' title='bbox 905 2195 1076 2278; x_wconf 90' lang='lat' dir='ltr'><strong>gigantum</strong></span> <span class='ocrx_word' id='word_1_276' title='bbox 1089 2215 1177 2260; x_wconf 89' lang='lat' dir='ltr'><strong>more</strong></span> <span class='ocrx_word' id='word_1_277' title='bbox 1190 2195 1311 2260; x_wconf 91' lang='lat' dir='ltr'><strong>bellum</strong></span> <span class='ocrx_word' id='word_1_278' title='bbox 1363 2193 1448 2276; x_wconf 91' lang='lat' dir='ltr'><strong>quod</strong></span> <span class='ocrx_word' id='word_1_279' title='bbox 1471 2205 1626 2278; x_wconf 87' lang='lat' dir='ltr'><strong>aequaret</strong></span> <span class='ocrx_word' id='word_1_280' title='bbox 1646 2215 1779 2260; x_wconf 89' lang='lat' dir='ltr'><strong>arenam</strong></span> <span class='ocrx_word' id='word_1_281' title='bbox 1802 2197 1901 2261; x_wconf 89' lang='lat' dir='ltr'><strong>maris</strong></span> <span class='ocrx_word' id='word_1_282' title='bbox 1930 2205 1963 2261; x_wconf 91' lang='lat' dir='ltr'><strong>et</strong></span> <span class='ocrx_word' id='word_1_283' title='bbox 1985 2195 2098 2260; x_wconf 87' lang='lat' dir='ltr'><strong>stellae</strong></span> <span class='ocrx_word' id='word_1_284' title='bbox 2120 2194 2225 2260; x_wconf 80' lang='lat' dir='ltr'><strong>coeli?</strong></span> <span class='ocrx_word' id='word_1_285' title='bbox 2258 2195 2333 2259; x_wconf 88' lang='lat' dir='ltr'><strong>Non</strong></span> 
     </span>
     <span class='ocr_line' id='line_1_21' title="bbox 341 2280 2334 2366; baseline -0.003 -18"><span class='ocrx_word' id='word_1_286' title='bbox 341 2305 416 2348; x_wconf 91' lang='lat' dir='ltr'><strong>cum</strong></span> <span class='ocrx_word' id='word_1_287' title='bbox 438 2280 511 2346; x_wconf 92' lang='lat' dir='ltr'><strong>Deo</strong></span> <span class='ocrx_word' id='word_1_288' title='bbox 533 2281 708 2366; x_wconf 85' lang='lat' dir='ltr'><strong>gesserint:</strong></span> <span class='ocrx_word' id='word_1_289' title='bbox 732 2281 829 2344; x_wconf 92' lang='lat' dir='ltr'><strong>simul</strong></span> <span class='ocrx_word' id='word_1_290' title='bbox 850 2282 885 2344; x_wconf 94' lang='lat' dir='ltr'><strong>iu</strong></span> <span class='ocrx_word' id='word_1_291' title='bbox 908 2289 1073 2362; x_wconf 90' lang='lat' dir='ltr'><strong>posterum</strong></span> <span class='ocrx_word' id='word_1_292' title='bbox 1092 2281 1252 2357; x_wconf 89' lang='lat' dir='ltr'><strong>admonet,</strong></span> <span class='ocrx_word' id='word_1_293' title='bbox 1276 2287 1313 2343; x_wconf 93' lang='lat' dir='ltr'><strong>ut</strong></span> <span class='ocrx_word' id='word_1_294' title='bbox 1363 2280 1421 2345; x_wconf 86' lang='lat' dir='ltr'><strong>abs</strong></span> <span class='ocrx_word' id='word_1_295' title='bbox 1443 2302 1478 2344; x_wconf 91' lang='lat' dir='ltr'><strong>re</strong></span> <span class='ocrx_word' id='word_1_296' title='bbox 1500 2282 1602 2364; x_wconf 89' lang='lat' dir='ltr'><strong>igitur</strong></span> <span class='ocrx_word' id='word_1_297' title='bbox 1623 2281 1719 2346; x_wconf 87' lang='lat' dir='ltr'><strong>Iacob</strong></span> <span class='ocrx_word' id='word_1_298' title='bbox 1748 2291 1915 2347; x_wconf 91' lang='lat' dir='ltr'><strong>maturum</strong></span> <span class='ocrx_word' id='word_1_299' title='bbox 1944 2282 2071 2347; x_wconf 83' lang='lat' dir='ltr'><strong>venisse</strong></span> <span class='ocrx_word' id='word_1_300' title='bbox 2100 2295 2229 2364; x_wconf 89' lang='lat' dir='ltr'><strong>tempus</strong></span> <span class='ocrx_word' id='word_1_301' title='bbox 2258 2301 2334 2362; x_wconf 92' lang='lat' dir='ltr'><strong>pro-</strong></span> 
     </span>
     <span class='ocr_line' id='line_1_22' title="bbox 341 2365 2334 2451; baseline -0.003 -17"><span class='ocrx_word' id='word_1_302' title='bbox 341 2369 405 2434; x_wconf 91' lang='lat' dir='ltr'><strong>Dei</strong></span> <span class='ocrx_word' id='word_1_303' title='bbox 434 2368 544 2451; x_wconf 91' lang='lat' dir='ltr'><strong>potius</strong></span> <span class='ocrx_word' id='word_1_304' title='bbox 573 2366 677 2432; x_wconf 88' lang='lat' dir='ltr'><strong>tutela</strong></span> <span class='ocrx_word' id='word_1_305' title='bbox 707 2366 833 2450; x_wconf 86' lang='lat' dir='ltr'><strong>protegi</strong></span> <span class='ocrx_word' id='word_1_306' title='bbox 864 2366 982 2430; x_wconf 91' lang='lat' dir='ltr'><strong>malint</strong></span> <span class='ocrx_word' id='word_1_307' title='bbox 1010 2388 1108 2448; x_wconf 88' lang='lat' dir='ltr'><strong>quam</strong></span> <span class='ocrx_word' id='word_1_308' title='bbox 1142 2387 1216 2430; x_wconf 92' lang='lat' dir='ltr'><strong>eum</strong></span> <span class='ocrx_word' id='word_1_309' title='bbox 1250 2365 1312 2431; x_wconf 91' lang='lat' dir='ltr'><strong>sibi</strong></span> <span class='ocrx_word' id='word_1_310' title='bbox 1363 2367 1498 2431; x_wconf 87' lang='lat' dir='ltr'><strong>nunciat</strong></span> <span class='ocrx_word' id='word_1_311' title='bbox 1520 2387 1584 2449; x_wconf 91' lang='lat' dir='ltr'><strong>quo</strong></span> <span class='ocrx_word' id='word_1_312' title='bbox 1606 2367 1658 2432; x_wconf 87' lang='lat' dir='ltr'><strong>vie</strong></span> <span class='ocrx_word' id='word_1_313' title='bbox 1679 2367 1942 2433; x_wconf 89' lang='lat' dir='ltr'><strong>benedictionum</strong></span> <span class='ocrx_word' id='word_1_314' title='bbox 1960 2375 2115 2448; x_wconf 80' lang='lat' dir='ltr'><strong>emerget</strong></span> <span class='ocrx_word' id='word_1_315' title='bbox 2138 2387 2221 2448; x_wconf 88' lang='lat' dir='ltr'><strong>quac</strong></span> <span class='ocrx_word' id='word_1_316' title='bbox 2240 2367 2334 2430; x_wconf 85' lang='lat' dir='ltr'><strong>velut</strong></span> 
     </span>
     <span class='ocr_line' id='line_1_23' title="bbox 341 2451 2335 2534; baseline -0.003 -13"><span class='ocrx_word' id='word_1_317' title='bbox 341 2456 507 2521; x_wconf 81' lang='lat' dir='ltr'><strong>insensum</strong></span> <span class='ocrx_word' id='word_1_318' title='bbox 536 2454 675 2528; x_wconf 89' lang='lat' dir='ltr'><strong>sentire,</strong></span> <span class='ocrx_word' id='word_1_319' title='bbox 713 2453 788 2534; x_wconf 90' lang='lat' dir='ltr'><strong>qnia</strong></span> <span class='ocrx_word' id='word_1_320' title='bbox 821 2452 944 2534; x_wconf 89' lang='lat' dir='ltr'><strong>pariter</strong></span> <span class='ocrx_word' id='word_1_321' title='bbox 977 2451 1128 2517; x_wconf 90' lang='lat' dir='ltr'><strong>omnibns</strong></span> <span class='ocrx_word' id='word_1_322' title='bbox 1161 2452 1312 2517; x_wconf 80' lang='lat' dir='ltr'><strong>auxiliari</strong></span> <span class='ocrx_word' id='word_1_323' title='bbox 1362 2454 1397 2515; x_wconf 94' lang='lat' dir='ltr'><strong>in</strong></span> <span class='ocrx_word' id='word_1_324' title='bbox 1420 2451 1582 2533; x_wconf 90' lang='lat' dir='ltr'><strong>profundo</strong></span> <span class='ocrx_word' id='word_1_325' title='bbox 1605 2453 1755 2519; x_wconf 89' lang='lat' dir='ltr'><strong>latuerat.</strong></span> <span class='ocrx_word' id='word_1_326' title='bbox 1789 2454 1892 2518; x_wconf 92' lang='lat' dir='ltr'><strong>Porro</strong></span> <span class='ocrx_word' id='word_1_327' title='bbox 1914 2453 1996 2518; x_wconf 87' lang='lat' dir='ltr'><strong>baec</strong></span> <span class='ocrx_word' id='word_1_328' title='bbox 2018 2452 2217 2533; x_wconf 87' lang='lat' dir='ltr'><strong>comparatio</strong></span> <span class='ocrx_word' id='word_1_329' title='bbox 2241 2451 2335 2516; x_wconf 88' lang='lat' dir='ltr'><strong>nobis</strong></span> 
     </span>
     <span class='ocr_line' id='line_1_24' title="bbox 342 2536 2335 2621; baseline -0.003 -15"><span class='ocrx_word' id='word_1_330' title='bbox 342 2541 432 2606; x_wconf 89' lang='lat' dir='ltr'><strong>velit.</strong></span> <span class='ocrx_word' id='word_1_331' title='bbox 488 2538 576 2603; x_wconf 90' lang='lat' dir='ltr'><strong>Hinc</strong></span> <span class='ocrx_word' id='word_1_332' title='bbox 615 2547 728 2603; x_wconf 88' lang='lat' dir='ltr'><strong>autem</strong></span> <span class='ocrx_word' id='word_1_333' title='bbox 766 2538 983 2602; x_wconf 89' lang='lat' dir='ltr'><strong>communiter</strong></span> <span class='ocrx_word' id='word_1_334' title='bbox 1023 2538 1062 2602; x_wconf 87' lang='lat' dir='ltr'><strong>ad</strong></span> <span class='ocrx_word' id='word_1_335' title='bbox 1097 2557 1211 2604; x_wconf 89' lang='lat' dir='ltr'><strong>omnes</strong></span> <span class='ocrx_word' id='word_1_336' title='bbox 1243 2540 1313 2620; x_wconf 92' lang='lat' dir='ltr'><strong>pios</strong></span> <span class='ocrx_word' id='word_1_337' title='bbox 1363 2537 1458 2602; x_wconf 91' lang='lat' dir='ltr'><strong>hodie</strong></span> <span class='ocrx_word' id='word_1_338' title='bbox 1481 2538 1579 2621; x_wconf 91' lang='lat' dir='ltr'><strong>longe</strong></span> <span class='ocrx_word' id='word_1_339' title='bbox 1601 2538 1674 2619; x_wconf 89' lang='lat' dir='ltr'><strong>plus</strong></span> <span class='ocrx_word' id='word_1_340' title='bbox 1689 2538 1865 2604; x_wconf 85' lang='lat' dir='ltr'><strong>alacritatis</strong></span> <span class='ocrx_word' id='word_1_341' title='bbox 1887 2537 2005 2603; x_wconf 88' lang='lat' dir='ltr'><strong>addere</strong></span> <span class='ocrx_word' id='word_1_342' title='bbox 2017 2536 2121 2616; x_wconf 88' lang='lat' dir='ltr'><strong>debet,</strong></span> <span class='ocrx_word' id='word_1_343' title='bbox 2141 2559 2218 2602; x_wconf 88' lang='lat' dir='ltr'><strong>nam</strong></span> <span class='ocrx_word' id='word_1_344' title='bbox 2236 2537 2335 2621; x_wconf 89' lang='lat' dir='ltr'><strong>plena</strong></span> 
     </span>
     <span class='ocr_line' id='line_1_25' title="bbox 342 2620 2333 2707; baseline -0.004 -15"><span class='ocrx_word' id='word_1_345' title='bbox 342 2633 455 2692; x_wconf 89' lang='lat' dir='ltr'><strong>manat</strong></span> <span class='ocrx_word' id='word_1_346' title='bbox 476 2623 569 2690; x_wconf 86' lang='lat' dir='ltr'><strong>valde</strong></span> <span class='ocrx_word' id='word_1_347' title='bbox 592 2623 682 2688; x_wconf 87' lang='lat' dir='ltr'><strong>utilis</strong></span> <span class='ocrx_word' id='word_1_348' title='bbox 704 2623 895 2702; x_wconf 88' lang='lat' dir='ltr'><strong>consolatio,</strong></span> <span class='ocrx_word' id='word_1_349' title='bbox 924 2623 1059 2688; x_wconf 90' lang='lat' dir='ltr'><strong>damin</strong></span> <span class='ocrx_word' id='word_1_350' title='bbox 1082 2623 1189 2688; x_wconf 91' lang='lat' dir='ltr'><strong>medio</strong></span> <span class='ocrx_word' id='word_1_351' title='bbox 1211 2625 1312 2690; x_wconf 89' lang='lat' dir='ltr'><strong>eccle·</strong></span> <span class='ocrx_word' id='word_1_352' title='bbox 1364 2624 1489 2707; x_wconf 90' lang='lat' dir='ltr'><strong>gratiae</strong></span> <span class='ocrx_word' id='word_1_353' title='bbox 1511 2624 1573 2688; x_wconf 89' lang='lat' dir='ltr'><strong>Dei</strong></span> <span class='ocrx_word' id='word_1_354' title='bbox 1597 2625 1740 2700; x_wconf 87' lang='lat' dir='ltr'><strong>ubertas,</strong></span> <span class='ocrx_word' id='word_1_355' title='bbox 1763 2645 1846 2706; x_wconf 90' lang='lat' dir='ltr'><strong>quae</strong></span> <span class='ocrx_word' id='word_1_356' title='bbox 1866 2626 1902 2688; x_wconf 91' lang='lat' dir='ltr'><strong>in</strong></span> <span class='ocrx_word' id='word_1_357' title='bbox 1918 2623 2054 2697; x_wconf 75' lang='lat' dir='ltr'><strong>Christo</strong></span> <span class='ocrx_word' id='word_1_358' title='bbox 2077 2623 2214 2702; x_wconf 84' lang='lat' dir='ltr'><strong>affluxit,</strong></span> <span class='ocrx_word' id='word_1_359' title='bbox 2239 2620 2333 2705; x_wconf 92' lang='lat' dir='ltr'><strong>qnid·</strong></span> 
     </span>
     <span class='ocr_line' id='line_1_26' title="bbox 342 2708 2334 2792; baseline -0.003 -15"><span class='ocrx_word' id='word_1_360' title='bbox 342 2713 410 2778; x_wconf 91' lang='lat' dir='ltr'><strong>siae</strong></span> <span class='ocrx_word' id='word_1_361' title='bbox 430 2708 572 2775; x_wconf 87' lang='lat' dir='ltr'><strong>residere</strong></span> <span class='ocrx_word' id='word_1_362' title='bbox 594 2709 733 2774; x_wconf 87' lang='lat' dir='ltr'><strong>audiunt</strong></span> <span class='ocrx_word' id='word_1_363' title='bbox 754 2708 819 2773; x_wconf 94' lang='lat' dir='ltr'><strong>Dei</strong></span> <span class='ocrx_word' id='word_1_364' title='bbox 841 2712 1013 2774; x_wconf 82' lang='lat' dir='ltr'><strong>virtutem:</strong></span> <span class='ocrx_word' id='word_1_365' title='bbox 1038 2709 1134 2774; x_wconf 90' lang='lat' dir='ltr'><strong>modo</strong></span> <span class='ocrx_word' id='word_1_366' title='bbox 1156 2710 1255 2774; x_wconf 88' lang='lat' dir='ltr'><strong>etiam</strong></span> <span class='ocrx_word' id='word_1_367' title='bbox 1277 2711 1311 2774; x_wconf 93' lang='lat' dir='ltr'><strong>in</strong></span> <span class='ocrx_word' id='word_1_368' title='bbox 1364 2708 1441 2791; x_wconf 94' lang='lat' dir='ltr'><strong>quid</strong></span> <span class='ocrx_word' id='word_1_369' title='bbox 1460 2710 1621 2774; x_wconf 91' lang='lat' dir='ltr'><strong>bonorum</strong></span> <span class='ocrx_word' id='word_1_370' title='bbox 1648 2711 1785 2792; x_wconf 88' lang='lat' dir='ltr'><strong>percipit</strong></span> <span class='ocrx_word' id='word_1_371' title='bbox 1817 2717 1851 2775; x_wconf 92' lang='lat' dir='ltr'><strong>et</strong></span> <span class='ocrx_word' id='word_1_372' title='bbox 1881 2710 1984 2774; x_wconf 90' lang='lat' dir='ltr'><strong>sensit</strong></span> <span class='ocrx_word' id='word_1_373' title='bbox 2012 2708 2148 2792; x_wconf 90' lang='lat' dir='ltr'><strong>Ioseph,</strong></span> <span class='ocrx_word' id='word_1_374' title='bbox 2178 2708 2334 2792; x_wconf 90' lang='lat' dir='ltr'><strong>centuplo</strong></span> 
     </span>
     <span class='ocr_line' id='line_1_27' title="bbox 341 2794 2335 2882; baseline -0.003 -19"><span class='ocrx_word' id='word_1_375' title='bbox 341 2799 413 2882; x_wconf 89' lang='lat' dir='ltr'><strong>ipso</strong></span> <span class='ocrx_word' id='word_1_376' title='bbox 442 2817 508 2862; x_wconf 94' lang='lat' dir='ltr'><strong>uno</strong></span> <span class='ocrx_word' id='word_1_377' title='bbox 536 2795 734 2880; x_wconf 87' lang='lat' dir='ltr'><strong>glorientur:</strong></span> <span class='ocrx_word' id='word_1_378' title='bbox 768 2795 864 2860; x_wconf 91' lang='lat' dir='ltr'><strong>sicuti</strong></span> <span class='ocrx_word' id='word_1_379' title='bbox 892 2794 1043 2861; x_wconf 87' lang='lat' dir='ltr'><strong>Psalmus</strong></span> <span class='ocrx_word' id='word_1_380' title='bbox 1076 2795 1171 2871; x_wconf 80' lang='lat'>20‚8</span> <span class='ocrx_word' id='word_1_381' title='bbox 1204 2795 1311 2860; x_wconf 88' lang='lat' dir='ltr'><strong>docet:</strong></span> <span class='ocrx_word' id='word_1_382' title='bbox 1365 2806 1506 2877; x_wconf 88' lang='lat' dir='ltr'><strong>superat.</strong></span> <span class='ocrx_word' id='word_1_383' title='bbox 1552 2794 1647 2876; x_wconf 76' lang='lat' dir='ltr'><strong>Quod</strong></span> <span class='ocrx_word' id='word_1_384' title='bbox 1679 2796 1716 2860; x_wconf 90' lang='lat' dir='ltr'><strong>dc</strong></span> <span class='ocrx_word' id='word_1_385' title='bbox 1750 2797 1941 2862; x_wconf 66' lang='lat' dir='ltr'><strong>ecbemilute</strong></span> <span class='ocrx_word' id='word_1_386' title='bbox 1971 2796 2121 2860; x_wconf 78' lang='lat' dir='ltr'><strong>mortium</strong></span> <span class='ocrx_word' id='word_1_387' title='bbox 2154 2795 2335 2873; x_wconf 86' lang='lat' dir='ltr'><strong>subiicitur,</strong></span> 
     </span>
     <span class='ocr_line' id='line_1_28' title="bbox 342 2878 2335 2963; baseline -0.003 -15"><span class='ocrx_word' id='word_1_388' title='bbox 342 2884 390 2948; x_wconf 89' lang='lat' dir='ltr'><strong>Hi</strong></span> <span class='ocrx_word' id='word_1_389' title='bbox 411 2883 445 2946; x_wconf 92' lang='lat' dir='ltr'><strong>in</strong></span> <span class='ocrx_word' id='word_1_390' title='bbox 470 2882 630 2961; x_wconf 89' lang='lat' dir='ltr'><strong>curribus,</strong></span> <span class='ocrx_word' id='word_1_391' title='bbox 651 2880 701 2944; x_wconf 91' lang='lat' dir='ltr'><strong>illi</strong></span> <span class='ocrx_word' id='word_1_392' title='bbox 723 2881 757 2945; x_wconf 93' lang='lat' dir='ltr'><strong>iu</strong></span> <span class='ocrx_word' id='word_1_393' title='bbox 779 2879 887 2962; x_wconf 89' lang='lat' dir='ltr'><strong>equis,</strong></span> <span class='ocrx_word' id='word_1_394' title='bbox 910 2901 969 2946; x_wconf 90' lang='lat' dir='ltr'><strong>nos</strong></span> <span class='ocrx_word' id='word_1_395' title='bbox 990 2888 1100 2945; x_wconf 87' lang='lat' dir='ltr'><strong>autem</strong></span> <span class='ocrx_word' id='word_1_396' title='bbox 1123 2882 1157 2944; x_wconf 91' lang='lat' dir='ltr'><strong>in</strong></span> <span class='ocrx_word' id='word_1_397' title='bbox 1180 2881 1313 2946; x_wconf 91' lang='lat' dir='ltr'><strong>nomine</strong></span> <span class='ocrx_word' id='word_1_398' title='bbox 1365 2880 1495 2963; x_wconf 86' lang='lat' dir='ltr'><strong>quidam</strong></span> <span class='ocrx_word' id='word_1_399' title='bbox 1519 2880 1560 2945; x_wconf 90' lang='lat' dir='ltr'><strong>ad</strong></span> <span class='ocrx_word' id='word_1_400' title='bbox 1582 2881 1725 2946; x_wconf 90' lang='lat' dir='ltr'><strong>locorum</strong></span> <span class='ocrx_word' id='word_1_401' title='bbox 1745 2879 1942 2961; x_wconf 86' lang='lat' dir='ltr'><strong>distantiam,</strong></span> <span class='ocrx_word' id='word_1_402' title='bbox 1965 2881 2021 2946; x_wconf 90' lang='lat' dir='ltr'><strong>alii</strong></span> <span class='ocrx_word' id='word_1_403' title='bbox 2032 2878 2073 2945; x_wconf 91' lang='lat' dir='ltr'><strong>ad</strong></span> <span class='ocrx_word' id='word_1_404' title='bbox 2091 2881 2246 2963; x_wconf 90' lang='lat' dir='ltr'><strong>temporis</strong></span> <span class='ocrx_word' id='word_1_405' title='bbox 2258 2899 2335 2962; x_wconf 89' lang='lat' dir='ltr'><strong>per-</strong></span> 
     </span>
     <span class='ocr_line' id='line_1_29' title="bbox 340 2965 2337 3054; baseline -0.002 -20"><span class='ocrx_word' id='word_1_406' title='bbox 340 2967 478 3035; x_wconf 88' lang='lat' dir='ltr'><strong>Domini</strong></span> <span class='ocrx_word' id='word_1_407' title='bbox 515 2967 750 3031; x_wconf 87' lang='lat' dir='ltr'><strong>invocabimus.</strong></span> <span class='ocrx_word' id='word_1_408' title='bbox 807 2965 999 3030; x_wconf 80' lang='lat' dir='ltr'><strong>(lavandum</strong></span> <span class='ocrx_word' id='word_1_409' title='bbox 1032 2987 1109 3054; x_wconf 91' lang='lat' dir='ltr'><strong>orgo</strong></span> <span class='ocrx_word' id='word_1_410' title='bbox 1149 2979 1197 3030; x_wconf 89' lang='lat' dir='ltr'><strong>est</strong></span> <span class='ocrx_word' id='word_1_411' title='bbox 1236 2967 1312 3031; x_wconf 86' lang='lat' dir='ltr'><strong>filiis</strong></span> <span class='ocrx_word' id='word_1_412' title='bbox 1364 2966 1557 3050; x_wconf 89' lang='lat' dir='ltr'><strong>petnitatcm</strong></span> <span class='ocrx_word' id='word_1_413' title='bbox 1579 2967 1694 3031; x_wconf 87' lang='lat' dir='ltr'><strong>referri</strong></span> <span class='ocrx_word' id='word_1_414' title='bbox 1715 2967 1841 3032; x_wconf 80' lang='lat' dir='ltr'><strong>volunt.</strong></span> <span class='ocrx_word' id='word_1_415' title='bbox 1875 2967 1943 3032; x_wconf 90' lang='lat' dir='ltr'><strong>Nec</strong></span> <span class='ocrx_word' id='word_1_416' title='bbox 1962 2966 2048 3031; x_wconf 88' lang='lat' dir='ltr'><strong>male</strong></span> <span class='ocrx_word' id='word_1_417' title='bbox 2069 2967 2223 3032; x_wconf 80' lang='lat' dir='ltr'><strong>convenit</strong></span> <span class='ocrx_word' id='word_1_418' title='bbox 2246 2976 2337 3031; x_wconf 87' lang='lat' dir='ltr'><strong>uter-</strong></span> 
     </span>
     <span class='ocr_line' id='line_1_30' title="bbox 342 3051 2336 3136; baseline -0.002 -17"><span class='ocrx_word' id='word_1_419' title='bbox 342 3052 457 3130; x_wconf 88' lang='lat' dir='ltr'><strong>Iacob,</strong></span> <span class='ocrx_word' id='word_1_420' title='bbox 487 3075 528 3117; x_wconf 91' lang='lat' dir='ltr'><strong>ne</strong></span> <span class='ocrx_word' id='word_1_421' title='bbox 551 3053 675 3117; x_wconf 87' lang='lat' dir='ltr'><strong>viribus</strong></span> <span class='ocrx_word' id='word_1_422' title='bbox 705 3052 771 3117; x_wconf 87' lang='lat' dir='ltr'><strong>suis</strong></span> <span class='ocrx_word' id='word_1_423' title='bbox 793 3052 916 3128; x_wconf 87' lang='lat' dir='ltr'><strong>confisi,</strong></span> <span class='ocrx_word' id='word_1_424' title='bbox 946 3073 980 3116; x_wconf 89' lang='lat' dir='ltr'><strong>se</strong></span> <span class='ocrx_word' id='word_1_425' title='bbox 1000 3052 1231 3134; x_wconf 89' lang='lat' dir='ltr'><strong>praecipitent,</strong></span> <span class='ocrx_word' id='word_1_426' title='bbox 1255 3051 1311 3118; x_wconf 93' lang='lat' dir='ltr'><strong>sed</strong></span> <span class='ocrx_word' id='word_1_427' title='bbox 1364 3073 1427 3134; x_wconf 89' lang='lat' dir='ltr'><strong>que</strong></span> <span class='ocrx_word' id='word_1_428' title='bbox 1449 3073 1579 3117; x_wconf 89' lang='lat' dir='ltr'><strong>sensus:</strong></span> <span class='ocrx_word' id='word_1_429' title='bbox 1603 3052 1655 3117; x_wconf 90' lang='lat' dir='ltr'><strong>vel</strong></span> <span class='ocrx_word' id='word_1_430' title='bbox 1677 3051 1763 3136; x_wconf 93' lang='lat' dir='ltr'><strong>quod</strong></span> <span class='ocrx_word' id='word_1_431' title='bbox 1785 3053 1921 3119; x_wconf 86' lang='lat' dir='ltr'><strong>felicitas</strong></span> <span class='ocrx_word' id='word_1_432' title='bbox 1939 3052 2058 3135; x_wconf 87' lang='lat' dir='ltr'><strong>Ioseph</strong></span> <span class='ocrx_word' id='word_1_433' title='bbox 2080 3073 2114 3118; x_wconf 89' lang='lat' dir='ltr'><strong>se</strong></span> <span class='ocrx_word' id='word_1_434' title='bbox 2137 3052 2233 3136; x_wconf 87' lang='lat' dir='ltr'><strong>longe</strong></span> <span class='ocrx_word' id='word_1_435' title='bbox 2251 3052 2336 3116; x_wconf 88' lang='lat' dir='ltr'><strong>late-</strong></span> 
     </span>
     <span class='ocr_line' id='line_1_31' title="bbox 342 3137 2335 3222; baseline -0.002 -18"><span class='ocrx_word' id='word_1_436' title='bbox 342 3146 492 3222; x_wconf 91' lang='lat' dir='ltr'><strong>potenter</strong></span> <span class='ocrx_word' id='word_1_437' title='bbox 515 3159 551 3204; x_wconf 88' lang='lat' dir='ltr'><strong>ac</strong></span> <span class='ocrx_word' id='word_1_438' title='bbox 573 3139 744 3222; x_wconf 89' lang='lat' dir='ltr'><strong>magnifice</strong></span> <span class='ocrx_word' id='word_1_439' title='bbox 766 3159 801 3203; x_wconf 90' lang='lat' dir='ltr'><strong>se</strong></span> <span class='ocrx_word' id='word_1_440' title='bbox 822 3146 939 3220; x_wconf 88' lang='lat' dir='ltr'><strong>gerant</strong></span> <span class='ocrx_word' id='word_1_441' title='bbox 960 3138 996 3201; x_wconf 92' lang='lat' dir='ltr'><strong>in</strong></span> <span class='ocrx_word' id='word_1_442' title='bbox 1019 3138 1170 3203; x_wconf 92' lang='lat' dir='ltr'><strong>Domino.</strong></span> <span class='ocrx_word' id='word_1_443' title='bbox 1216 3137 1312 3218; x_wconf 77' lang='lat' dir='ltr'><strong>Quod</strong></span> <span class='ocrx_word' id='word_1_444' title='bbox 1364 3159 1427 3219; x_wconf 93' lang='lat' dir='ltr'><strong>que</strong></span> <span class='ocrx_word' id='word_1_445' title='bbox 1450 3138 1489 3202; x_wconf 88' lang='lat' dir='ltr'><strong>ad</strong></span> <span class='ocrx_word' id='word_1_446' title='bbox 1513 3147 1675 3204; x_wconf 86' lang='lat' dir='ltr'><strong>extremos</strong></span> <span class='ocrx_word' id='word_1_447' title='bbox 1697 3159 1799 3221; x_wconf 90' lang='lat' dir='ltr'><strong>usque</strong></span> <span class='ocrx_word' id='word_1_448' title='bbox 1821 3139 1937 3203; x_wconf 92' lang='lat' dir='ltr'><strong>mundi</strong></span> <span class='ocrx_word' id='word_1_449' title='bbox 1957 3139 2057 3204; x_wconf 90' lang='lat' dir='ltr'><strong>colles</strong></span> <span class='ocrx_word' id='word_1_450' title='bbox 2079 3138 2256 3217; x_wconf 88' lang='lat' dir='ltr'><strong>diffundet,</strong></span> <span class='ocrx_word' id='word_1_451' title='bbox 2279 3137 2335 3202; x_wconf 83' lang='lat' dir='ltr'><strong>vel</strong></span> 
     </span>
     <span class='ocr_line' id='line_1_32' title="bbox 342 3223 2333 3310; baseline -0.002 -21"><span class='ocrx_word' id='word_1_452' title='bbox 342 3225 492 3310; x_wconf 80' lang='lat' dir='ltr'><strong>proxime</strong></span> <span class='ocrx_word' id='word_1_453' title='bbox 510 3226 666 3306; x_wconf 90' lang='lat' dir='ltr'><strong>sequitur,</strong></span> <span class='ocrx_word' id='word_1_454' title='bbox 685 3223 793 3287; x_wconf 88' lang='lat' dir='ltr'><strong>varias</strong></span> <span class='ocrx_word' id='word_1_455' title='bbox 811 3223 1031 3306; x_wconf 82' lang='lat' dir='ltr'><strong>expositiones</strong></span> <span class='ocrx_word' id='word_1_456' title='bbox 1042 3224 1195 3288; x_wconf 89' lang='lat' dir='ltr'><strong>admittit.</strong></span> <span class='ocrx_word' id='word_1_457' title='bbox 1231 3223 1311 3304; x_wconf 77' lang='lat' dir='ltr'><strong>Qui·</strong></span> <span class='ocrx_word' id='word_1_458' title='bbox 1364 3223 1450 3306; x_wconf 90' lang='lat' dir='ltr'><strong>quod</strong></span> <span class='ocrx_word' id='word_1_459' title='bbox 1472 3223 1603 3288; x_wconf 87' lang='lat' dir='ltr'><strong>durabit</strong></span> <span class='ocrx_word' id='word_1_460' title='bbox 1628 3244 1797 3307; x_wconf 87' lang='lat' dir='ltr'><strong>quousque</strong></span> <span class='ocrx_word' id='word_1_461' title='bbox 1827 3223 1962 3290; x_wconf 89' lang='lat' dir='ltr'><strong>stabunt</strong></span> <span class='ocrx_word' id='word_1_462' title='bbox 1984 3224 2081 3290; x_wconf 89' lang='lat' dir='ltr'><strong>colles</strong></span> <span class='ocrx_word' id='word_1_463' title='bbox 2103 3224 2242 3304; x_wconf 87' lang='lat' dir='ltr'><strong>saeculi,</strong></span> <span class='ocrx_word' id='word_1_464' title='bbox 2276 3225 2333 3306; x_wconf 92' lang='lat' dir='ltr'><strong>qui</strong></span> 
     </span>
     <span class='ocr_line' id='line_1_33' title="bbox 343 3309 2337 3393; baseline -0.001 -18"><span class='ocrx_word' id='word_1_465' title='bbox 343 3311 419 3376; x_wconf 89' lang='lat' dir='ltr'><strong>dam</strong></span> <span class='ocrx_word' id='word_1_466' title='bbox 442 3317 589 3375; x_wconf 87' lang='lat' dir='ltr'><strong>vertunt:</strong></span> <span class='ocrx_word' id='word_1_467' title='bbox 614 3309 694 3375; x_wconf 85' lang='lat' dir='ltr'><strong>Iade</strong></span> <span class='ocrx_word' id='word_1_468' title='bbox 709 3313 822 3389; x_wconf 79' lang='lat' dir='ltr'><strong>pastor</strong></span> <span class='ocrx_word' id='word_1_469' title='bbox 845 3310 931 3389; x_wconf 80' lang='lat' dir='ltr'><strong>lupis</strong></span> <span class='ocrx_word' id='word_1_470' title='bbox 943 3309 1056 3388; x_wconf 83' lang='lat' dir='ltr'><strong>Israel,</strong></span> <span class='ocrx_word' id='word_1_471' title='bbox 1080 3329 1117 3375; x_wconf 87' lang='lat' dir='ltr'><strong>ec</strong></span> <span class='ocrx_word' id='word_1_472' title='bbox 1139 3310 1167 3375; x_wconf 91' lang='lat' dir='ltr'><strong>si</strong></span> <span class='ocrx_word' id='word_1_473' title='bbox 1191 3309 1313 3376; x_wconf 89' lang='lat' dir='ltr'><strong>diceret</strong></span> <span class='ocrx_word' id='word_1_474' title='bbox 1365 3315 1443 3374; x_wconf 90' lang='lat' dir='ltr'><strong>sunt</strong></span> <span class='ocrx_word' id='word_1_475' title='bbox 1469 3310 1656 3375; x_wconf 88' lang='lat' dir='ltr'><strong>firmissima</strong></span> <span class='ocrx_word' id='word_1_476' title='bbox 1684 3322 1792 3375; x_wconf 88' lang='lat' dir='ltr'><strong>terrae</strong></span> <span class='ocrx_word' id='word_1_477' title='bbox 1822 3312 1937 3393; x_wconf 88' lang='lat' dir='ltr'><strong>portio.</strong></span> <span class='ocrx_word' id='word_1_478' title='bbox 1988 3309 2184 3392; x_wconf 76' lang='lat' dir='ltr'><strong>Quanquam</strong></span> <span class='ocrx_word' id='word_1_479' title='bbox 2214 3311 2337 3374; x_wconf 88' lang='lat' dir='ltr'><strong>certior</strong></span> 
     </span>
     <span class='ocr_line' id='line_1_34' title="bbox 341 3393 2336 3479; baseline -0.001 -17"><span class='ocrx_word' id='word_1_480' title='bbox 341 3396 439 3463; x_wconf 84' lang='lat' dir='ltr'><strong>Iacob</strong></span> <span class='ocrx_word' id='word_1_481' title='bbox 450 3396 559 3479; x_wconf 87' lang='lat' dir='ltr'><strong>ipsum</strong></span> <span class='ocrx_word' id='word_1_482' title='bbox 577 3396 677 3459; x_wconf 87' lang='lat' dir='ltr'><strong>fuisse</strong></span> <span class='ocrx_word' id='word_1_483' title='bbox 689 3393 860 3459; x_wconf 89' lang='lat' dir='ltr'><strong>nutritium</strong></span> <span class='ocrx_word' id='word_1_484' title='bbox 882 3404 913 3457; x_wconf 91' lang='lat' dir='ltr'><strong>et</strong></span> <span class='ocrx_word' id='word_1_485' title='bbox 935 3415 1060 3478; x_wconf 90' lang='lat' dir='ltr'><strong>rupem,</strong></span> <span class='ocrx_word' id='word_1_486' title='bbox 1082 3395 1136 3460; x_wconf 84' lang='lat' dir='ltr'><strong>vel</strong></span> <span class='ocrx_word' id='word_1_487' title='bbox 1157 3396 1312 3461; x_wconf 83' lang='lat' dir='ltr'><strong>fulturam</strong></span> <span class='ocrx_word' id='word_1_488' title='bbox 1365 3396 1519 3478; x_wconf 89' lang='lat' dir='ltr'><strong>acmagis</strong></span> <span class='ocrx_word' id='word_1_489' title='bbox 1542 3396 1706 3478; x_wconf 91' lang='lat' dir='ltr'><strong>gonuinus</strong></span> <span class='ocrx_word' id='word_1_490' title='bbox 1728 3417 1845 3461; x_wconf 88' lang='lat' dir='ltr'><strong>sensus</strong></span> <span class='ocrx_word' id='word_1_491' title='bbox 1867 3417 1908 3462; x_wconf 82' lang='lat' dir='ltr'><strong>en</strong></span> <span class='ocrx_word' id='word_1_492' title='bbox 1932 3395 2035 3461; x_wconf 87' lang='lat' dir='ltr'><strong>altaro</strong></span> <span class='ocrx_word' id='word_1_493' title='bbox 2053 3395 2130 3474; x_wconf 91' lang='lat' dir='ltr'><strong>loco,</strong></span> <span class='ocrx_word' id='word_1_494' title='bbox 2152 3394 2336 3460; x_wconf 84' lang='lat' dir='ltr'><strong>ubiMoscs</strong></span> 
     </span>
     <span class='ocr_line' id='line_1_35' title="bbox 342 3479 2336 3566; baseline -0.003 -18"><span class='ocrx_word' id='word_1_495' title='bbox 342 3482 457 3548; x_wconf 88' lang='lat' dir='ltr'><strong>domne</strong></span> <span class='ocrx_word' id='word_1_496' title='bbox 474 3501 562 3547; x_wconf 89' lang='lat' dir='ltr'><strong>suae.</strong></span> <span class='ocrx_word' id='word_1_497' title='bbox 593 3481 660 3545; x_wconf 80' lang='lat' dir='ltr'><strong>Alii</strong></span> <span class='ocrx_word' id='word_1_498' title='bbox 678 3480 808 3564; x_wconf 89' lang='lat' dir='ltr'><strong>legunt:</strong></span> <span class='ocrx_word' id='word_1_499' title='bbox 831 3481 949 3546; x_wconf 85' lang='lat' dir='ltr'><strong>Pastor</strong></span> <span class='ocrx_word' id='word_1_500' title='bbox 967 3479 1091 3564; x_wconf 87' lang='lat' dir='ltr'><strong>lapidis,</strong></span> <span class='ocrx_word' id='word_1_501' title='bbox 1114 3482 1149 3545; x_wconf 93' lang='lat' dir='ltr'><strong>in</strong></span> <span class='ocrx_word' id='word_1_502' title='bbox 1167 3482 1312 3566; x_wconf 90' lang='lat' dir='ltr'><strong>genitivo</strong></span> <span class='ocrx_word' id='word_1_503' title='bbox 1364 3481 1621 3546; x_wconf 90' lang='lat' dir='ltr'><strong>benedictionem</strong></span> <span class='ocrx_word' id='word_1_504' title='bbox 1644 3481 1730 3546; x_wconf 87' lang='lat' dir='ltr'><strong>hano</strong></span> <span class='ocrx_word' id='word_1_505' title='bbox 1747 3484 1874 3564; x_wconf 89' lang='lat' dir='ltr'><strong>repetit,</strong></span> <span class='ocrx_word' id='word_1_506' title='bbox 1893 3482 2073 3566; x_wconf 90' lang='lat' dir='ltr'><strong>colligitur:</strong></span> <span class='ocrx_word' id='word_1_507' title='bbox 2095 3501 2215 3563; x_wconf 91' lang='lat' dir='ltr'><strong>nempe</strong></span> <span class='ocrx_word' id='word_1_508' title='bbox 2227 3489 2336 3544; x_wconf 86' lang='lat' dir='ltr'><strong>terrae</strong></span> 
     </span>
     <span class='ocr_line' id='line_1_36' title="bbox 343 3565 2335 3652; baseline -0.002 -18"><span class='ocrx_word' id='word_1_509' title='bbox 343 3588 436 3635; x_wconf 90' lang='lat' dir='ltr'><strong>casu:</strong></span> <span class='ocrx_word' id='word_1_510' title='bbox 471 3567 555 3650; x_wconf 95' lang='lat' dir='ltr'><strong>quod</strong></span> <span class='ocrx_word' id='word_1_511' title='bbox 578 3567 660 3630; x_wconf 90' lang='lat' dir='ltr'><strong>mihi</strong></span> <span class='ocrx_word' id='word_1_512' title='bbox 682 3565 806 3649; x_wconf 92' lang='lat' dir='ltr'><strong>placet,</strong></span> <span class='ocrx_word' id='word_1_513' title='bbox 835 3566 899 3631; x_wconf 87' lang='lat' dir='ltr'><strong>nisi</strong></span> <span class='ocrx_word' id='word_1_514' title='bbox 927 3566 1011 3649; x_wconf 94' lang='lat' dir='ltr'><strong>quod</strong></span> <span class='ocrx_word' id='word_1_515' title='bbox 1034 3569 1069 3631; x_wconf 93' lang='lat' dir='ltr'><strong>in</strong></span> <span class='ocrx_word' id='word_1_516' title='bbox 1091 3588 1206 3646; x_wconf 88' lang='lat' dir='ltr'><strong>sensu,</strong></span> <span class='ocrx_word' id='word_1_517' title='bbox 1241 3589 1313 3632; x_wconf 91' lang='lat' dir='ltr'><strong>meo</strong></span> <span class='ocrx_word' id='word_1_518' title='bbox 1364 3566 1544 3632; x_wconf 88' lang='lat' dir='ltr'><strong>ubertatem</strong></span> <span class='ocrx_word' id='word_1_519' title='bbox 1569 3567 1724 3634; x_wconf 85' lang='lat' dir='ltr'><strong>diffusum</strong></span> <span class='ocrx_word' id='word_1_520' title='bbox 1746 3569 1785 3632; x_wconf 91' lang='lat' dir='ltr'><strong>iri</strong></span> <span class='ocrx_word' id='word_1_521' title='bbox 1809 3589 1910 3652; x_wconf 90' lang='lat' dir='ltr'><strong>usque</strong></span> <span class='ocrx_word' id='word_1_522' title='bbox 1936 3568 1976 3632; x_wconf 92' lang='lat' dir='ltr'><strong>ad</strong></span> <span class='ocrx_word' id='word_1_523' title='bbox 1999 3568 2160 3632; x_wconf 90' lang='lat' dir='ltr'><strong>montium</strong></span> <span class='ocrx_word' id='word_1_524' title='bbox 2184 3567 2335 3646; x_wconf 86' lang='lat' dir='ltr'><strong>vertices,</strong></span> 
     </span>
     <span class='ocr_line' id='line_1_37' title="bbox 342 3651 2335 3736; baseline -0.001 -18"><span class='ocrx_word' id='word_1_525' title='bbox 342 3654 472 3730; x_wconf 90' lang='lat' dir='ltr'><strong>iudicio,</strong></span> <span class='ocrx_word' id='word_1_526' title='bbox 495 3661 623 3732; x_wconf 89' lang='lat' dir='ltr'><strong>errant,</strong></span> <span class='ocrx_word' id='word_1_527' title='bbox 647 3653 723 3716; x_wconf 92' lang='lat' dir='ltr'><strong>dum</strong></span> <span class='ocrx_word' id='word_1_528' title='bbox 746 3651 886 3735; x_wconf 88' lang='lat' dir='ltr'><strong>lapidem</strong></span> <span class='ocrx_word' id='word_1_529' title='bbox 910 3652 1075 3735; x_wconf 88' lang='lat' dir='ltr'><strong>accipiunt</strong></span> <span class='ocrx_word' id='word_1_530' title='bbox 1097 3673 1157 3736; x_wconf 91' lang='lat' dir='ltr'><strong>pro</strong></span> <span class='ocrx_word' id='word_1_531' title='bbox 1178 3654 1311 3718; x_wconf 90' lang='lat' dir='ltr'><strong>familia.</strong></span> <span class='ocrx_word' id='word_1_532' title='bbox 1363 3661 1490 3718; x_wconf 90' lang='lat' dir='ltr'><strong>montes</strong></span> <span class='ocrx_word' id='word_1_533' title='bbox 1513 3660 1619 3716; x_wconf 90' lang='lat' dir='ltr'><strong>autem</strong></span> <span class='ocrx_word' id='word_1_534' title='bbox 1643 3661 1815 3736; x_wconf 88' lang='lat' dir='ltr'><strong>perpetuos</strong></span> <span class='ocrx_word' id='word_1_535' title='bbox 1843 3654 1952 3719; x_wconf 89' lang='lat' dir='ltr'><strong>vocari</strong></span> <span class='ocrx_word' id='word_1_536' title='bbox 1981 3653 2074 3736; x_wconf 89' lang='lat' dir='ltr'><strong>quasi</strong></span> <span class='ocrx_word' id='word_1_537' title='bbox 2094 3651 2335 3718; x_wconf 87' lang='lat' dir='ltr'><strong>celeberrimos.</strong></span> 
     </span>
     <span class='ocr_line' id='line_1_38' title="bbox 343 3737 2337 3823; baseline -0.002 -18"><span class='ocrx_word' id='word_1_538' title='bbox 343 3740 416 3823; x_wconf 82' lang='lat' dir='ltr'><strong>Ego</strong></span> <span class='ocrx_word' id='word_1_539' title='bbox 437 3737 599 3803; x_wconf 90' lang='lat' dir='ltr'><strong>adDeum</strong></span> <span class='ocrx_word' id='word_1_540' title='bbox 622 3739 734 3815; x_wconf 87' lang='lat' dir='ltr'><strong>refero,</strong></span> <span class='ocrx_word' id='word_1_541' title='bbox 756 3739 812 3820; x_wconf 92' lang='lat' dir='ltr'><strong>qui</strong></span> <span class='ocrx_word' id='word_1_542' title='bbox 834 3740 973 3820; x_wconf 88' lang='lat' dir='ltr'><strong>pastoris</strong></span> <span class='ocrx_word' id='word_1_543' title='bbox 994 3760 1115 3804; x_wconf 89' lang='lat' dir='ltr'><strong>munus</strong></span> <span class='ocrx_word' id='word_1_544' title='bbox 1139 3760 1313 3803; x_wconf 89' lang='lat' dir='ltr'><strong>servosne</strong></span> <span class='ocrx_word' id='word_1_545' title='bbox 1364 3738 1454 3804; x_wconf 89' lang='lat' dir='ltr'><strong>Dicit</strong></span> <span class='ocrx_word' id='word_1_546' title='bbox 1483 3747 1591 3804; x_wconf 89' lang='lat' dir='ltr'><strong>autem</strong></span> <span class='ocrx_word' id='word_1_547' title='bbox 1621 3740 1688 3804; x_wconf 88' lang='lat' dir='ltr'><strong>fore</strong></span> <span class='ocrx_word' id='word_1_548' title='bbox 1720 3760 1819 3822; x_wconf 89' lang='lat' dir='ltr'><strong>super</strong></span> <span class='ocrx_word' id='word_1_549' title='bbox 1847 3748 1945 3822; x_wconf 88' lang='lat' dir='ltr'><strong>caput</strong></span> <span class='ocrx_word' id='word_1_550' title='bbox 1977 3741 2087 3821; x_wconf 91' lang='lat' dir='ltr'><strong>ipsius,</strong></span> <span class='ocrx_word' id='word_1_551' title='bbox 2121 3757 2163 3802; x_wconf 91' lang='lat' dir='ltr'><strong>ne</strong></span> <span class='ocrx_word' id='word_1_552' title='bbox 2197 3746 2337 3820; x_wconf 88' lang='lat' dir='ltr'><strong>putetur</strong></span> 
     </span>
     <span class='ocr_line' id='line_1_39' title="bbox 343 3823 2337 3907; baseline -0.001 -17"><span class='ocrx_word' id='word_1_553' title='bbox 343 3825 504 3890; x_wconf 87' lang='lat' dir='ltr'><strong>iniunxit:</strong></span> <span class='ocrx_word' id='word_1_554' title='bbox 527 3823 798 3907; x_wconf 89' lang='lat' dir='ltr'><strong>quemadmodum</strong></span> <span class='ocrx_word' id='word_1_555' title='bbox 820 3824 848 3888; x_wconf 89' lang='lat' dir='ltr'><strong>si</strong></span> <span class='ocrx_word' id='word_1_556' title='bbox 870 3824 942 3907; x_wconf 91' lang='lat' dir='ltr'><strong>quis</strong></span> <span class='ocrx_word' id='word_1_557' title='bbox 960 3824 1149 3890; x_wconf 88' lang='lat' dir='ltr'><strong>conductitii</strong></span> <span class='ocrx_word' id='word_1_558' title='bbox 1171 3825 1313 3890; x_wconf 88' lang='lat' dir='ltr'><strong>hominis</strong></span> <span class='ocrx_word' id='word_1_559' title='bbox 1364 3832 1439 3890; x_wconf 88' lang='lat' dir='ltr'><strong>vota</strong></span> <span class='ocrx_word' id='word_1_560' title='bbox 1461 3845 1521 3889; x_wconf 87' lang='lat' dir='ltr'><strong>sua</strong></span> <span class='ocrx_word' id='word_1_561' title='bbox 1538 3824 1573 3887; x_wconf 94' lang='lat' dir='ltr'><strong>in</strong></span> <span class='ocrx_word' id='word_1_562' title='bbox 1595 3845 1704 3888; x_wconf 89' lang='lat' dir='ltr'><strong>aerem</strong></span> <span class='ocrx_word' id='word_1_563' title='bbox 1727 3845 1888 3906; x_wconf 85' lang='lat' dir='ltr'><strong>spargere.</strong></span> <span class='ocrx_word' id='word_1_564' title='bbox 1933 3825 2018 3890; x_wconf 90' lang='lat' dir='ltr'><strong>Nam</strong></span> <span class='ocrx_word' id='word_1_565' title='bbox 2045 3824 2107 3890; x_wconf 90' lang='lat' dir='ltr'><strong>bau</strong></span> <span class='ocrx_word' id='word_1_566' title='bbox 2136 3843 2217 3889; x_wconf 84' lang='lat' dir='ltr'><strong>voce</strong></span> <span class='ocrx_word' id='word_1_567' title='bbox 2239 3831 2337 3889; x_wconf 87' lang='lat' dir='ltr'><strong>nota-</strong></span> 
     </span>
     <span class='ocr_line' id='line_1_40' title="bbox 343 3907 2335 3994; baseline -0.001 -19"><span class='ocrx_word' id='word_1_568' title='bbox 343 3931 442 3993; x_wconf 88' lang='lat' dir='ltr'><strong>opera</strong></span> <span class='ocrx_word' id='word_1_569' title='bbox 470 3910 574 3976; x_wconf 92' lang='lat' dir='ltr'><strong>utitur</strong></span> <span class='ocrx_word' id='word_1_570' title='bbox 603 3910 643 3974; x_wconf 89' lang='lat' dir='ltr'><strong>ad</strong></span> <span class='ocrx_word' id='word_1_571' title='bbox 671 3929 804 3994; x_wconf 89' lang='lat' dir='ltr'><strong>gregem</strong></span> <span class='ocrx_word' id='word_1_572' title='bbox 834 3929 928 3974; x_wconf 92' lang='lat' dir='ltr'><strong>sunm</strong></span> <span class='ocrx_word' id='word_1_573' title='bbox 959 3911 1166 3992; x_wconf 89' lang='lat' dir='ltr'><strong>pascendum.</strong></span> <span class='ocrx_word' id='word_1_574' title='bbox 1214 3910 1313 3977; x_wconf 87' lang='lat' dir='ltr'><strong>Unde</strong></span> <span class='ocrx_word' id='word_1_575' title='bbox 1363 3917 1417 3975; x_wconf 91' lang='lat' dir='ltr'><strong>tur</strong></span> <span class='ocrx_word' id='word_1_576' title='bbox 1428 3911 1646 3989; x_wconf 87' lang='lat' dir='ltr'><strong>subsistentia,</strong></span> <span class='ocrx_word' id='word_1_577' title='bbox 1668 3921 1705 3973; x_wconf 88' lang='lat' dir='ltr'><strong>nt</strong></span> <span class='ocrx_word' id='word_1_578' title='bbox 1727 3911 1774 3974; x_wconf 87' lang='lat' dir='ltr'><strong>ita</strong></span> <span class='ocrx_word' id='word_1_579' title='bbox 1783 3910 1905 3992; x_wconf 90' lang='lat' dir='ltr'><strong>loquar.</strong></span> <span class='ocrx_word' id='word_1_580' title='bbox 1935 3909 2081 3975; x_wconf 80' lang='lat' dir='ltr'><strong>&#39;Pandam</strong></span> <span class='ocrx_word' id='word_1_581' title='bbox 2099 3915 2197 3975; x_wconf 81' lang='lat' dir='ltr'><strong>vocat</strong></span> <span class='ocrx_word' id='word_1_582' title='bbox 2213 3907 2335 3992; x_wconf 85' lang='lat' dir='ltr'><strong>Ioseph</strong></span> 
     </span>
     <span class='ocr_line' id='line_1_41' title="bbox 343 3995 2335 4078; baseline 0 -18"><span class='ocrx_word' id='word_1_583' title='bbox 343 4005 453 4060; x_wconf 86' lang='lat' dir='ltr'><strong>autem</strong></span> <span class='ocrx_word' id='word_1_584' title='bbox 474 3998 593 4060; x_wconf 86' lang='lat' dir='ltr'><strong>factum</strong></span> <span class='ocrx_word' id='word_1_585' title='bbox 619 4003 669 4060; x_wconf 87' lang='lat' dir='ltr'><strong>est</strong></span> <span class='ocrx_word' id='word_1_586' title='bbox 691 4003 727 4058; x_wconf 89' lang='lat' dir='ltr'><strong>ut</strong></span> <span class='ocrx_word' id='word_1_587' title='bbox 749 4001 880 4078; x_wconf 90' lang='lat' dir='ltr'><strong>gentem</strong></span> <span class='ocrx_word' id='word_1_588' title='bbox 908 4017 999 4060; x_wconf 91' lang='lat' dir='ltr'><strong>suam</strong></span> <span class='ocrx_word' id='word_1_589' title='bbox 1027 3995 1130 4060; x_wconf 89' lang='lat' dir='ltr'><strong>aleret</strong></span> <span class='ocrx_word' id='word_1_590' title='bbox 1151 3997 1213 4062; x_wconf 91' lang='lat' dir='ltr'><strong>nisi</strong></span> <span class='ocrx_word' id='word_1_591' title='bbox 1236 3999 1312 4078; x_wconf 93' lang='lat' dir='ltr'><strong>quia</strong></span> <span class='ocrx_word' id='word_1_592' title='bbox 1363 4007 1420 4064; x_wconf 60' lang='lat' dir='ltr'><strong>nul</strong></span> <span class='ocrx_word' id='word_1_593' title='bbox 1446 3996 1531 4060; x_wconf 88' lang='lat' dir='ltr'><strong>inter</strong></span> <span class='ocrx_word' id='word_1_594' title='bbox 1552 3996 1677 4071; x_wconf 84' lang='lat' dir='ltr'><strong>fratrea,</strong></span> <span class='ocrx_word' id='word_1_595' title='bbox 1699 3996 1751 4060; x_wconf 88' lang='lat' dir='ltr'><strong>vel</strong></span> <span class='ocrx_word' id='word_1_596' title='bbox 1774 3997 1850 4078; x_wconf 88' lang='lat' dir='ltr'><strong>quia</strong></span> <span class='ocrx_word' id='word_1_597' title='bbox 1871 3997 1915 4060; x_wconf 87' lang='lat' dir='ltr'><strong>sit</strong></span> <span class='ocrx_word' id='word_1_598' title='bbox 1934 4017 2046 4061; x_wconf 90' lang='lat' dir='ltr'><strong>eorum</strong></span> <span class='ocrx_word' id='word_1_599' title='bbox 2068 4015 2205 4075; x_wconf 87' lang='lat' dir='ltr'><strong>corona,</strong></span> <span class='ocrx_word' id='word_1_600' title='bbox 2235 4015 2335 4078; x_wconf 92' lang='lat' dir='ltr'><strong>prop-</strong></span> 
     </span>
     <span class='ocr_line' id='line_1_42' title="bbox 343 4080 2336 4165; baseline 0.001 -21"><span class='ocrx_word' id='word_1_601' title='bbox 343 4083 474 4147; x_wconf 84' lang='lat' dir='ltr'><strong>divinae</strong></span> <span class='ocrx_word' id='word_1_602' title='bbox 497 4080 729 4146; x_wconf 87' lang='lat' dir='ltr'><strong>beneticentiae</strong></span> <span class='ocrx_word' id='word_1_603' title='bbox 751 4088 820 4146; x_wconf 90' lang='lat' dir='ltr'><strong>erat</strong></span> <span class='ocrx_word' id='word_1_604' title='bbox 841 4081 1012 4145; x_wconf 81' lang='lat' dir='ltr'><strong>minister?</strong></span> <span class='ocrx_word' id='word_1_605' title='bbox 1046 4082 1149 4146; x_wconf 87' lang='lat' dir='ltr'><strong>Porro</strong></span> <span class='ocrx_word' id='word_1_606' title='bbox 1168 4081 1229 4147; x_wconf 90' lang='lat' dir='ltr'><strong>sub</strong></span> <span class='ocrx_word' id='word_1_607' title='bbox 1251 4081 1311 4150; x_wconf 93' lang='lat' dir='ltr'><strong>hoc</strong></span> <span class='ocrx_word' id='word_1_608' title='bbox 1363 4089 1414 4145; x_wconf 91' lang='lat' dir='ltr'><strong>ter</strong></span> <span class='ocrx_word' id='word_1_609' title='bbox 1438 4101 1641 4146; x_wconf 90' lang='lat' dir='ltr'><strong>communem</strong></span> <span class='ocrx_word' id='word_1_610' title='bbox 1665 4081 1802 4164; x_wconf 87' lang='lat' dir='ltr'><strong>gloriam</strong></span> <span class='ocrx_word' id='word_1_611' title='bbox 1825 4103 1908 4165; x_wconf 89' lang='lat' dir='ltr'><strong>quae</strong></span> <span class='ocrx_word' id='word_1_612' title='bbox 1930 4083 1970 4147; x_wconf 88' lang='lat' dir='ltr'><strong>ab</strong></span> <span class='ocrx_word' id='word_1_613' title='bbox 1992 4082 2062 4164; x_wconf 85' lang='lat' dir='ltr'><strong>ipso</strong></span> <span class='ocrx_word' id='word_1_614' title='bbox 2084 4081 2120 4144; x_wconf 93' lang='lat' dir='ltr'><strong>in</strong></span> <span class='ocrx_word' id='word_1_615' title='bbox 2142 4101 2258 4146; x_wconf 86' lang='lat' dir='ltr'><strong>omnes</strong></span> <span class='ocrx_word' id='word_1_616' title='bbox 2281 4101 2336 4145; x_wconf 89' lang='lat' dir='ltr'><strong>re·</strong></span> 
     </span>
     <span class='ocr_line' id='line_1_43' title="bbox 344 4165 2334 4252; baseline -0.001 -22"><span class='ocrx_word' id='word_1_617' title='bbox 344 4175 423 4252; x_wconf 87' lang='lat' dir='ltr'><strong>typo</strong></span> <span class='ocrx_word' id='word_1_618' title='bbox 446 4166 572 4250; x_wconf 88' lang='lat' dir='ltr'><strong>depicta</strong></span> <span class='ocrx_word' id='word_1_619' title='bbox 594 4175 644 4231; x_wconf 89' lang='lat' dir='ltr'><strong>est</strong></span> <span class='ocrx_word' id='word_1_620' title='bbox 665 4166 757 4231; x_wconf 91' lang='lat' dir='ltr'><strong>nobis</strong></span> <span class='ocrx_word' id='word_1_621' title='bbox 778 4167 887 4250; x_wconf 88' lang='lat' dir='ltr'><strong>imago</strong></span> <span class='ocrx_word' id='word_1_622' title='bbox 899 4166 1034 4242; x_wconf 82' lang='lat' dir='ltr'><strong>Christi,</strong></span> <span class='ocrx_word' id='word_1_623' title='bbox 1058 4168 1114 4250; x_wconf 93' lang='lat' dir='ltr'><strong>qui</strong></span> <span class='ocrx_word' id='word_1_624' title='bbox 1137 4176 1311 4251; x_wconf 84' lang='lat' dir='ltr'><strong>antequam</strong></span> <span class='ocrx_word' id='word_1_625' title='bbox 1364 4165 1502 4231; x_wconf 89' lang='lat' dir='ltr'><strong>dundat:</strong></span> <span class='ocrx_word' id='word_1_626' title='bbox 1532 4166 1583 4231; x_wconf 86' lang='lat' dir='ltr'><strong>rel</strong></span> <span class='ocrx_word' id='word_1_627' title='bbox 1614 4167 1690 4249; x_wconf 91' lang='lat' dir='ltr'><strong>quia</strong></span> <span class='ocrx_word' id='word_1_628' title='bbox 1717 4176 1852 4250; x_wconf 90' lang='lat' dir='ltr'><strong>propter</strong></span> <span class='ocrx_word' id='word_1_629' title='bbox 1881 4168 2073 4252; x_wconf 88' lang='lat' dir='ltr'><strong>dignitatem</strong></span> <span class='ocrx_word' id='word_1_630' title='bbox 2103 4187 2168 4250; x_wconf 89' lang='lat' dir='ltr'><strong>qua</strong></span> <span class='ocrx_word' id='word_1_631' title='bbox 2189 4165 2334 4244; x_wconf 86' lang='lat' dir='ltr'><strong>excellit,</strong></span> 
     </span>
     <span class='ocr_line' id='line_1_44' title="bbox 343 4251 2335 4338; baseline -0.002 -20"><span class='ocrx_word' id='word_1_632' title='bbox 343 4264 527 4335; x_wconf 86' lang='lat' dir='ltr'><strong>emergeret</strong></span> <span class='ocrx_word' id='word_1_633' title='bbox 548 4253 652 4338; x_wconf 86' lang='lat' dir='ltr'><strong>viotpr</strong></span> <span class='ocrx_word' id='word_1_634' title='bbox 682 4252 794 4317; x_wconf 89' lang='lat' dir='ltr'><strong>mortis</strong></span> <span class='ocrx_word' id='word_1_635' title='bbox 824 4260 858 4316; x_wconf 92' lang='lat' dir='ltr'><strong>et</strong></span> <span class='ocrx_word' id='word_1_636' title='bbox 879 4260 972 4316; x_wconf 90' lang='lat' dir='ltr'><strong>autor</strong></span> <span class='ocrx_word' id='word_1_637' title='bbox 997 4253 1088 4318; x_wconf 85' lang='lat' dir='ltr'><strong>ritae</strong></span> <span class='ocrx_word' id='word_1_638' title='bbox 1105 4254 1229 4335; x_wconf 88' lang='lat' dir='ltr'><strong>positus</strong></span> <span class='ocrx_word' id='word_1_639' title='bbox 1251 4255 1313 4319; x_wconf 86' lang='lat' dir='ltr'><strong>fuit</strong></span> <span class='ocrx_word' id='word_1_640' title='bbox 1364 4253 1404 4316; x_wconf 89' lang='lat' dir='ltr'><strong>ab</strong></span> <span class='ocrx_word' id='word_1_641' title='bbox 1436 4252 1589 4317; x_wconf 91' lang='lat' dir='ltr'><strong>omnibus</strong></span> <span class='ocrx_word' id='word_1_642' title='bbox 1611 4254 1663 4336; x_wconf 86' lang='lat' dir='ltr'><strong>sit</strong></span> <span class='ocrx_word' id='word_1_643' title='bbox 1696 4264 1902 4336; x_wconf 86' lang='lat' dir='ltr'><strong>segregatus:</strong></span> <span class='ocrx_word' id='word_1_644' title='bbox 1942 4260 2079 4335; x_wconf 91' lang='lat' dir='ltr'><strong>utroque</strong></span> <span class='ocrx_word' id='word_1_645' title='bbox 2111 4253 2200 4317; x_wconf 91' lang='lat' dir='ltr'><strong>enim</strong></span> <span class='ocrx_word' id='word_1_646' title='bbox 2234 4251 2335 4317; x_wconf 94' lang='lat' dir='ltr'><strong>modo</strong></span> 
     </span>
     <span class='ocr_line' id='line_1_45' title="bbox 343 4337 2335 4421; baseline 0.001 -19"><span class='ocrx_word' id='word_1_647' title='bbox 343 4340 379 4403; x_wconf 88' lang='lat' dir='ltr'><strong>in</strong></span> <span class='ocrx_word' id='word_1_648' title='bbox 401 4359 534 4421; x_wconf 90' lang='lat' dir='ltr'><strong>scopum</strong></span> <span class='ocrx_word' id='word_1_649' title='bbox 557 4338 831 4416; x_wconf 86' lang='lat' dir='ltr'><strong>contradictionis,</strong></span> <span class='ocrx_word' id='word_1_650' title='bbox 854 4339 888 4402; x_wconf 92' lang='lat' dir='ltr'><strong>in</strong></span> <span class='ocrx_word' id='word_1_651' title='bbox 910 4359 1006 4420; x_wconf 90' lang='lat' dir='ltr'><strong>quem</strong></span> <span class='ocrx_word' id='word_1_652' title='bbox 1028 4339 1176 4404; x_wconf 86' lang='lat' dir='ltr'><strong>certatim</strong></span> <span class='ocrx_word' id='word_1_653' title='bbox 1198 4360 1312 4405; x_wconf 90' lang='lat' dir='ltr'><strong>omnes</strong></span> <span class='ocrx_word' id='word_1_654' title='bbox 1364 4338 1449 4403; x_wconf 89' lang='lat' dir='ltr'><strong>sumi</strong></span> <span class='ocrx_word' id='word_1_655' title='bbox 1470 4345 1586 4421; x_wconf 92' lang='lat' dir='ltr'><strong>potest.</strong></span> <span class='ocrx_word' id='word_1_656' title='bbox 1621 4337 1798 4402; x_wconf 84' lang='lat' dir='ltr'><strong>Sciendum</strong></span> <span class='ocrx_word' id='word_1_657' title='bbox 1811 4347 1922 4404; x_wconf 91' lang='lat' dir='ltr'><strong>tamen</strong></span> <span class='ocrx_word' id='word_1_658' title='bbox 1944 4345 1994 4405; x_wconf 92' lang='lat' dir='ltr'><strong>est</strong></span> <span class='ocrx_word' id='word_1_659' title='bbox 2005 4337 2233 4404; x_wconf 83' lang='lat' dir='ltr'><strong>excellentiam</strong></span> <span class='ocrx_word' id='word_1_660' title='bbox 2245 4339 2335 4403; x_wconf 90' lang='lat' dir='ltr'><strong>hanc</strong></span> 
     </span>
     <span class='ocr_line' id='line_1_46' title="bbox 341 4423 2334 4508; baseline 0 -20"><span class='ocrx_word' id='word_1_661' title='bbox 341 4424 475 4489; x_wconf 89' lang='lat' dir='ltr'><strong>iaculati</strong></span> <span class='ocrx_word' id='word_1_662' title='bbox 487 4431 581 4488; x_wconf 88' lang='lat' dir='ltr'><strong>sunt:</strong></span> <span class='ocrx_word' id='word_1_663' title='bbox 604 4424 700 4490; x_wconf 88' lang='lat' dir='ltr'><strong>sicuti</strong></span> <span class='ocrx_word' id='word_1_664' title='bbox 713 4445 801 4488; x_wconf 91' lang='lat' dir='ltr'><strong>nuno</strong></span> <span class='ocrx_word' id='word_1_665' title='bbox 819 4444 946 4506; x_wconf 90' lang='lat' dir='ltr'><strong>quoque</strong></span> <span class='ocrx_word' id='word_1_666' title='bbox 965 4424 1034 4489; x_wconf 86' lang='lat' dir='ltr'><strong>eins</strong></span> <span class='ocrx_word' id='word_1_667' title='bbox 1051 4425 1312 4506; x_wconf 87' lang='lat' dir='ltr'><strong>exemploeccle·</strong></span> <span class='ocrx_word' id='word_1_668' title='bbox 1363 4423 1465 4488; x_wconf 84' lang='lat' dir='ltr'><strong>fuisse</strong></span> <span class='ocrx_word' id='word_1_669' title='bbox 1487 4424 1714 4506; x_wconf 89' lang='lat' dir='ltr'><strong>temporalem,</strong></span> <span class='ocrx_word' id='word_1_670' title='bbox 1736 4426 1813 4506; x_wconf 89' lang='lat' dir='ltr'><strong>quia</strong></span> <span class='ocrx_word' id='word_1_671' title='bbox 1831 4426 1939 4508; x_wconf 90' lang='lat' dir='ltr'><strong>ipsum</strong></span> <span class='ocrx_word' id='word_1_672' title='bbox 1969 4423 2068 4489; x_wconf 91' lang='lat' dir='ltr'><strong>simul</strong></span> <span class='ocrx_word' id='word_1_673' title='bbox 2095 4445 2171 4490; x_wconf 92' lang='lat' dir='ltr'><strong>cum</strong></span> <span class='ocrx_word' id='word_1_674' title='bbox 2199 4424 2273 4489; x_wconf 88' lang='lat' dir='ltr'><strong>eliis</strong></span> <span class='ocrx_word' id='word_1_675' title='bbox 2293 4424 2334 4488; x_wconf 92' lang='lat' dir='ltr'><strong>in</strong></span> 
     </span>
     <span class='ocr_line' id='line_1_47' title="bbox 342 4507 2335 4593; baseline 0.001 -19"><span class='ocrx_word' id='word_1_676' title='bbox 342 4511 425 4574; x_wconf 91' lang='lat' dir='ltr'><strong>siam</strong></span> <span class='ocrx_word' id='word_1_677' title='bbox 443 4509 556 4575; x_wconf 88' lang='lat' dir='ltr'><strong>multis</strong></span> <span class='ocrx_word' id='word_1_678' title='bbox 573 4509 687 4574; x_wconf 85' lang='lat' dir='ltr'><strong>iaculis</strong></span> <span class='ocrx_word' id='word_1_679' title='bbox 706 4509 826 4592; x_wconf 90' lang='lat' dir='ltr'><strong>configi</strong></span> <span class='ocrx_word' id='word_1_680' title='bbox 844 4516 978 4592; x_wconf 85' lang='lat' dir='ltr'><strong>oportet,</strong></span> <span class='ocrx_word' id='word_1_681' title='bbox 998 4518 1035 4573; x_wconf 92' lang='lat' dir='ltr'><strong>ut</strong></span> <span class='ocrx_word' id='word_1_682' title='bbox 1053 4508 1236 4576; x_wconf 90' lang='lat' dir='ltr'><strong>admirabili</strong></span> <span class='ocrx_word' id='word_1_683' title='bbox 1249 4512 1311 4576; x_wconf 93' lang='lat' dir='ltr'><strong>Dei</strong></span> <span class='ocrx_word' id='word_1_684' title='bbox 1364 4509 1512 4574; x_wconf 92' lang='lat' dir='ltr'><strong>ordinem</strong></span> <span class='ocrx_word' id='word_1_685' title='bbox 1542 4508 1612 4591; x_wconf 86' lang='lat' dir='ltr'><strong>cogi</strong></span> <span class='ocrx_word' id='word_1_686' title='bbox 1641 4511 1800 4591; x_wconf 92' lang='lat' dir='ltr'><strong>oportuit,</strong></span> <span class='ocrx_word' id='word_1_687' title='bbox 1833 4519 1871 4575; x_wconf 91' lang='lat' dir='ltr'><strong>ut</strong></span> <span class='ocrx_word' id='word_1_688' title='bbox 1899 4518 2024 4593; x_wconf 87' lang='lat' dir='ltr'><strong>sceptro</strong></span> <span class='ocrx_word' id='word_1_689' title='bbox 2053 4508 2155 4574; x_wconf 89' lang='lat' dir='ltr'><strong>Iudae</strong></span> <span class='ocrx_word' id='word_1_690' title='bbox 2188 4531 2224 4575; x_wconf 91' lang='lat' dir='ltr'><strong>se</strong></span> <span class='ocrx_word' id='word_1_691' title='bbox 2254 4507 2335 4576; x_wconf 88' lang='lat' dir='ltr'><strong>sub·</strong></span> 
     </span>
     <span class='ocr_line' id='line_1_48' title="bbox 342 4594 1518 4677; baseline -0.001 -17"><span class='ocrx_word' id='word_1_692' title='bbox 342 4595 465 4661; x_wconf 81' lang='lat' dir='ltr'><strong>auxilio</strong></span> <span class='ocrx_word' id='word_1_693' title='bbox 478 4603 636 4659; x_wconf 82' lang='lat' dir='ltr'><strong>servetur.</strong></span> <span class='ocrx_word' id='word_1_694' title='bbox 670 4595 772 4659; x_wconf 92' lang='lat' dir='ltr'><strong>Porro</strong></span> <span class='ocrx_word' id='word_1_695' title='bbox 791 4617 831 4660; x_wconf 91' lang='lat' dir='ltr'><strong>ne</strong></span> <span class='ocrx_word' id='word_1_696' title='bbox 848 4594 991 4677; x_wconf 92' lang='lat' dir='ltr'><strong>maligne</strong></span> <span class='ocrx_word' id='word_1_697' title='bbox 1008 4594 1126 4660; x_wconf 82' lang='lat' dir='ltr'><strong>fratres</strong></span> <span class='ocrx_word' id='word_1_698' title='bbox 1145 4596 1314 4662; x_wconf 87' lang='lat' dir='ltr'><strong>invideant</strong></span> <span class='ocrx_word' id='word_1_699' title='bbox 1364 4596 1518 4660; x_wconf 87' lang='lat' dir='ltr'><strong>mitteret.</strong></span> 
     </span>
     <span class='ocr_line' id='line_1_49' title="bbox 342 4677 2337 4764; baseline -0.001 -19"><span class='ocrx_word' id='word_1_700' title='bbox 342 4690 455 4746; x_wconf 88' lang='lat' dir='ltr'><strong>sancto</strong></span> <span class='ocrx_word' id='word_1_701' title='bbox 476 4680 605 4763; x_wconf 90' lang='lat' dir='ltr'><strong>Ioseph,</strong></span> <span class='ocrx_word' id='word_1_702' title='bbox 629 4680 801 4746; x_wconf 86' lang='lat' dir='ltr'><strong>amabilem</strong></span> <span class='ocrx_word' id='word_1_703' title='bbox 823 4680 893 4745; x_wconf 89' lang='lat' dir='ltr'><strong>eius</strong></span> <span class='ocrx_word' id='word_1_704' title='bbox 912 4681 1081 4746; x_wconf 89' lang='lat' dir='ltr'><strong>victoriam</strong></span> <span class='ocrx_word' id='word_1_705' title='bbox 1104 4682 1184 4764; x_wconf 86' lang='lat' dir='ltr'><strong>ipsis</strong></span> <span class='ocrx_word' id='word_1_706' title='bbox 1206 4683 1312 4747; x_wconf 91' lang='lat' dir='ltr'><strong>reddi·</strong></span> <span class='ocrx_word' id='word_1_707' title='bbox 1451 4681 1502 4744; x_wconf 77' lang='lat'><strong>27.</strong></span> <span class='ocrx_word' id='word_1_708' title='bbox 1526 4679 1698 4745; x_wconf 80' lang='lat' dir='ltr'><strong>Beniamin</strong></span> <span class='ocrx_word' id='word_1_709' title='bbox 1733 4686 1768 4744; x_wconf 78' lang='lat' dir='ltr'><strong>ut</strong></span> <span class='ocrx_word' id='word_1_710' title='bbox 1794 4680 1896 4761; x_wconf 80' lang='lat' dir='ltr'><strong>lupus.</strong></span> <span class='ocrx_word' id='word_1_711' title='bbox 1947 4677 2090 4761; x_wconf 78' lang='lat' dir='ltr'><strong>Quidam</strong></span> <span class='ocrx_word' id='word_1_712' title='bbox 2127 4700 2170 4744; x_wconf 85' lang='lat' dir='ltr'><strong>ex</strong></span> <span class='ocrx_word' id='word_1_713' title='bbox 2199 4679 2337 4745; x_wconf 87' lang='lat' dir='ltr'><strong>Iudaeis</strong></span> 
     </span>
     <span class='ocr_line' id='line_1_50' title="bbox 343 4764 2337 4850; baseline 0 -20"><span class='ocrx_word' id='word_1_714' title='bbox 343 4767 393 4831; x_wconf 92' lang='lat' dir='ltr'><strong>dit</strong></span> <span class='ocrx_word' id='word_1_715' title='bbox 424 4764 535 4830; x_wconf 89' lang='lat' dir='ltr'><strong>Iacob:</strong></span> <span class='ocrx_word' id='word_1_716' title='bbox 566 4765 638 4830; x_wconf 88' lang='lat' dir='ltr'><strong>idco</strong></span> <span class='ocrx_word' id='word_1_717' title='bbox 662 4766 834 4831; x_wconf 89' lang='lat' dir='ltr'><strong>liberatum</strong></span> <span class='ocrx_word' id='word_1_718' title='bbox 857 4766 958 4831; x_wconf 81' lang='lat' dir='ltr'><strong>fuisse</strong></span> <span class='ocrx_word' id='word_1_719' title='bbox 980 4765 1113 4847; x_wconf 89' lang='lat' dir='ltr'><strong>docens,</strong></span> <span class='ocrx_word' id='word_1_720' title='bbox 1143 4776 1312 4833; x_wconf 90' lang='lat' dir='ltr'><strong>uteorum</strong></span> <span class='ocrx_word' id='word_1_721' title='bbox 1364 4766 1513 4834; x_wconf 85' lang='lat' dir='ltr'><strong>damnari</strong></span> <span class='ocrx_word' id='word_1_722' title='bbox 1546 4775 1666 4850; x_wconf 88' lang='lat' dir='ltr'><strong>patant</strong></span> <span class='ocrx_word' id='word_1_723' title='bbox 1696 4766 1914 4846; x_wconf 88' lang='lat' dir='ltr'><strong>Beniamitas,</strong></span> <span class='ocrx_word' id='word_1_724' title='bbox 1953 4767 2009 4849; x_wconf 92' lang='lat' dir='ltr'><strong>qui</strong></span> <span class='ocrx_word' id='word_1_725' title='bbox 2043 4786 2145 4848; x_wconf 92' lang='lat' dir='ltr'><strong>quum</strong></span> <span class='ocrx_word' id='word_1_726' title='bbox 2178 4766 2337 4830; x_wconf 82' lang='lat' dir='ltr'><strong>scelestas</strong></span> 
     </span>
     <span class='ocr_line' id='line_1_51' title="bbox 342 4850 2337 4935; baseline -0.002 -17"><span class='ocrx_word' id='word_1_727' title='bbox 342 4851 500 4918; x_wconf 88' lang='lat' dir='ltr'><strong>nutritius</strong></span> <span class='ocrx_word' id='word_1_728' title='bbox 522 4853 616 4916; x_wconf 91' lang='lat' dir='ltr'><strong>fieret</strong></span> <span class='ocrx_word' id='word_1_729' title='bbox 635 4851 691 4917; x_wconf 85' lang='lat' dir='ltr'><strong>vel</strong></span> <span class='ocrx_word' id='word_1_730' title='bbox 711 4860 832 4935; x_wconf 87' lang='lat' dir='ltr'><strong>pastor.</strong></span> <span class='ocrx_word' id='word_1_731' title='bbox 1362 4852 1512 4919; x_wconf 90' lang='lat' dir='ltr'><strong>libidines</strong></span> <span class='ocrx_word' id='word_1_732' title='bbox 1524 4852 1609 4916; x_wconf 87' lang='lat' dir='ltr'><strong>inter</strong></span> <span class='ocrx_word' id='word_1_733' title='bbox 1620 4873 1656 4916; x_wconf 87' lang='lat' dir='ltr'><strong>se</strong></span> <span class='ocrx_word' id='word_1_734' title='bbox 1667 4851 1809 4934; x_wconf 86' lang='lat' dir='ltr'><strong>grassari</strong></span> <span class='ocrx_word' id='word_1_735' title='bbox 1821 4859 1978 4934; x_wconf 89' lang='lat' dir='ltr'><strong>tanquam</strong></span> <span class='ocrx_word' id='word_1_736' title='bbox 1990 4851 2171 4934; x_wconf 89' lang='lat' dir='ltr'><strong>praedones</strong></span> <span class='ocrx_word' id='word_1_737' title='bbox 2181 4853 2271 4934; x_wconf 83' lang='lat' dir='ltr'><strong>passi</strong></span> <span class='ocrx_word' id='word_1_738' title='bbox 2282 4850 2337 4915; x_wconf 82' lang='lat' dir='ltr'><strong>fo·</strong></span> 
     </span>
     <span class='ocr_line' id='line_1_52' title="bbox 428 4936 2339 5021; baseline -0.001 -19"><span class='ocrx_word' id='word_1_739' title='bbox 428 4937 480 5002; x_wconf 79' lang='lat'><strong>25.</strong></span> <span class='ocrx_word' id='word_1_740' title='bbox 504 4939 537 5002; x_wconf 78' lang='lat' dir='ltr'><strong><em>A</em></strong></span> <span class='ocrx_word' id='word_1_741' title='bbox 559 4936 627 5002; x_wconf 81' lang='lat' dir='ltr'><strong>Deo</strong></span> <span class='ocrx_word' id='word_1_742' title='bbox 648 4940 756 5020; x_wconf 77' lang='lat' dir='ltr'><strong>patrie</strong></span> <span class='ocrx_word' id='word_1_743' title='bbox 783 4938 839 5004; x_wconf 78' lang='lat' dir='ltr'><strong>tat.</strong></span> <span class='ocrx_word' id='word_1_744' title='bbox 883 4937 1009 5001; x_wconf 89' lang='lat' dir='ltr'><strong>Iterum</strong></span> <span class='ocrx_word' id='word_1_745' title='bbox 1036 4937 1168 5019; x_wconf 89' lang='lat' dir='ltr'><strong>plenius</strong></span> <span class='ocrx_word' id='word_1_746' title='bbox 1194 4942 1311 5005; x_wconf 87' lang='lat' dir='ltr'><strong>confir-</strong></span> <span class='ocrx_word' id='word_1_747' title='bbox 1363 4947 1447 5014; x_wconf 86' lang='lat' dir='ltr'><strong>rent,</strong></span> <span class='ocrx_word' id='word_1_748' title='bbox 1462 4937 1839 5021; x_wconf 87' lang='lat' dir='ltr'><strong>demumobstupratam</strong></span> <span class='ocrx_word' id='word_1_749' title='bbox 1850 4938 1987 5003; x_wconf 86' lang='lat' dir='ltr'><strong>Levitae</strong></span> <span class='ocrx_word' id='word_1_750' title='bbox 2004 4958 2150 5016; x_wconf 89' lang='lat' dir='ltr'><strong>uxorem,</strong></span> <span class='ocrx_word' id='word_1_751' title='bbox 2167 4936 2339 5001; x_wconf 90' lang='lat' dir='ltr'><strong>horrenda</strong></span> 
     </span>
     <span class='ocr_line' id='line_1_53' title="bbox 343 5022 2339 5108; baseline -0.001 -20"><span class='ocrx_word' id='word_1_752' title='bbox 343 5033 412 5088; x_wconf 88' lang='lat' dir='ltr'><strong>mat</strong></span> <span class='ocrx_word' id='word_1_753' title='bbox 434 5023 563 5105; x_wconf 89' lang='lat' dir='ltr'><strong>Ioseph,</strong></span> <span class='ocrx_word' id='word_1_754' title='bbox 586 5045 652 5088; x_wconf 93' lang='lat' dir='ltr'><strong>non</strong></span> <span class='ocrx_word' id='word_1_755' title='bbox 676 5026 805 5106; x_wconf 87' lang='lat' dir='ltr'><strong>propria</strong></span> <span class='ocrx_word' id='word_1_756' title='bbox 832 5022 1011 5100; x_wconf 89' lang='lat' dir='ltr'><strong>irdustria,</strong></span> <span class='ocrx_word' id='word_1_757' title='bbox 1041 5023 1098 5088; x_wconf 87' lang='lat' dir='ltr'><strong>sed</strong></span> <span class='ocrx_word' id='word_1_758' title='bbox 1121 5025 1185 5089; x_wconf 91' lang='lat' dir='ltr'><strong>Dei</strong></span> <span class='ocrx_word' id='word_1_759' title='bbox 1206 5027 1312 5108; x_wconf 88' lang='lat' dir='ltr'><strong>gratia</strong></span> <span class='ocrx_word' id='word_1_760' title='bbox 1363 5025 1454 5091; x_wconf 86' lang='lat' dir='ltr'><strong>clade</strong></span> <span class='ocrx_word' id='word_1_761' title='bbox 1477 5024 1578 5088; x_wconf 86' lang='lat' dir='ltr'><strong>excisi</strong></span> <span class='ocrx_word' id='word_1_762' title='bbox 1600 5033 1679 5088; x_wconf 89' lang='lat' dir='ltr'><strong>eunt</strong></span> <span class='ocrx_word' id='word_1_763' title='bbox 1700 5045 1737 5089; x_wconf 87' lang='lat' dir='ltr'><strong>ao</strong></span> <span class='ocrx_word' id='word_1_764' title='bbox 1758 5024 1827 5087; x_wconf 86' lang='lat' dir='ltr'><strong>fere</strong></span> <span class='ocrx_word' id='word_1_765' title='bbox 1855 5023 1962 5089; x_wconf 89' lang='lat' dir='ltr'><strong>deleti.</strong></span> <span class='ocrx_word' id='word_1_766' title='bbox 2007 5024 2088 5102; x_wconf 82' lang='lat' dir='ltr'><strong>Alii,</strong></span> <span class='ocrx_word' id='word_1_767' title='bbox 2116 5022 2339 5088; x_wconf 87' lang='lat' dir='ltr'><strong>honorificum</strong></span> 
     </span>
     <span class='ocr_line' id='line_1_54' title="bbox 343 5107 2337 5194; baseline -0.002 -19"><span class='ocrx_word' id='word_1_768' title='bbox 343 5119 492 5192; x_wconf 90' lang='lat' dir='ltr'><strong>ereptum</strong></span> <span class='ocrx_word' id='word_1_769' title='bbox 515 5109 614 5174; x_wconf 86' lang='lat' dir='ltr'><strong>fuisse</strong></span> <span class='ocrx_word' id='word_1_770' title='bbox 636 5131 677 5172; x_wconf 85' lang='lat' dir='ltr'><strong>ex</strong></span> <span class='ocrx_word' id='word_1_771' title='bbox 700 5118 820 5183; x_wconf 85' lang='lat' dir='ltr'><strong>morte,</strong></span> <span class='ocrx_word' id='word_1_772' title='bbox 851 5117 884 5174; x_wconf 86' lang='lat' dir='ltr'><strong>et</strong></span> <span class='ocrx_word' id='word_1_773' title='bbox 910 5107 1094 5172; x_wconf 85' lang='lat' dir='ltr'><strong>intactam</strong></span> <span class='ocrx_word' id='word_1_774' title='bbox 1118 5110 1311 5194; x_wconf 88' lang='lat' dir='ltr'><strong>dignitatem</strong></span> <span class='ocrx_word' id='word_1_775' title='bbox 1363 5132 1434 5176; x_wconf 88' lang='lat' dir='ltr'><strong>esso</strong></span> <span class='ocrx_word' id='word_1_776' title='bbox 1467 5108 1672 5174; x_wconf 88' lang='lat' dir='ltr'><strong>encominum</strong></span> <span class='ocrx_word' id='word_1_777' title='bbox 1708 5110 1837 5188; x_wconf 88' lang='lat' dir='ltr'><strong>volunt,</strong></span> <span class='ocrx_word' id='word_1_778' title='bbox 1878 5131 1940 5192; x_wconf 93' lang='lat' dir='ltr'><strong>quc</strong></span> <span class='ocrx_word' id='word_1_779' title='bbox 1972 5119 2107 5174; x_wconf 90' lang='lat' dir='ltr'><strong>ornetur</strong></span> <span class='ocrx_word' id='word_1_780' title='bbox 2141 5107 2240 5186; x_wconf 84' lang='lat' dir='ltr'><strong>Saul,</strong></span> <span class='ocrx_word' id='word_1_781' title='bbox 2278 5109 2337 5173; x_wconf 84' lang='lat' dir='ltr'><strong>rel</strong></span> 
     </span>
     <span class='ocr_line' id='line_1_55' title="bbox 343 5193 2339 5278; baseline -0.001 -18"><span class='ocrx_word' id='word_1_782' title='bbox 343 5197 525 5260; x_wconf 88' lang='lat' dir='ltr'><strong>invectum:</strong></span> <span class='ocrx_word' id='word_1_783' title='bbox 549 5193 683 5259; x_wconf 91' lang='lat' dir='ltr'><strong>minime</strong></span> <span class='ocrx_word' id='word_1_784' title='bbox 706 5202 814 5260; x_wconf 88' lang='lat' dir='ltr'><strong>eutem</strong></span> <span class='ocrx_word' id='word_1_785' title='bbox 838 5193 972 5259; x_wconf 90' lang='lat' dir='ltr'><strong>dubium</strong></span> <span class='ocrx_word' id='word_1_786' title='bbox 995 5202 1046 5257; x_wconf 88' lang='lat' dir='ltr'><strong>est</strong></span> <span class='ocrx_word' id='word_1_787' title='bbox 1064 5197 1140 5278; x_wconf 88' lang='lat' dir='ltr'><strong>quin</strong></span> <span class='ocrx_word' id='word_1_788' title='bbox 1161 5197 1311 5262; x_wconf 90' lang='lat' dir='ltr'><strong>omnibus</strong></span> <span class='ocrx_word' id='word_1_789' title='bbox 1363 5195 1609 5272; x_wconf 90' lang='lat' dir='ltr'><strong>Mardochaeus,</strong></span> <span class='ocrx_word' id='word_1_790' title='bbox 1632 5195 1686 5278; x_wconf 89' lang='lat' dir='ltr'><strong>qui</strong></span> <span class='ocrx_word' id='word_1_791' title='bbox 1707 5196 1803 5261; x_wconf 89' lang='lat' dir='ltr'><strong>ambo</strong></span> <span class='ocrx_word' id='word_1_792' title='bbox 1825 5196 1959 5260; x_wconf 89' lang='lat' dir='ltr'><strong>fuerunt</strong></span> <span class='ocrx_word' id='word_1_793' title='bbox 1976 5217 2016 5260; x_wconf 85' lang='lat' dir='ltr'><strong>ex</strong></span> <span class='ocrx_word' id='word_1_794' title='bbox 2038 5193 2126 5259; x_wconf 90' lang='lat' dir='ltr'><strong>tribu</strong></span> <span class='ocrx_word' id='word_1_795' title='bbox 2144 5193 2339 5258; x_wconf 86' lang='lat' dir='ltr'><strong>Beniamin.</strong></span> 
     </span>
     <span class='ocr_line' id='line_1_56' title="bbox 344 5278 2339 5365; baseline -0.001 -20"><span class='ocrx_word' id='word_1_796' title='bbox 344 5283 406 5363; x_wconf 89' lang='lat' dir='ltr'><strong>piis</strong></span> <span class='ocrx_word' id='word_1_797' title='bbox 428 5279 634 5345; x_wconf 88' lang='lat' dir='ltr'><strong>commendet</strong></span> <span class='ocrx_word' id='word_1_798' title='bbox 654 5301 777 5344; x_wconf 91' lang='lat' dir='ltr'><strong>meram</strong></span> <span class='ocrx_word' id='word_1_799' title='bbox 800 5278 1082 5357; x_wconf 89' lang='lat' dir='ltr'><strong>Deibonitatem,</strong></span> <span class='ocrx_word' id='word_1_800' title='bbox 1106 5282 1245 5364; x_wconf 91' lang='lat' dir='ltr'><strong>nequid</strong></span> <span class='ocrx_word' id='word_1_801' title='bbox 1268 5283 1310 5347; x_wconf 91' lang='lat' dir='ltr'><strong>si·</strong></span> <span class='ocrx_word' id='word_1_802' title='bbox 1361 5282 1473 5348; x_wconf 89' lang='lat' dir='ltr'><strong>Nostri</strong></span> <span class='ocrx_word' id='word_1_803' title='bbox 1493 5300 1608 5365; x_wconf 87' lang='lat' dir='ltr'><strong>parum</strong></span> <span class='ocrx_word' id='word_1_804' title='bbox 1632 5288 1706 5362; x_wconf 90' lang='lat' dir='ltr'><strong>apte</strong></span> <span class='ocrx_word' id='word_1_805' title='bbox 1729 5281 1769 5346; x_wconf 91' lang='lat' dir='ltr'><strong>ad</strong></span> <span class='ocrx_word' id='word_1_806' title='bbox 1792 5281 1933 5345; x_wconf 91' lang='lat' dir='ltr'><strong>Paulum</strong></span> <span class='ocrx_word' id='word_1_807' title='bbox 1962 5280 2144 5364; x_wconf 88' lang='lat' dir='ltr'><strong>apostolum</strong></span> <span class='ocrx_word' id='word_1_808' title='bbox 2169 5287 2339 5364; x_wconf 88' lang='lat' dir='ltr'><strong>torquent,</strong></span> 
     </span>
     <span class='ocr_line' id='line_1_57' title="bbox 346 5365 2341 5452; baseline 0 -22"><span class='ocrx_word' id='word_1_809' title='bbox 346 5367 378 5430; x_wconf 90' lang='lat' dir='ltr'><strong>bi</strong></span> <span class='ocrx_word' id='word_1_810' title='bbox 401 5373 563 5449; x_wconf 85' lang='lat' dir='ltr'><strong>arrogent,</strong></span> <span class='ocrx_word' id='word_1_811' title='bbox 586 5366 656 5431; x_wconf 86' lang='lat' dir='ltr'><strong>sive</strong></span> <span class='ocrx_word' id='word_1_812' title='bbox 677 5366 780 5448; x_wconf 87' lang='lat' dir='ltr'><strong>elapsi</strong></span> <span class='ocrx_word' id='word_1_813' title='bbox 800 5367 867 5430; x_wconf 92' lang='lat' dir='ltr'><strong>sint</strong></span> <span class='ocrx_word' id='word_1_814' title='bbox 889 5387 931 5430; x_wconf 82' lang='lat' dir='ltr'><strong>ex</strong></span> <span class='ocrx_word' id='word_1_815' title='bbox 953 5365 1119 5447; x_wconf 91' lang='lat' dir='ltr'><strong>periculis,</strong></span> <span class='ocrx_word' id='word_1_816' title='bbox 1143 5367 1212 5432; x_wconf 83' lang='lat' dir='ltr'><strong>sire</strong></span> <span class='ocrx_word' id='word_1_817' title='bbox 1234 5387 1310 5433; x_wconf 90' lang='lat' dir='ltr'><strong>oon·</strong></span> <span class='ocrx_word' id='word_1_818' title='bbox 1363 5369 1481 5452; x_wconf 88' lang='lat' dir='ltr'><strong>quiex</strong></span> <span class='ocrx_word' id='word_1_819' title='bbox 1504 5369 1577 5449; x_wconf 93' lang='lat' dir='ltr'><strong>lupo</strong></span> <span class='ocrx_word' id='word_1_820' title='bbox 1595 5387 1772 5432; x_wconf 79' lang='lat' dir='ltr'><strong>conversus</strong></span> <span class='ocrx_word' id='word_1_821' title='bbox 1799 5375 1850 5431; x_wconf 89' lang='lat' dir='ltr'><strong>ost</strong></span> <span class='ocrx_word' id='word_1_822' title='bbox 1875 5369 1910 5432; x_wconf 94' lang='lat' dir='ltr'><strong>in</strong></span> <span class='ocrx_word' id='word_1_823' title='bbox 1933 5365 2202 5450; x_wconf 87' lang='lat' dir='ltr'><strong>dispensatorem.</strong></span> <span class='ocrx_word' id='word_1_824' title='bbox 2248 5365 2341 5431; x_wconf 83' lang='lat' dir='ltr'><strong>Mihi</strong></span> 
     </span>
    </p>
   </div>
   <div class='ocr_carea' id='block_1_3' title="bbox 0 0 2493 6192">
    <p class='ocr_par' dir='ltr' id='par_1_3' title="bbox 0 0 2493 6192">
     <span class='ocr_line' id='line_1_58' title="bbox 0 0 2493 6192; baseline 0 0"><span class='ocrx_word' id='word_1_825' title='bbox 0 0 2493 6192; x_wconf 95' lang='lat' dir='ltr'><strong> </strong></span> 
     </span>
    </p>
   </div>
  </div>
 </body>
</html>
