5000 6208
126 439 179 502 261
778 433 1149 502 COMMENTARIUS
1170 435 1220 501 lN
1242 435 1457 503 GENESIN.
2053 436 2119 503 262

125 627 292 692 dormiunt.
323 622 434 705 Quare
453 621 627 704 siquando
646 622 738 688 Deus
757 621 1088 701 suaiudiciadiffert,
1140 624 1333 689 nominatim
1352 622 1417 690 sihi
1438 622 1509 687 dari
1530 629 1684 706 posceret.
1725 621 1827 707 Atqui
1849 623 1984 690 minime
2000 625 2121 708 proba·

124 734 161 778 ue
180 711 253 775 ideo
276 717 429 792 putemus
456 709 549 779 nobis
578 707 692 773 melius
718 728 802 778 esse:
831 707 888 774 sed
915 718 1089 792 antequam
1141 708 1206 774 bile
1228 720 1280 774 est
1307 709 1366 774 tali
1395 708 1604 775 simulatione
1631 708 1771 775 abusum
1800 729 1880 775 esse.
1925 709 1998 794 Ego
2028 722 2118 777 certe

125 797 278 864 scelerum
299 793 484 860 nostrorum
502 793 723 877 querimoniae
741 795 812 858 eius
830 815 926 859 aures
943 793 1091 878 fatigent,
1140 795 1344 860 communic
1422 796 1565 880 quinque
1586 794 1722 877 populos
1743 795 1964 862 misericordia
1993 805 2120 864 tactum

123 883 216 948 minis
238 883 308 947 eius
330 880 565 965 expergefacti,
585 887 713 944 mature
735 879 776 944 ad
798 901 872 944 enm
895 879 1091 962 placandum
1142 901 1300 947 essenon
1323 880 1367 945 dn
1391 882 1446 957 ito,
1470 889 1507 944 ut
1528 878 1718 963 deprecator
1746 881 1923 947 accederet.
1968 879 2064 963 Quod
2088 879 2119 948 ei

123 988 336 1054 properemus.
388 964 552 1047 Quoniam
586 974 695 1030 autem
724 965 797 1032 talis
828 965 891 1030 Dei
920 965 1092 1032 tolerantia
1142 965 1254 1030 omnia
1282 964 1514 1049 expandimus,
1547 986 1684 1049 magnas
1711 964 1826 1032 habuit
1852 986 1967 1032 causas
1994 987 2055 1033 cnr
2083 965 2118 1034 id

123 1054 248 1120 anobis
269 1050 500 1135 comprehendi
519 1071 584 1115 non
606 1060 722 1134 potest,
746 1071 821 1116 eum
839 1051 983 1116 humano
1001 1072 1092 1116 more
1140 1052 1269 1117 faceret.
1314 1051 1428 1134 Nuper
1456 1051 1530 1116 illos
1559 1052 1723 1133 eripuerat
1751 1072 1791 1116 ex
1822 1051 1969 1118 hostium
2002 1073 2116 1119 manu:

123 1141 302 1224 loquentem
328 1137 454 1205 inducit
476 1137 596 1201 Moses.
1141 1154 1230 1202 nunc
1258 1147 1391 1218 repente
1422 1135 1574 1202 delendos
1597 1157 1668 1202 esse
1689 1137 1789 1202 audit.
1835 1137 2004 1206 Ooniioero
2026 1147 2117 1222 pote·

204 1223 359 1292 Fecemot
389 1223 687 1289 commotionem.
743 1221 870 1286 Nomen
904 1222 1091 1287 hebraicum
1143 1234 1194 1287 rat
1217 1221 1337 1287 bellum
1360 1222 1440 1287 illud
1471 1231 1592 1288 temere
1614 1244 1684 1288 esse
1714 1235 1918 1306 susceptum,
1948 1225 2117 1290 victoriam

122 1297 180 1380 dha
203 1309 289 1394 quod
308 1308 361 1374 hic
383 1318 521 1391 usurpat
543 1306 668 1386 Moses,
696 1317 761 1371 mm
791 1309 944 1390 perfectio
965 1319 1015 1372 est
1037 1309 1091 1372 vel
1143 1327 1236 1372 auam
1264 1306 1422 1373 divinitus
1450 1328 1521 1372 esse
1549 1306 1775 1386 maledictam,
1803 1311 1894 1392 quasi
1917 1310 1988 1374 Deo
2012 1310 2116 1375 invito

122 1398 192 1462 finis
214 1396 372 1478 cuiusque
395 1394 442 1460 rei
460 1414 556 1476 quam
577 1394 788 1474 consumptio.
826 1393 904 1458 ideo
927 1393 1094 1478 Hierony·
1143 1415 1202 1477 pro
1224 1393 1367 1477 indignis
1396 1401 1428 1458 et
1449 1393 1613 1459 sceleratis
1646 1415 1738 1459 arma
1770 1396 1979 1478 sumpsisset:
2011 1399 2119 1480 potnit

120 1505 190 1548 mus
210 1483 327 1547 vertit:
346 1479 385 1546 Si
403 1500 499 1562 opere
517 1478 761 1562 compleverint
797 1479 866 1544 Nec
884 1500 961 1544 vero
979 1479 1091 1546 dubito
1143 1479 1195 1544 his
1227 1479 1475 1563 cogitationibus
1508 1498 1573 1544 non
1606 1479 1724 1544 leviter
1756 1481 1908 1562 torqueri.
1958 1481 2010 1545 Ad
2038 1486 2118 1549 haec

121 1569 195 1652 quin
219 1567 382 1651 significet
405 1563 508 1630 Moses
530 1564 661 1629 venisse
683 1565 800 1640 Deum,
824 1572 861 1628 ut
882 1565 1027 1647 inquirat
1048 1588 1091 1631 an
1143 1564 1269 1630 creditu
1298 1563 1429 1630 difficile
1458 1575 1544 1641 erat,
1575 1573 1644 1630 tum
1672 1565 1818 1650 ingratos
1847 1586 1918 1631 esse
1946 1587 2059 1632 omnes
2082 1576 2119 1634 ut

121 1655 159 1719 ad
175 1674 343 1719 summum
361 1651 527 1717 cumulum
546 1649 793 1715 conscenderint
811 1659 957 1732 peccata:
980 1671 1092 1734 quem·
1142 1649 1235 1715 nulla
1264 1651 1403 1715 recentis
1428 1649 1628 1715 liberationis
1656 1652 1814 1716 memoria
1835 1651 1922 1734 apud
1949 1673 2003 1717 eos
2027 1655 2117 1738 vige·

120 1738 292 1805 admodum
314 1737 405 1822 prius
423 1737 506 1801 dixit
527 1733 672 1800 nondum
693 1735 870 1818 completas
888 1755 958 1800 esse
975 1737 1092 1820 iniqui·
1144 1745 1203 1800 ret.
1254 1735 1355 1818 Atqui
1386 1736 1434 1800 fas
1463 1734 1512 1800 illi
1539 1757 1605 1801 non
1636 1736 1698 1801 luit
1726 1758 1790 1801 uno
1822 1737 1922 1802 verbo
1948 1759 2022 1803 cum
2045 1740 2117 1805 Deo

121 1835 201 1890 tates
214 1823 503 1891 Amorrhaeorum.
527 1819 666 1886 Summa
676 1829 727 1886 est
737 1822 849 1906 igitur,
863 1822 1009 1886 visurum
1022 1843 1092 1888 esse
1144 1821 1325 1904 disputare,
1356 1828 1527 1905 postquam
1551 1822 1699 1887 audierat
1720 1821 1797 1904 quid
1820 1822 1867 1887 illi
1890 1831 2045 1889 statutum
2069 1827 2118 1889 fo·

119 1911 301 1976 Dominum
329 1910 437 1974 sintne
465 1927 596 1990 prorsus
624 1907 798 1989 deplorati,
828 1917 864 1971 ut
893 1907 948 1990 qui
971 1906 1012 1971 ad
1034 1928 1091 1973 ex·
1144 1921 1202 1972 ret.
1248 1903 1336 1988 Quid
1359 1907 1447 1972 enim
1469 1907 1577 1974 meriti
1600 1909 1666 1972 sint
1689 1907 1855 1986 homines,
1886 1919 1919 1973 et
1946 1929 2044 1992 quam
2067 1931 2117 1975 se·

120 2011 260 2062 tremum
292 1995 452 2060 malorum
471 2013 506 2057 se
528 1992 737 2075 proiecerint:
772 2013 813 2058 an
841 2011 919 2057 vero
948 1992 1015 2058 sint
1037 1993 1091 2058 od-
1144 2014 1221 2057 vere
1243 2013 1298 2058 eos
1320 1994 1454 2058 tractari
1482 1992 1650 2074 expediat,
1679 2014 1767 2059 unus
1788 1993 1844 2058 ille
1872 1995 1994 2076 optime
2016 1997 2116 2062 novit.

117 2083 237 2149 hucin
256 2080 362 2146 medio
380 2101 486 2152 eursu.
506 2078 593 2143 unde
614 2079 760 2143 revocari
777 2086 900 2162 queant
917 2077 956 2142 ad
976 2099 1091 2144 sanam
1144 2078 1212 2143 Oua·
1234 2099 1313 2164 ergo
1335 2099 1401 2142 non
1423 2079 1596 2160 acquiescit
1615 2078 1806 2144 Abraham?
1829 2097 1889 2144 cur
1909 2080 1970 2146 sibi
1992 2081 2118 2165 aliquos

117 2181 276 2233 mentem:
298 2167 374 2250 quia
394 2163 545 2230 funditus
566 2164 703 2247 perdere
724 2163 807 2228 nolit
827 2165 906 2229 istas
928 2165 1040 2243 urbes,
1063 2166 1092 2231 si
1144 2161 1307 2228 Sodomae
1335 2163 1437 2228 iustos
1466 2183 1536 2229 esse
1564 2163 1676 2248 fingit,
1703 2163 1819 2247 quibus
1848 2165 2003 2250 neglectis
2019 2167 2117 2232 'Dens

117 2275 178 2338 quo
197 2251 295 2318 modo
317 2251 472 2316 sanabilis
489 2251 531 2314 sit
548 2270 661 2314 eorum
684 2249 816 2314 malitia.
853 2249 919 2313 Alii
942 2259 1090 2316 vertunt:
1143 2251 1276 2315 confuso
1294 2251 1417 2332 impetu
1436 2249 1476 2313 ad
1496 2248 1706 2314 saeviendum
1728 2249 1897 2334 prosiliat?
1916 2251 2119 2335 Respondeo‚

117 2339 152 2406 Si
171 2342 219 2404 ita
237 2339 383 2413 iecerint,
406 2337 472 2401 iam
494 2333 586 2401 adest
606 2336 742 2400 ultimus
763 2335 934 2400 interitus:
957 2335 1008 2400 sin
1031 2339 1091 2400 mi·
1144 2356 1276 2400 sensum
1305 2334 1538 2414 humanitatis,
1567 2356 1630 2417 quo
1660 2345 1827 2418 permotus
1857 2337 1919 2400 luit
1942 2337 2118 2418 Abraham,

116 2447 188 2502 nus,
212 2422 329 2489 videbo
351 2431 511 2506 quatenus
533 2421 600 2486 sint
621 2420 788 2504 puniendi.
829 2419 896 2488 Sed
927 2422 1016 2504 prior
1037 2423 1091 2487 ille
1146 2422 1217 2486 Deo
1239 2419 1409 2504 placuisse.
1453 2420 1620 2499 Primum,
1648 2421 1725 2504 quia
1755 2433 1856 2487 totam
1885 2421 1933 2486 illi
1960 2424 2118 2508 cognitio-

115 2533 233 2578 sensus
254 2508 370 2574 melius
393 2506 539 2590 quadrat.
1144 2526 1229 2582 nem,
1251 2519 1290 2571 nt
1311 2506 1416 2582 decet,
1438 2505 1606 2588 permittit.
1652 2504 1797 2584 Deinde,
1819 2509 1894 2591 quia
1916 2517 2044 2575 tantum
2067 2530 2119 2575 so·

199 2595 255 2661 22.
284 2593 328 2660 Et
357 2593 517 2658 Abrohom
552 2591 651 2657 adhuc
684 2593 751 2674 ipae
779 2591 887 2657 stabat
939 2592 1089 2658 Primum
1143 2593 1213 2657 latii
1240 2591 1372 2675 petendi
1399 2611 1512 2670 causa,
1542 2590 1649 2657 sobrie
1678 2602 1712 2657 et
1739 2594 1899 2658 submisse
1927 2595 2117 2678 interrogat.

115 2681 192 2748 dicit
210 2682 323 2748 Moses
341 2679 428 2746 viros
446 2679 581 2744 ulterius
598 2697 785 2761 progressos
803 2697 882 2754 esse,
902 2677 1090 2762 significans
1144 2677 1241 2759 Quod
1262 2685 1372 2742 tantae
1401 2675 1621 2742 multitudinis
1649 2679 1817 2743 interitum
1840 2679 2011 2755 exhorret,
2034 2681 2119 2757 nihil

114 2789 267 2833 sermone
288 2766 382 2831 linito
405 2763 600 2829 valedixisse
622 2762 789 2839 Abrahae,
820 2772 857 2827 ut
882 2763 1017 2829 domum
1039 2786 1090 2829 re·
1144 2765 1273 2829 mirum.
1318 2763 1421 2828 Videt
1449 2763 1600 2828 homiues
1622 2763 1663 2828 ad
1688 2764 1865 2848 imaginem
1889 2765 1953 2829 Dei
1975 2777 2118 2834 creatos:

114 2853 210 2920 diret.
266 2851 393 2917 Deinde
425 2851 569 2928 subiicit,
603 2848 773 2914 Abraham
813 2849 942 2914 stetisse
980 2869 1090 2915 eoram
1143 2849 1204 2915 sibi
1232 2849 1408 2932 persuadet
1432 2849 1466 2913 in
1490 2847 1547 2914 illa
1574 2849 1699 2932 ingenti
1730 2850 1826 2916 turba
1852 2871 1973 2934 paucos
2002 2852 2118 2918 saltem

114 2941 276 3017 Domino,
307 2945 344 3002 ut
364 2936 472 3003 solent
492 2935 548 3020 qui
577 2933 703 3000 dimissi
724 2955 789 2999 non
818 2937 928 3001 statim
960 2935 1089 3014 abeunt,
1143 2955 1215 3000 esse
1232 2935 1389 3019 integros,
1411 2933 1465 2998 vel
1488 2955 1552 2998 non
1575 2935 1708 3000 omnino
1734 2935 1897 3018 improbos
1919 2947 1952 3000 et
1974 2937 2118 3004 malitiae

113 3047 150 3090 eo
173 3024 265 3108 quod
286 3022 406 3105 aliquid
434 3021 540 3087 adhuc
569 3018 741 3086 dicendum
772 3019 824 3085 vel
853 3020 1016 3106 agendum
1038 3042 1088 3086 re·
1143 3020 1278 3086 deditos.
1316 3019 1413 3102 Quod
1435 3039 1512 3104 ergo
1529 3019 1570 3085 ad
1593 3022 1724 3085 veniam
1745 3021 1984 3106 impetrandam
2008 3026 2117 3090 valere

112 3122 186 3177 stet.
217 3109 282 3184 ,Et
303 3111 386 3175 seire
408 3108 532 3184 Moses,
564 3127 666 3188 quum
689 3106 729 3170 de
759 3107 874 3172 itinere
897 3108 935 3172 tit
956 3108 1089 3187 mentio,
1141 3107 1322 3183 existimat,
1352 3107 1423 3171 Deo
1455 3105 1575 3172 obiicit.
1627 3106 1769 3171 Videtur
1802 3117 1912 3172 mmen
1945 3129 2117 3192 perperam

112 3197 245 3280 angelis
274 3195 443 3259 hominum
472 3213 589 3257 nomen
617 3190 782 3256 attribuit:
811 3191 980 3257 Abraham
1009 3214 1088 3258 vero
1141 3193 1247 3258 facere
1269 3190 1355 3274 quod
1380 3192 1608 3273 impunitatem
1632 3193 1726 3257 malis
1755 3192 1898 3275 postulet
1919 3194 1951 3257 in
1975 3198 2116 3278 gratiam

110 3305 176 3347 non
196 3281 278 3347 dicit
298 3299 406 3344 eoram
428 3277 617 3344 hominibus
638 3278 775 3354 stetisse,
798 3277 854 3342 sed
876 3298 983 3342 coram
1007 3279 1088 3344 facie
1140 3277 1309 3342 bonorum.
1339 3276 1483 3360 Ouperet
1501 3277 1587 3342 enim
1600 3277 1707 3342 Deum
1727 3278 1795 3343 loeo
1813 3298 1956 3362 parcere,
1973 3282 2001 3344 si
2019 3282 2115 3362 quin·

111 3369 188 3433 Dei:
220 3367 298 3450 quia
319 3365 450 3430 tametsi
472 3365 573 3429 oculis
594 3363 748 3429 cernebat
768 3362 938 3428 hominum
955 3365 1088 3446 species,
1140 3363 1297 3449 quaginta
1313 3363 1380 3428 illic
1397 3364 1500 3429 bonos
1517 3364 1672 3429 inveniat.
1706 3363 1910 3446 Respondeo‚
1930 3387 1994 3431 non
2012 3386 2116 3448 usqne

109 3454 175 3520 tide
205 3463 319 3517 tamen
342 3451 450 3516 Deum
480 3449 676 3514 intuebatur.
723 3449 767 3514 Et
790 3449 890 3515 verba
916 3450 987 3514 eius
1009 3451 1088 3515 satis
1139 3470 1178 3514 eo
1206 3447 1339 3514 extendi
1361 3469 1473 3531 preces
1500 3447 1670 3526 Abrahae,
1698 3470 1739 3514 ue
1762 3449 1853 3514 Deus
1880 3450 2018 3534 flagellis
2046 3447 2124 3518 suis'

109 3539 343 3605 demonstrant
364 3557 429 3600 non
457 3535 627 3617 loquutum
653 3555 724 3600 esse
745 3535 835 3616 quasi
858 3555 933 3600 eum
956 3534 1088 3602 homino
1139 3536 1278 3618 attingat
1305 3533 1403 3599 urbes
1434 3533 1524 3612 illas,
1552 3533 1609 3598 sed
1638 3543 1766 3599 tantum
1794 3555 1835 3599 ne
1864 3533 2013 3601 funditus
2040 3536 2116 3603 illas

108 3625 256 3691 mortali.
301 3621 397 3689 Unde
419 3620 611 3704 colligimus,
633 3631 839 3704 praepostere
861 3641 880 3685 a
902 3622 994 3688 nobis
1015 3621 1087 3686 fieri
1139 3618 1267 3702 perdat:
1292 3621 1378 3685 acsi
1401 3619 1552 3685 dixisset:
1579 3619 1737 3696 Domine,
1768 3628 1932 3702 utcunque
1955 3621 2113 3687 ultionem

106 3713 134 3776 si
157 3731 221 3776 nos
246 3719 381 3773 externa
402 3706 559 3790 symbola,
583 3705 703 3788 quibus
725 3728 760 3771 sa
782 3707 875 3771 Deus
897 3727 1085 3788 repraesen-
1138 3727 1248 3772 sumas
1271 3705 1311 3770 de
1338 3705 1464 3789 impiis,
1496 3726 1605 3770 annon
1633 3704 1761 3789 aliquod
1790 3705 1990 3771 domicilium
2018 3707 2114 3774 iustis

102 3804 161 3875 tat,
187 3807 362 3859 morentur
379 3794 431 3858 vel
456 3793 634 3876 impediant
651 3793 825 3875 quominus
844 3801 932 3858 recta
950 3793 990 3856 ad
1009 3814 1084 3858 eum
1138 3791 1324 3876 relinques?
1348 3791 1417 3856 Cur
1434 3789 1581 3856 funditus
1604 3791 1726 3872 periret
1747 3791 1811 3856 ista
1833 3792 1933 3874 regio,
1956 3795 2112 3875 quamdiu

102 3882 295 3947 tendamus.
342 3877 466 3943 Natura
488 3877 618 3961 quidem
648 3878 799 3960 propensi
826 3897 939 3943 sumus
961 3877 1002 3942 ad
1025 3878 1085 3945 hoc
1136 3878 1308 3942 restabunt
1338 3875 1463 3942 incolae
1496 3897 1515 3942 a
1547 3875 1663 3958 quibus
1703 3876 1890 3941 habitetur?
1925 3879 1998 3943 Non
2033 3900 2114 3964 ergo

104 3969 244 4032 vitium:
274 3965 329 4030 sed
352 3986 390 4029 eo
411 3966 516 4047 magis
544 3963 734 4028 luctandum
757 3972 807 4027 est
829 3973 867 4027 nt
888 3963 964 4028 fidei
986 3986 1083 4029 sensu
1136 3966 1218 4046 petit
1236 3961 1404 4028 Abraham
1429 3974 1465 4027 ut
1486 3963 1580 4046 impii
1603 3961 1695 4026 bonis
1717 3965 1872 4046 permixti
1895 3985 2027 4029 manum
2048 3966 2117 4030 Dei

103 4053 144 4118 ad
178 4054 290 4116 Deum
324 4052 428 4133 ipsum
463 4050 655 4125 evehamur,
689 4070 729 4113 ne
763 4059 900 4114 externa
928 4049 1024 4132 signa
1049 4051 1084 4114 in
1136 4049 1309 4132 effugiant:
1340 4048 1396 4113 sed
1425 4058 1552 4113 tantum
1576 4056 1615 4111 nt
1638 4049 1728 4112 Deus
1754 4049 1916 4130 publicam
1947 4049 1988 4114 de
2015 4062 2116 4135 gente

104 4139 234 4204 mundo
269 4157 327 4200 noa
362 4135 535 4199 retineant.
590 4134 695 4199 Porro
734 4135 869 4200 accessit
901 4135 941 4198 ad
976 4134 1083 4200 Deum
1136 4145 1204 4199 tota
1223 4155 1361 4216 poenam
1385 4154 1527 4215 sumens,
1549 4132 1589 4197 ab
1611 4135 1710 4198 exitio
1733 4143 1842 4199 tamen
1867 4134 1966 4199 bonos
1984 4139 2039 4218 qui
2061 4157 2113 4201 re·

104 4225 281 4290 Abraham
310 4222 512 4286 reverentiae
539 4240 646 4285 eausa.
692 4219 806 4303 Neque
835 4222 923 4285 enim
945 4241 981 4285 se
1008 4241 1083 4285 eon-
1136 4221 1219 4285 sidui
1243 4229 1341 4285 erunt
1362 4223 1495 4286 eximat.

101 4313 249 4375 tentiose
279 4308 430 4390 opponit,
463 4307 553 4388 quasi
587 4306 638 4370 ius
670 4306 910 4373 intercessionis
948 4306 1083 4372 habeat:
1220 4305 1272 4371 23.
1303 4304 1467 4387 Numquid
1486 4305 1581 4370 diam
1601 4305 1764 4386 disperdes
1789 4303 1928 4369 iactam?
1975 4303 2113 4370 (lartum

101 4397 160 4462 sed
185 4403 318 4460 tantum
344 4393 533 4476 suppliciter
562 4391 771 4473 deprecatur:
802 4402 835 4457 et
856 4392 1005 4476 singulae
1028 4412 1083 4458 vo·
1135 4389 1265 4473 quidem
1289 4400 1353 4466 est,
1375 4391 1452 4455 dum
1476 4409 1593 4473 corpus
1615 4389 1743 4472 aliquod
1767 4389 1878 4473 populi
1901 4389 1991 4455 Dens
2013 4391 2110 4456 casti·

101 4501 156 4548 ces
180 4489 308 4564 quanta
336 4479 435 4543 fuerit
462 4477 566 4542 sancti
589 4477 649 4541 viri
675 4477 844 4543 humilitas
865 4487 899 4542 et
925 4478 1084 4544 modestia
1135 4486 1199 4561 gat,
1223 4497 1319 4559 saepe
1340 4477 1377 4540 in
1396 4477 1528 4542 easdem
1549 4475 1676 4541 involvi
1698 4494 1820 4558 poenas
1843 4475 1942 4539 bonos
1964 4495 2039 4541 oum
2062 4497 2112 4540 re-

100 4567 298 4634 ostendunt.
343 4563 464 4628 Fateor
484 4561 616 4646 quidem
636 4573 765 4629 sanctos
786 4563 954 4628 interdum
974 4565 1083 4630 carnis
1134 4561 1253 4645 probis.
1303 4560 1360 4628 Sic
1390 4561 1524 4638 Daniel,
1556 4561 1725 4639 Ezechiel,
1754 4561 1892 4632 Esdras.
1927 4573 1960 4624 et
1986 4562 2113 4628 similes

100 4675 205 4719 sensu
240 4650 391 4733 abreptos
423 4649 484 4716 sibi
516 4668 579 4713 non
613 4657 811 4732 temperasse
841 4650 919 4731 quin
953 4649 1082 4732 oblique
1134 4649 1188 4730 qui
1218 4668 1299 4731 pure
1321 4648 1428 4712 Deum
1451 4648 1487 4711 in
1516 4648 1625 4731 patria
1651 4647 1813 4723 colebant,
1842 4646 1936 4729 quasi
1964 4647 2111 4713 violenta

99 4741 225 4805 saltem
250 4737 321 4801 Deo
342 4734 582 4817 obstreperent:
608 4733 739 4800 sedhic
764 4735 929 4799 Abraham
952 4736 1081 4800 nonnisi
1133 4734 1275 4818 procella
1293 4734 1326 4797 in
1345 4733 1497 4798 exsilium
1520 4733 1645 4814 abrepti
1668 4743 1761 4798 sunt:
1785 4751 1884 4813 quum
1908 4744 2019 4797 mmen
2042 4734 2111 4797 dio-

100 4833 301 4890 reverenter
323 4820 431 4884 Deum
454 4819 643 4902 compellat,
675 4818 929 4902 necquidquam
953 4821 1081 4884 illiex-
1132 4831 1203 4884 tum
1236 4820 1334 4897 foret,
1358 4820 1498 4884 Evomet
1529 4832 1616 4883 terra
1644 4818 1842 4883 habitatores
1871 4837 1947 4882 suos
1973 4833 2110 4902 propter

98 4910 184 4976 cidit
208 4907 463 4989 reprehensione
485 4905 630 4990 dignum.
675 4904 864 4970 Videndum
886 4916 996 4970 tamen
1019 4928 1081 4988 quc
1132 4926 1244 4970 eorum
1267 4904 1389 4970 scelera
1410 4902 1530 4991 (Lavit
1557 4905 1606 4985 18,
1627 4901 1691 4989 25).
1736 4902 1803 4968 Sed
1826 4922 1926 4985 quum
1949 4903 1997 4967 ita
2018 4925 2107 4970 com·

98 4999 227 5061 affectu
250 4991 412 5074 impulsus
433 4991 531 5056 fuerit
555 4990 731 5070 Abraham,
752 5005 789 5055 ut
810 5012 885 5056 suas
902 5011 961 5074 pro
980 4991 1081 5058 Sodo-
1132 4992 1277 5055 maniter
1292 4991 1388 5055 irasci
1405 4992 1441 5054 in
1459 4991 1599 5073 speciem
1620 4990 1772 5054 omnibus
1793 4986 1925 5052 videtur
1942 4986 2043 5065 Deus,
2065 4991 2108 5057 ad

97 5085 194 5147 mitis
218 5098 333 5162 preces
354 5079 585 5158 interponeret.
621 5077 763 5156 Quidam
787 5087 905 5160 putant
923 5076 963 5142 de
983 5079 1081 5142 unius
1132 5079 1230 5142 finem
1253 5077 1373 5142 referre
1401 5076 1513 5142 oculos
1535 5075 1642 5153 decet,
1672 5075 1730 5156 qui
1751 5075 1848 5158 longe
1869 5074 1949 5139 alios
1971 5074 2012 5138 ab
2034 5076 2108 5143 aliis

93 5166 232 5251 nepotis
250 5165 358 5245 salute
374 5164 478 5246 magis
500 5163 600 5227 inissa
620 5163 765 5236 anxium,
788 5183 885 5246 quam
904 5161 1079 5228 Sodomam
1131 5162 1295 5226 discernit.
1331 5161 1417 5226 Nam
1435 5162 1462 5226 si
1481 5161 1622 5246 agricola
1643 5161 1741 5225 tritici
1764 5179 1877 5243 grana,
1899 5179 1984 5241 quae
2006 5161 2106 5227 simul

96 5273 130 5319 et
154 5252 305 5333 reliquas
328 5250 424 5314 urbes
445 5268 592 5314 curasse:
621 5248 815 5315 verecundia
837 5261 947 5314 tamen
970 5261 1078 5313 reten-
1131 5267 1204 5312 cum
1225 5246 1318 5330 palea
1337 5248 1432 5312 boum
1450 5245 1585 5330 pedibus
1602 5246 1778 5322 calcantur,
1802 5245 1852 5309 vel
1877 5246 2106 5327 percutiuntur

95 5353 192 5418 tum,
230 5355 273 5400 ne
295 5355 414 5418 magno
441 5334 561 5418 populo
592 5334 755 5417 neglecto,
784 5356 886 5400 unum
913 5335 1078 5400 hominem
1130 5333 1275 5419 flagello,
1303 5353 1476 5420 segregare
1497 5333 1532 5398 in
1553 5332 1706 5396 horreum
1727 5331 1839 5412 novit,
1864 5329 1964 5483 μιιιίιιςο
1986 5333 2105 5399 melius

1847 5431 1863 5484 1
