4988 6192
390 400 457 465 435
830 435 832 446 ·
1047 393 1418 463 COMMENTARIUS
1440 391 1491 462 IN
1512 393 1726 465 sennem.
2326 387 2387 452 436

331 635 339 646 .
390 589 497 670 aitque
518 587 561 652 att
581 605 683 650 cereos
703 603 788 650 ntes:
816 585 963 650 Tramite
988 588 1058 650 aab
1080 605 1143 664 ane,
1176 589 1205 649 et
1230 583 1365 648 intersti-
1415 590 1523 648 castra
1558 583 1747 650 distributos
1779 605 1799 650 a
1831 583 1972 650 dirersis
2012 580 2170 648 lateribus
2202 579 2315 658 Iacob,
2353 587 2387 642 ut

391 673 473 740 ιιιιιι
487 672 610 754 pondis
625 671 705 734 inter
723 689 844 754 precem
861 675 889 734 et
905 690 1033 754 precem
1074 671 1124 735 17.
1147 669 1192 734 Et
1206 671 1366 752 paecepit
1415 678 1605 752 agnosceret
1632 690 1667 735 se
1700 669 1843 753 undiquc
1875 670 2019 735 cinctum
2053 689 2091 732 ac
2123 666 2287 731 munitum
2320 684 2386 729 esse

388 757 675 842 preeminencie:
698 754 927 822 Siccenrrcrit
952 755 1010 822 tili
1030 755 1124 822 Eean
1145 756 1245 830 frater
1266 775 1360 833 mens,
1415 754 1610 822 coelestibus
1642 756 1760 839 copiis:
1798 757 1895 822 sicuti
1927 754 2060 820 Psalmo
2092 753 2144 832 34,
2177 753 2207 818 8.
2241 750 2386 828 habetur,

391 848 419 910 et
440 841 677 926 interroqaeerit
697 846 741 919 tc,
767 841 910 907 dicende:
935 841 1036 908 Gaias
1057 863 1097 918 ce,
1121 847 1149 906 et
1170 861 1228 923 qno
1243 846 1364 925 percit,
1416 841 1559 924 angelos,
1581 850 1619 906 ιιι
1641 841 1704 906 Dei
1727 842 1871 908 cultores
1893 847 2044 915 servent,
2068 849 2176 905 castra
2197 858 2256 920 per
2274 836 2385 902 circui·

392 929 532 996 etenim
553 933 627 993 eunt
647 929 709 994 ista
731 933 802 993 ante
822 927 872 992 te?
916 927 966 992 18.
990 927 1101 993 Dices:
1128 927 1216 992 Serri
1237 928 1286 992 tni
1308 927 1365 991 Ia-
1416 936 1486 992 tum
1525 926 1672 1009 ipsorum
1711 929 1839 994 metari.
1899 925 2099 1009 Quanquam
2137 945 2204 990 non
2243 921 2387 1006 displicet

391 1015 485 1080 laceb
505 1033 620 1079 manns
641 1018 698 1090 cst,
732 1015 863 1078 misnen
884 1014 928 1078 cc
949 1013 1110 1078 dominnm
1132 1033 1234 1078 meum
1255 1011 1364 1078 Esca:
1417 1032 1530 1084 eorum
1554 1013 1718 1078 sententia
1740 1014 1794 1095 qui
1818 1011 1948 1078 dumam
1971 1031 2144 1077 numerum
2163 1009 2231 1075 loco
2253 1007 2386 1092 pluralis

392 1106 421 1166 et
442 1119 506 1166 cccc
534 1101 627 1166 ctiam
654 1100 722 1183 ipse
743 1105 786 1165 est
803 1102 874 1183 poet
893 1119 959 1165 noa.
1006 1100 1056 1166 19.
1082 1098 1244 1180 Praecepit
1272 1099 1366 1163 ctiam
1416 1098 1608 1182 simpliciter
1640 1099 1821 1182 accipiunt,
1854 1107 1891 1164 ιιι
1924 1097 2022 1163 merit
2052 1097 2152 1163 Iacob
2173 1092 2387 1161 circumdatus

392 1186 541 1263 semoto,
570 1187 664 1251 ctiam
692 1186 795 1264 mnia,
824 1186 918 1250 etiam
939 1187 1057 1251 cunctis
1078 1185 1278 1268 peracutiins
1292 1189 1368 1264 post
1416 1184 1571 1250 continuo
1604 1184 1796 1268 angelornm
1828 1185 1983 1250 exercitu.
2038 1183 2142 1248 Pcrru
2175 1180 2297 1263 duplex
2331 1180 2385 1244 fuit

391 1291 513 1357 crepes,
536 1270 684 1340 ,temtos
707 1270 883 1337 Smnnctnm
910 1271 1035 1337 nobum
1056 1271 1110 1338 loc
1138 1271 1303 1352 loquemini
1324 1269 1367 1334 ad
1416 1269 1516 1335 huius
1549 1270 1685 1336 visionis
1717 1270 1860 1335 utilit-as:
1894 1290 1971 1334 nam
2002 1269 2080 1351 quia
2112 1278 2246 1334 sanctus
2276 1266 2328 1330 vir
2355 1265 2386 1329 in

393 1357 487 1424 Esau
515 1357 637 1438 paenale
665 1357 828 1422 invenietis
849 1377 927 1422 enm
972 1356 1024 1423 20.
1055 1356 1099 1421 Et
1127 1357 1234 1422 (liceis
1261 1357 1364 1430 etiam,
1416 1355 1567 1420 futurum
1589 1365 1719 1440 tempus
1736 1355 1833 1421 valde
1855 1354 1974 1420 anxius
1996 1361 2077 1434 erat,
2101 1353 2190 1420 huno
2211 1353 2386 1418 cruciatum

394 1443 474 1509 Ecce
494 1462 604 1508 semme
625 1447 699 1508 tnnc
720 1441 857 1508 Ialacob
878 1447 924 1506 cet
946 1447 1019 1524 poet
1039 1463 1104 1508 nos.
1148 1442 1243 1508 Dten
1269 1443 1366 1506 enim:
1416 1449 1546 1505 mature
1578 1440 1627 1506 illi
1664 1443 1808 1507 eximere
1841 1441 2005 1507 Dominus
2033 1439 2154 1518 voluit,
2188 1438 2243 1504 vel
2276 1436 2387 1502 saltem

397 1528 534 1596 Placabo
559 1529 672 1610 faciem
694 1529 761 1593 eins
786 1548 913 1593 munere
937 1529 1018 1610 qnod
1045 1530 1133 1594 eadit
1159 1533 1230 1593 ante
1251 1547 1313 1602 nte,
1338 1532 1366 1591 et
1416 1526 1589 1592 levationis
1607 1525 1730 1610 aliquid
1752 1527 1878 1606 afferre,
1900 1547 1942 1591 ne
1961 1527 2134 1593 tentationi
2157 1524 2386 1590 succumberet.

389 1619 499 1699 postea
523 1613 627 1680 metcha
651 1614 764 1697 faciem
791 1615 875 1691 eins,
904 1615 935 1679 ci
965 1614 1046 1696 ferte
1073 1615 1228 1694 suscipiat
1253 1613 1366 1696 faciem
1417 1611 1546 1681 Deinde
1578 1613 1699 1689 valuit,
1733 1619 1903 1697 postquam
1937 1612 2097 1677 liberatus
2128 1623 2216 1677 esset
2237 1631 2257 1675 a
2279 1609 2386 1685 fratre,
2481 1623 2482 1646 ι

393 1721 503 1766 meam.
556 1701 606 1765 21.
644 1699 807 1765 Traneinit
837 1701 941 1782 itaque
972 1719 1088 1764 manns
1119 1705 1190 1765 ante
1221 1720 1306 1764 mm:
1339 1703 1367 1762 et
1418 1699 1586 1780 praeteriti
1616 1698 1764 1765 beneficii
1792 1699 1982 1763 memoriam
2011 1697 2152 1782 infigere
2179 1698 2250 1761 eius
2271 1695 2386 1772 animo,

395 1788 462 1868 ipse
482 1787 673 1868 peccarat
699 1791 781 1851 nocte
807 1786 881 1866 ipsa
909 1803 979 1850 cnm
1001 1791 1114 1850 turma.
1158 1786 1209 1850 22.
1233 1785 1277 1848 Et
1298 1805 1367 1849 sur·
1417 1805 1460 1848 ne
1482 1784 1612 1867 quando
1634 1785 1791 1849 efflueret.
1837 1783 1968 1849 Scimus
1997 1803 2096 1864 quam
2118 1781 2271 1865 proclivis
2294 1781 2386 1846 sitin

394 1873 476 1937 rescit
497 1877 581 1938 node
602 1873 690 1952 ipsa,
713 1876 742 1936 ct
762 1873 877 1952 aceepit
897 1870 979 1936 dnae
999 1888 1112 1937 oneres
1132 1891 1220 1948 snae,
1242 1871 1367 1935 etdnae
1417 1870 1602 1935 hominibus
1624 1869 1855 1936 beneficiorum
1877 1869 1941 1934 Dei
1964 1868 2100 1935 oblivio:
2133 1869 2200 1932 imo
2222 1867 2303 1932 dum
2324 1887 2387 1930 ma·

394 1957 529 2022 anniae
549 1977 636 2035 enas,
658 1962 687 2022 ct
707 1957 850 2023 undecim
870 1955 983 2023 liberae
1002 1976 1084 2037 enos,
1106 1963 1135 2022 ct
1151 1957 1299 2022 transivit
1315 1975 1367 2019 aa·
1417 1977 1496 2020 num
1521 1976 1614 2020 suam
1636 1955 1677 2020 ad
1699 1977 1754 2021 eos
1781 1955 1941 2020 iuvandos
1970 1963 2141 2020 extentam
2169 1953 2268 2020 habet
2291 1951 2387 2031 Dens,
2481 1965 2482 2048 ζ

394 2044 468 2108 dnm
492 2042 594 2108 labec.
638 2041 690 2108 23.
714 2041 757 2107 Et
779 2044 892 2123 occepit
920 2063 984 2119 cos,
1017 2044 1206 2108 ettranaire
1225 2041 1298 2123 fecit
1318 2061 1367 2106 ece
1418 2042 1474 2106 vix
1496 2042 1693 2107 centesimus
1715 2041 1850 2126 quisque
1872 2042 1980 2106 ocutos
2003 2061 2134 2106 sursum
2157 2039 2286 2106 attollit.
2317 2038 2389 2103 Ideo

394 2133 571 2206 terrentem,
605 2129 743 2194 transire
774 2129 905 2208 inquam
928 2129 1003 2210 fecit
1031 2129 1143 2194 omnia
1171 2149 1251 2210 qnae
1278 2131 1367 2192 eram
1418 2147 1551 2193 necesse
1568 2127 1631 2191 fuit
1648 2125 1810 2192 visibilem
1823 2127 1886 2191 Dei
1909 2127 2046 2192 tutelam
2070 2139 2183 2192 sancto
2201 2127 2274 2191 viro
2294 2123 2389 2190 statui
2481 2141 2482 2144 ’

394 2216 464 2281 eibi
509 2213 561 2279 24.
587 2213 686 2279 Porro
706 2215 857 2279 remansit
880 2214 1014 2280 Idicem
1035 2213 1121 2280 calna
1142 2214 1226 2296 mse:
1258 2217 1286 2277 et
1306 2213 1368 2277 lnc-
1417 2214 1453 2277 in
1471 2221 1656 2296 conspectu,
1678 2225 1714 2277 ιιι
1731 2221 1889 2294 tunquam
1904 2211 1938 2277 in
1957 2212 2080 2278 illustri
2098 2212 2228 2277 theatro
2246 2219 2390 2277 cerneret

393 2303 480 2366 tatnc
502 2307 548 2365 eet
575 2301 626 2366 air
647 2320 717 2365 cnm
738 2319 770 2364 eo
791 2300 883 2365 donec
910 2300 1049 2366 accendit
1076 2321 1204 2366 ancora.
1249 2297 1301 2364 25.
1325 2297 1368 2362 Et
1419 2320 1484 2364 non
1511 2298 1644 2364 fortuito
1666 2320 1701 2364 se
1731 2319 1836 2380 nuper
1864 2305 2014 2381 ereptum
2041 2319 2113 2364 esse
2135 2320 2177 2364 ex
2205 2317 2309 2363 manu
2329 2296 2389 2360 La·

393 2388 475 2453 vidit
495 2387 576 2469 qnod
596 2406 658 2452 non
676 2385 871 2468 praevaleret
892 2387 931 2463 ci,
954 2391 983 2450 et
998 2386 1097 2470 tctipit
1112 2385 1224 2469 palam
1239 2385 1368 2468 sonoris
1418 2385 1493 2463 ben,
1518 2383 1576 2451 sed
1597 2384 1684 2466 qaod
1706 2381 1840 2468 angelos
1862 2384 1925 2448 Dei
1946 2403 2006 2466 pro
2028 2405 2064 2450 se
2087 2384 2222 2450 haberet
2243 2401 2386 2466 pugnan-

395 2474 479 2552 tius,
508 2478 536 2537 et
564 2473 657 2537 movit
677 2491 710 2537 se
725 2471 808 2553 pala
834 2471 962 2552 fenoris
984 2470 1133 2550 Ialaccl,
1161 2471 1293 2536 luctante
1313 2469 1367 2534 illo
1418 2480 1476 2548 tes,
1499 2482 1641 2536 atcerte
1663 2477 1808 2552 speraret
1830 2479 1942 2534 contra
1960 2471 2070 2536 fratris
2087 2480 2223 2536 mnatns
2240 2477 2388 2553 paratum
2481 2477 2482 2500 ¹

394 2577 465 2624 anm
484 2577 526 2623 ec.
571 2557 623 2622 26.
649 2555 736 2622 Tunc
756 2557 856 2623 etet:
877 2557 1010 2624 Dimitte
1030 2577 1093 2634 me,
1127 2557 1204 2640 qnia
1231 2557 1368 2622 aennon
1419 2556 1481 2622 sibi
1515 2555 1583 2622 fore
1624 2575 1736 2620 corum
1776 2554 1953 2620 auxilium:
1994 2555 2133 2638 denique
2166 2565 2202 2620 ιιι
2241 2559 2388 2636 superate

394 2663 525 2710 amora.
572 2642 632 2709 Uni
656 2643 830 2724 respondit:
852 2643 926 2708 Ncn
947 2643 1103 2709 dimittam
1124 2649 1168 2722 te,
1195 2643 1261 2708 aiei
1281 2642 1366 2706 bene·
1418 2641 1615 2719 discrimine,
1637 2659 1762 2705 memor
1779 2653 1865 2705 esset
1881 2640 1923 2704 ab
1939 2641 2006 2706 illis
2024 2663 2059 2707 se
2081 2643 2181 2707 fnisse
2198 2648 2389 2724 protectum.
2481 2659 2482 2722 ι

395 2731 516 2795 dixeris
538 2729 625 2794 milti.
670 2727 722 2794 27.
746 2727 789 2792 lii
806 2728 890 2794 dicit
911 2729 954 2794 ad
975 2747 1061 2793 mm:
1084 2729 1173 2810 Quod
1194 2733 1238 2794 cel
1259 2747 1367 2792 nmnen
1420 2728 1512 2793 Haec
1535 2736 1644 2792 autem
1667 2726 1814 2792 doctrina
1834 2723 1876 2790 ad
1898 2747 1957 2793 nos
1986 2747 2101 2794 ornnes
2122 2727 2328 2803 extenditur,
2357 2731 2389 2787 ut

396 2815 513 2881 innan?
535 2814 579 2879 Et
603 2816 663 2879 ait:
692 2814 839 2879 Ialacol.
885 2813 936 2880 28.
969 2815 1055 2880 Tunc
1083 2815 1182 2878 dicit:
1213 2814 1284 2879 Non
1311 2812 1367 2877 Ia·
1420 2813 1591 2888 discamus,
1614 2813 1651 2877 in
1673 2811 1856 2878 manifestis
1878 2810 1941 2877 Dei
1964 2815 2077 2896 gratiis
2099 2812 2302 2879 invisibilem
2324 2810 2389 2874 eius

394 2901 488 2967 laceb
514 2901 633 2966 dicetnr
664 2901 749 2965 altra
780 2919 890 2965 nornen
923 2905 1027 2979 tnnm,
1060 2901 1114 2964 secl
1140 2900 1260 2966 Israel:
1291 2899 1367 2980 qnia
1418 2901 1638 2983 praesentiam
1659 2899 1791 2962 intueri.
1837 2897 2018 2983 Praecipue
2041 2913 2151 2965 tamen
2173 2909 2325 2964 sanctum
2347 2896 2390 2959 ri·

389 2988 540 3070 princepe
564 2987 658 3068 fuisti
688 3005 759 3051 cnm
784 2984 869 3063 Dec,
902 2990 930 3052 et
960 2984 1136 3052 inminibus
1160 2985 1366 3066 promalelie.
1420 3007 1493 3050 rum
1515 2985 1609 3050 novis
1632 2984 1732 3050 armis
1755 2982 1796 3046 ad
1818 2981 2025 3050 subeundum
2047 2985 2132 3068 qnod
2158 2984 2304 3050 instabat
2326 3001 2391 3048 cer·

396 3073 448 3138 29.
472 3072 516 3137 Et
535 3072 737 3154 interropaeit
758 3071 909 3150 Ialmcob,
937 3075 965 3136 et
989 3071 1089 3136 dixit:
1112 3070 1226 3138 lmlico
1254 3089 1368 3154 praeeo
1421 3079 1531 3138 tamen
1553 3071 1672 3136 instrui
1701 3089 1832 3136 necesse
1854 3069 1925 3134 fuit.
1969 3070 2083 3137 Nescit
2105 3091 2147 3136 an
2176 3073 2325 3136 ιιιιιιιιιιι
2352 3066 2392 3131 sit
2481 3047 2482 3118 l

397 3178 508 3223 mmm
540 3163 638 3222 tunm.
688 3152 732 3221 Et
759 3157 857 3222 dicit:
900 3157 1015 3238 thnict
1044 3158 1218 3239 interropta
1246 3160 1283 3221 dc
1317 3177 1368 3222 no·
1420 3158 1522 3222 frater
1543 3157 1650 3233 Esau,
1680 3176 1722 3221 an
1750 3175 1828 3222 vera
1855 3155 1961 3222 factus
1991 3157 2141 3222 deterior.
2193 3157 2303 3237 Atque
2331 3153 2391 3216 huc

396 3245 481 3310 crine
512 3243 601 3308 meo?
632 3247 660 3306 et
690 3242 846 3308 benedicit
876 3243 906 3308 ei
937 3241 1011 3308 illic.
1059 3242 1110 3308 30.
1148 3243 1271 3308 Vocaeit
1298 3261 1369 3326 erpo
1420 3243 1527 3328 magis
1551 3241 1690 3306 inclinat
1718 3240 1873 3323 suspicio,
1901 3243 2009 3308 virum
2039 3241 2290 3326 sanguinarium
2312 3235 2393 3303 nihil
2481 3239 2482 3270 ι

398 3328 535 3396 Ialoccb
555 3349 663 3394 nomen
683 3328 758 3406 loci,
784 3327 905 3393 Penicl:
925 3330 1002 3411 qnia
1017 3329 1086 3394 aidi
1102 3328 1207 3394 Deam
1226 3329 1310 3411 facie
1327 3329 1370 3394 ad
1421 3329 1483 3394 nisi
1505 3329 1626 3393 hostile
1648 3327 1765 3392 moliri.
1805 3326 1896 3410 Ergo
1913 3327 1954 3392 ad
1977 3329 2172 3394 firmandam
2189 3328 2225 3392 in
2249 3327 2392 3390 ιιιιιιιιιιιι

395 3416 525 3498 facient,
548 3416 694 3480 eleuauit
715 3415 824 3479 anima
845 3434 924 3479 mea.
960 3415 1011 3479 31.
1031 3413 1076 3479 m
1096 3420 1183 3480 ortus
1204 3421 1249 3480 eet
1269 3413 1369 3490 cisat
1421 3422 1551 3496 tempus
1574 3414 1644 3479 eius
1666 3411 1834 3489 fiduciam,
1865 3433 1932 3478 non
1954 3416 2063 3479 minus
2084 3411 2248 3498 quam'ad
2270 3419 2394 3495 praete·

397 3502 523 3583 qnando
544 3502 691 3566 transivit
709 3500 835 3577 Penncl,
857 3505 885 3566 et
905 3500 1100 3566 claudicabat
1117 3503 1153 3566 in
1172 3501 1287 3583 femore
1303 3519 1369 3564 eno.
1421 3501 1503 3565 ritae
1532 3499 1658 3584 gratiae
1689 3496 1949 3564 recordationem
1982 3508 2142 3583 apparent
2169 3498 2289 3582 angeli.
2342 3494 2393 3558 Fi·

399 3587 450 3653 32.
474 3586 597 3653 Idcirco
617 3607 679 3652 non
700 3586 860 3652 comedunt
877 3586 940 3668 tlte
959 3586 1066 3652 Israel
1086 3607 1215 3652 nmanm
1236 3591 1372 3652 matrac-
1421 3585 1549 3650 daciam
1588 3605 1716 3668 quoque
1748 3604 1812 3647 non
1849 3603 1965 3666 parum
2007 3585 2186 3668 amplificat
2224 3599 2394 3648 numerus:
2481 3631 2482 3664 ,

397 3674 493 3739 tionis
514 3673 569 3755 qni
590 3677 635 3738 cet
654 3673 689 3736 in
705 3671 786 3753 pala
807 3672 951 3752 femoris,
981 3693 1079 3754 usqne
1106 3674 1148 3738 aot
1174 3674 1257 3738 dnm
1278 3672 1373 3738 lonc:
1422 3692 1498 3737 nam
1520 3671 1584 3736 etsi
1605 3672 1684 3736 setis
1701 3669 1744 3735 sit
1766 3669 1915 3753 singulos
1933 3670 2025 3740 nobis
2045 3671 2114 3736 dari
2136 3668 2297 3747 custodes,
2318 3667 2396 3731 libc-

398 3761 477 3841 qnia
504 3759 600 3841 tetipit
621 3757 734 3841 palam
760 3757 890 3839 femoris
913 3757 1048 3824 Iabacob
1069 3759 1105 3823 in
1126 3779 1219 3823 rrerao
1239 3763 1373 3824 contrac·
1423 3757 1524 3824 ralius
1552 3767 1661 3822 tamen
1689 3755 1757 3838 agit
1786 3755 1953 3822 nobiscum
1977 3758 2149 3823 Dominus.
2195 3754 2310 3836 Quare
2331 3770 2396 3815 mu·

397 3844 500 3911 bonis
1423 3843 1512 3928 ligne
1540 3851 1720 3908 extenuant
1747 3840 1809 3906 Dei
1842 3841 1984 3926 gratiam
2008 3849 2009 3852 ’
2036 3843 2071 3907 ui
2104 3849 2237 3907 tantum
2266 3839 2309 3904 ab
2335 3855 2397 3901 unc

1424 3928 1541 4013 angelo
1563 3947 1725 4010 quemque
1746 3935 1895 3993 nostrum
1919 3863 2050 3994 defendi
2072 3936 2200 4012 putant.
2246 3926 2319 3990 Nec
2341 3922 2397 3987 du·

487 4017 515 4081 1.
539 4011 584 4080 Et
603 4015 737 4080 Ialaccl
767 4015 843 4080 obiit
872 4016 907 4080 in
935 4016 1023 4081 mam
1047 4035 1149 4082 ettam
1194 4015 1374 4098 Postquam
1423 4016 1514 4082 bium
1536 4023 1586 4080 est
1607 4015 1683 4097 quin
1707 4011 1854 4078 diabolus
1875 4012 1938 4079 hcc
1966 4025 2039 4080 astu
2067 4013 2222 4081 fiduciam
2250 4020 2397 4076 noemam

399 4103 543 4168 esoceri
564 4103 613 4166 sui
637 4101 803 4181 manibus,
831 4100 893 4168 hoe
914 4110 980 4178 est,
1011 4123 1054 4167 ex
1075 4102 1240 4184 praesenti
1269 4111 1374 4166 morte
1425 4101 1534 4183 eliqua
1567 4121 1609 4164 ex
1642 4109 1735 4182 parte
1767 4098 1915 4164 minuere
1947 4109 2084 4166 conatus
2117 4100 2171 4165 eit.
2223 4091 2400 4164 Gratitndo

398 4189 529 4271 clapsus
559 4198 608 4252 est
629 4187 742 4266 Iacob,
777 4208 864 4252 nunc
892 4188 928 4250 in
958 4187 1093 4253 fratrem
1120 4186 1252 4267 incidit,
1281 4186 1374 4253 cuius
1425 4187 1531 4253 sancti
1552 4187 1617 4268 viri
1639 4195 1771 4250 notatur
1793 4207 1813 4251 a
1836 4185 1937 4266 Mose,
1961 4188 2038 4252 dum
2057 4185 2128 4250 loce
2150 4203 2272 4249 nomen
2296 4184 2399 4264 impe·

400 4293 512 4357 aeque,
534 4274 588 4338 vel
606 4273 704 4338 ctiam
722 4274 827 4356 magis
846 4272 991 4338 timenda
1008 4282 1079 4339 crat
1104 4273 1270 4337 atrocitas:
1295 4291 1373 4338 nam
1425 4275 1483 4352 nit,
1506 4272 1600 4353 quasi
1617 4279 1798 4355 perpetuae
1819 4273 1995 4338 momoriae
2017 4271 2213 4353 symbolum.

400 4364 471 4426 eius
501 4361 599 4425 minis
627 4359 785 4441 expulsus
814 4360 962 4423 lucrata
991 4359 1116 4442 patria:
1146 4359 1235 4424 nulla
1264 4367 1373 4422 autem
1510 4357 1540 4423 3.
1564 4356 1608 4421 Et
1639 4357 1726 4423 miei
1758 4356 1894 4424 lalacol
1922 4360 2062 4425 narniae.
2116 4355 2190 4422 Iam
2224 4371 2309 4420 tune
2341 4349 2401 4417 Dei

398 4445 516 4512 melior
536 4445 586 4509 illi
607 4464 681 4527 spes
702 4444 906 4527 proponitur.
942 4444 1082 4528 'trepide
1100 4464 1178 4528 crgo
1197 4465 1262 4510 non
1281 4463 1374 4510 secus
1424 4443 1630 4528 providentia
1651 4443 1771 4507 iactum
1794 4453 1844 4510 cst
1865 4450 1903 4509 nt
1925 4445 2015 4510 Esau
2037 4443 2150 4510 relicto
2169 4449 2263 4525 patre
2286 4455 2402 4506 versus

399 4543 499 4616 etque
522 4530 563 4596 ad
586 4531 816 4595 mactationem
837 4532 954 4614 pergit.
1000 4529 1176 4599 Caeterum
1205 4530 1281 4613 quia
1301 4530 1374 4595 fieri
1423 4539 1569 4595 montem
1591 4527 1667 4594 Scir
1688 4529 1775 4593 ultro
1797 4551 1831 4596 se
1853 4531 2045 4596 contulerit:
2072 4537 2174 4612 atque
2196 4527 2245 4592 ita
2266 4523 2403 4592 cesserit

399 4619 458 4686 vix
481 4625 610 4700 poterat
632 4618 712 4698 quin
734 4637 883 4681 moerore
912 4617 1033 4682 fractus
1063 4617 1261 4693 concideret,
1292 4624 1373 4681 tem·
1424 4638 1467 4682 ex
1488 4624 1576 4681 terra
1599 4617 1763 4698 promissa,
1786 4635 1849 4700 quo
1866 4635 1972 4682 vacua
1988 4618 2059 4682 eius
2076 4614 2236 4698 possessio
2254 4615 2403 4676 maneret

399 4701 708 4790 pestiveDominus
730 4703 900 4778 succurrit,
923 4712 1052 4768 etcum
1074 4711 1142 4767 tam
1160 4700 1201 4768 ad
1222 4702 1283 4767 hoc
1304 4721 1374 4766 cer·
1424 4702 1562 4786 posteris
1584 4701 1681 4766 Iacob
1707 4700 1829 4784 absque
1857 4703 2003 4768 fraterna
2025 4701 2131 4768 caede.
2176 4699 2297 4784 Neque
2319 4695 2403 4762 anim

401 4804 513 4855 tamen
546 4809 642 4871 quam
673 4787 713 4852 ad
743 4789 808 4852 elia
841 4800 1029 4871 praeparat,
1061 4795 1099 4853 ut
1127 4811 1162 4854 sc
1194 4788 1310 4854 fortem
1339 4787 1375 4852 in
1426 4788 1479 4854 vel
1499 4787 1604 4871 patris
1631 4787 1768 4870 imperio
1794 4797 1944 4855 coactum
1974 4787 2130 4856 credibile
2152 4793 2217 4865 est,
2246 4783 2304 4849 vel
2335 4779 2404 4846 idea

401 4874 569 4951 omnibus,
592 4873 818 4957 invictumque
846 4872 1002 4939 athletam
1029 4883 1181 4956 praestet
1228 4875 1316 4958 Ergo
1338 4885 1377 4939 ut
1426 4874 1660 4940 habitationem
1692 4885 1852 4952 mutasse,
1886 4875 1962 4958 quia
1990 4873 2092 4939 fratre
2121 4871 2258 4937 interior
2292 4864 2403 4935 haberi

403 4959 560 5028 sciatDei
579 4959 740 5043 praesidio
758 4981 794 5025 se
811 4961 886 5042 tegi,
905 4960 1023 5044 angeli,
1042 4959 1205 5044 dispositis
1222 4963 1377 5044 utrinque
1427 4958 1543 5025 vellet:
1578 4961 1684 5043 potius
1712 4960 1849 5027 coniicio
1878 4959 1990 5026 multis
2020 4958 2136 5042 opibus
2167 4955 2403 5039 locupletatum

403 5048 538 5121 castris,
567 5046 697 5110 obviarn
720 5046 750 5109 ei
773 5045 963 5128 procedunt.
1008 5045 1152 5113 Hebraei
1181 5046 1378 5130 interpretes
1428 5047 1542 5125 luisse,
1575 5065 1657 5128 quae
1688 5045 1782 5113 illum
1815 5067 1857 5113 ex
1890 5057 2026 5129 paterna
2053 5043 2149 5110 domo
2177 5042 2405 5108 extruderent

406 5142 524 5216 putant
546 5131 587 5196 ab
609 5151 676 5195 una
697 5140 789 5212 parte
820 5132 924 5196 iccata
953 5131 1054 5198 tuisse
1083 5130 1228 5199 hostium
1255 5141 1378 5198 castra:
1429 5131 1559 5199 Scimus
1580 5132 1666 5196 enim
1685 5133 1838 5215 profanos
1864 5142 1898 5198 et
1926 5132 2024 5199 huius
2051 5128 2173 5196 saeculi
2201 5129 2292 5194 tilios
2316 5143 2405 5211 prae

406 5217 541 5302 angelos
559 5223 668 5282 autem
687 5214 740 5282 vel
758 5217 865 5282 Deum
884 5217 990 5301 potius
1007 5238 1050 5283 cx
1072 5219 1220 5302 opposito
1237 5220 1377 5284 stetisse.
1429 5216 1576 5284 senibus
1597 5217 1774 5283 commodis
1797 5229 1864 5284 tam
1887 5218 2003 5302 cupide
2024 5217 2164 5294 inhiare,
2187 5226 2352 5297 utquam
2375 5227 2406 5271 ee

408 5303 509 5385 Atqui
531 5303 636 5366 multo
657 5303 855 5384 probabilius
877 5315 943 5384 est,
967 5303 1100 5387 angelos
1121 5303 1223 5372 fuisse
1244 5304 1280 5369 in
1303 5303 1379 5369 bina
1431 5303 1553 5388 aliquid
1575 5302 1672 5368 offert
1693 5324 1806 5369 eorum
1830 5304 2001 5388 cupiditati
2023 5313 2300 5377 consentaneum,
2332 5297 2409 5362 illuc
