4988 6192
1024 443 1394 514 COMMENTARIUS
1416 444 1466 510 IN
1490 441 1704 511 GBNBSIN.

364 444 431 512 535
2298 441 2357 508 536

367 630 464 716 Quod
486 637 596 699 autem
618 631 680 700 hac
702 632 906 698 confessione
928 630 1073 698 nondum
1095 640 1268 700 contentus
1290 641 1340 700 est
1392 632 1498 712 videt,
1512 654 1577 700 non
1605 640 1715 702 tamen
1742 633 1807 700 huc
1833 632 1912 698 illuc
1934 630 2144 711 distrahitur,
2167 631 2226 698 sed
2255 632 2357 698 Deum

365 717 487 802 Ioseph
508 719 589 802 qniu
613 716 800 784 Simeonem
824 718 971 786 detineat
988 720 1023 783 in
1041 719 1190 800 vinculis,
1215 729 1247 784 et
1268 741 1338 786 sus·
1390 726 1545 802 precatur
1560 727 1597 784 ut
1607 719 1799 790 vulneribus
1818 718 1900 785 velit
1910 718 2033 784 mederi
2044 739 2126 801 quae
2138 719 2215 784 fecit
2225 715 2260 804 (2
2272 717 2358 784 Sam.

408 824 485 870 usos
510 805 746 888 perplexosque
767 804 847 870 alios
870 803 1026 883 dimittat,
1049 826 1116 870 non
1138 807 1176 871 fit
1198 807 1340 872 malevo·
1390 805 1442 884 24,
1466 805 1516 871 10.
1538 804 1603 892 39).
1647 806 1740 873 Haeo
1769 825 1834 870 nou
1864 803 2013 888 vulgaris
2033 803 2210 887 prudentia
2237 813 2305 884 est,
2326 823 2358 871 ac

379 891 484 956 entia:
510 889 568 956 sed
597 891 675 975 quia
702 889 742 957 de
770 891 872 956 fratre
901 889 1076 956 Beniamin
1105 899 1138 956 et
1166 901 1254 958 statu
1283 913 1338 976 pa-
1392 911 1552 975 peraeque
1580 891 1678 958 etiam
1702 890 1809 970 utilis,
1832 892 1957 974 quoties
1983 889 2105 974 aliquid
2134 890 2266 957 adversi
2288 911 2359 956 oon·

367 982 480 1042 ternae
503 975 620 1042 domus
648 997 783 1042 securus
811 997 877 1042 non
906 985 964 1042 est.
1009 975 1086 1041 Iure
1109 979 1196 1042 enim
1224 979 1339 1044 timere
1391 977 1474 1062 tigit,
1497 977 1538 1041 ad
1560 975 1744 1060 reputanda
1758 978 1820 1042 Dei
1842 975 1962 1043 iudicia
1983 997 2041 1042 nos
2063 977 2278 1042 assuefacere.
2307 976 2358 1041 Vi·

365 1062 476 1144 potuit
499 1083 540 1126 ne
562 1060 726 1127 fraternae
747 1061 854 1128 caedis
875 1062 1116 1129 machinatione
1144 1063 1281 1146 prodita,
1304 1073 1339 1128 nt
1391 1062 1506 1128 demus
1524 1070 1561 1127 ut
1578 1062 1738 1129 increduli
1756 1062 1835 1128 dum
1853 1063 2002 1129 fortuitos
2019 1082 2113 1128 casus
2127 1062 2358 1144 imaginantur,

368 1147 532 1230 desperati
567 1147 719 1214 homines
748 1147 870 1229 solent,
897 1169 1012 1214 rursus
1048 1157 1159 1214 essent
1192 1151 1339 1235 aggressi
1391 1148 1444 1214 vel
1473 1149 1509 1213 in
1537 1148 1726 1216 accusandis
1759 1149 1827 1215 suis
1856 1147 2006 1214 hostibus
2041 1146 2143 1212 defixi
2171 1155 2270 1224 sunt,
2299 1147 2357 1212 fre-

367 1232 547 1298 nefandum
576 1232 705 1317 aliquod
733 1233 873 1314 facinus,
896 1234 1012 1299 saltem
1035 1233 1163 1300 deserto
1190 1245 1283 1319 patre
1304 1236 1338 1301 in
1392 1233 1509 1298 mendo
1532 1243 1565 1300 et
1587 1234 1818 1306 tumultuando
1837 1242 1964 1299 tantum
1989 1241 2185 1318 exasperent
2208 1232 2357 1312 dolorem,

367 1317 464 1385 aliam
493 1326 621 1402 partem
651 1319 827 1403 fugissent:
855 1341 959 1403 neque
986 1327 1096 1386 tamen
1118 1324 1189 1386 eius
1216 1321 1338 1386 factum
1391 1321 1538 1402 iramque
1555 1320 1619 1385 Dei
1640 1321 1745 1404 magis
1767 1317 1954 1386 accendant.
1987 1320 2035 1384 At
2056 1340 2136 1385 vero
2157 1319 2309 1403 quisquis
2328 1339 2358 1384 se

367 1425 428 1488 pro
455 1403 527 1490 lege
549 1404 737 1470 habendum
760 1414 823 1470 est:
854 1406 930 1488 quia
957 1427 1021 1471 oon
1050 1427 1179 1491 semper
1207 1406 1340 1490 expedit
1391 1405 1425 1470 in
1447 1405 1637 1488 reputandis
1658 1407 1797 1488 peccatis
1819 1406 1887 1472 suis
1905 1405 2061 1483 exercuit,
2084 1405 2297 1488 sumulatque
2318 1405 2358 1469 af·

368 1499 437 1556 tam
459 1511 531 1556 esse
560 1498 721 1568 austeros,
751 1492 818 1555 imo
844 1491 1028 1558 cavendum
1057 1503 1106 1559 est
1135 1513 1177 1557 ne
1206 1493 1340 1558 tristitia
1390 1491 1531 1574 fligitur,
1551 1491 1661 1556 Deum
1688 1491 1751 1557 sibi
1779 1491 1919 1558 iudicem
1942 1491 1977 1554 in
1999 1497 2174 1575 conspectu
2202 1500 2358 1568 statuens,

368 1575 582 1642 absorbeatur
604 1584 768 1659 peccator,
792 1577 855 1642 nisi
885 1577 981 1644 mites
1011 1584 1045 1641 et
1065 1577 1175 1644 faciles
1197 1577 1238 1642 ad
1261 1578 1339 1643 dan·
1391 1597 1500 1642 coram
1523 1597 1561 1642 eo
1583 1599 1618 1642 se
1641 1576 1808 1656 humiliat,
1831 1585 1865 1642 et
1886 1596 1943 1660 spe
1967 1577 2083 1642 veniae
2106 1577 2147 1642 ad
2170 1576 2358 1660 patientiam

368 1659 444 1726 dem
460 1662 593 1728 reniam
611 1662 723 1728 simus.
753 1661 831 1728 ideo
847 1663 982 1746 spiritus
994 1663 1198 1730 discretionis
1217 1685 1234 1728 e
1252 1664 1339 1729 coelo
1391 1685 1426 1728 se
1448 1664 1620 1746 componit.
1666 1661 1732 1728 Sed
1761 1663 2006 1730 meminerimus
2035 1683 2100 1727 non
2124 1681 2201 1728 vere
2231 1664 2359 1747 agnosci

367 1746 529 1830 petendus
556 1756 605 1813 est
631 1748 687 1830 qui
715 1748 999 1828 nosmoderetur,
1022 1749 1164 1832 nequid
1188 1749 1240 1815 vel
1269 1759 1339 1814 tur-
1391 1747 1454 1813 Dei
1465 1747 1715 1832 providentiam,
1728 1749 1791 1813 nisi
1810 1749 2014 1813 coniunctam
2027 1769 2101 1814 eum
2112 1748 2249 1814 iustitia.
2281 1748 2358 1813 Nam

368 1833 445 1900 bido
464 1833 660 1916 impetu,vel
679 1833 852 1900 immodica
875 1835 994 1899 duritie
1015 1834 1150 1900 anobis
1172 1836 1238 1901 fiat.
1266 1835 1340 1902 Hoc
1392 1835 1454 1899 etsi
1474 1834 1589 1900 iniusti
1612 1855 1707 1918 saepe
1736 1843 1816 1900 sunt
1838 1835 1988 1899 homines
2017 1853 2156 1916 quorum
2179 1855 2283 1899 manu
2307 1855 2359 1900 nos

369 1918 501 2003 quidem
531 1919 688 1985 memoria
716 1919 895 1984 tenendum
917 1930 982 2000 est,
1012 1919 1073 1986 sub
1101 1941 1215 2004 aspero
1244 1920 1339 1987 vultu
1392 1920 1539 2004 castigat,
1562 1927 1672 1986 tamen
1695 1919 2016 2002 incomprehensibili
2038 1917 2133 1984 modo
2161 1939 2224 1985 sua
2246 1919 2360 1986 iudicia

367 2003 488 2088 Ioseph
521 2025 585 2070 non
615 2005 721 2070 lenem
756 2005 852 2071 modo
879 2015 912 2079 et
941 2013 1148 2073 mansuetum
1177 2007 1339 2087 affectum,

370 2088 429 2158 sed
451 2091 663 2156 tenerrimum
686 2090 858 2157 mollitiem
880 2091 1025 2158 latuisse.

431 2176 508 2241 «27.
541 2176 585 2241 Et
606 2178 730 2258 opcmit
758 2197 843 2244 anus
863 2197 985 2243 escuem
1011 2198 1116 2243 suum.
1161 2175 1236 2258 Quo
1264 2197 1339 2243 con·

368 2260 443 2328 silio
466 2263 607 2345 pretium
630 2262 786 2328 frumenti
809 2263 933 2329 occulte
950 2263 986 2328 in
1003 2263 1142 2329 fratrum
1165 2265 1267 2330 saccis
1289 2285 1339 2328 re·

367 2347 448 2430 poni
477 2348 609 2412 iusserit
634 2347 770 2432 Ioseph,
798 2349 957 2414 coniicere
985 2350 1080 2416 facile
1109 2356 1175 2428 est,
1205 2348 1341 2416 timebat

369 2433 458 2499 enim
480 2455 523 2498 ne
546 2443 638 2517 pater
668 2434 732 2499 iam
755 2433 950 2514 exhaustus,
973 2435 1015 2500 ad
1042 2433 1197 2500 emendae
1223 2457 1340 2502 rursus

370 2539 521 2584 annonae
547 2527 716 2602 sumptum
745 2541 810 2584 non
837 2521 1011 2586 sufficeret.
1054 2520 1124 2602 Ipsi
1153 2529 1260 2587 autem
1289 2522 1340 2586 in·

370 2613 471 2671 venta
499 2606 652 2688 pecunia,
676 2624 739 2688 quo
760 2625 795 2671 se
821 2615 952 2672 vertant
978 2608 1147 2685 nesciunt,
1169 2608 1234 2673 nisi
1256 2606 1340 2690 quod

370 2691 583 2773 expavefacti,
595 2690 659 2756 Dei
674 2712 809 2756 manum
827 2692 975 2757 sentiunt
991 2692 1052 2758 sibi
1070 2713 1141 2758 esse
1159 2692 1340 2761 adversam.

370 2776 455 2841 Nam
478 2776 573 2843 valde
592 2776 694 2842 fuisse
717 2777 870 2843 attonitos
892 2777 969 2843 inde
991 2785 1127 2862 apparet
1148 2778 1235 2862 quod
1258 2778 1342 2843 ultro

369 2883 436 2927 non
475 2862 615 2950 redeunt
649 2862 838 2946 purgandae
875 2863 1081 2930 innocentiae
1114 2885 1193 2930 suae
1226 2885 1340 2930 causa:

369 2956 560 3032 promptum
585 2949 672 3013 enim
696 2948 783 3013 malo
805 2947 983 3014 remedium
1008 2957 1095 3029 erat,
1118 2949 1183 3015 nisi
1205 2951 1343 3016 fuissent

369 3053 506 3116 prorsus
526 3035 700 3100 excaecati.
746 3033 858 3114 Quare
880 3035 1045 3120 rogandus
1067 3043 1118 3110 est
1139 3034 1230 3101 Deus
1249 3043 1286 3100 ut
1307 3035 1340 3099 in

370 3119 468 3184 rebus
491 3119 597 3185 dubiis
620 3142 657 3185 ac
680 3119 878 3186 turbulentis
899 3142 964 3186 non
990 3119 1084 3186 modo
1106 3120 1341 3198 fortitudinem,

369 3205 427 3271 sed
445 3206 543 3270 etiam
562 3205 733 3271 eonsilium
751 3206 943 3290 suppeditet.
973 3205 1133 3272 Videmus
1153 3208 1251 3272 etiam
1263 3205 1341 3291 quid

369 3291 481 3357 valeat
503 3311 622 3374 magna
647 3292 760 3371 turba,
782 3293 845 3357 nisi
874 3292 1039 3359 Dominus
1059 3293 1198 3376 praesit:
1226 3300 1342 3358 mutuo

370 3397 407 3442 se
439 3376 602 3443 cohortari
636 3376 797 3443 debebant
824 3377 883 3444 filii
905 3377 1018 3458 Iacob,
1047 3385 1081 3444 et
1107 3378 1143 3443 in
1171 3398 1343 3446 commune

372 3462 532 3546 dispicere
543 3461 621 3546 quid
638 3464 723 3529 facto
745 3484 826 3547 opus
849 3474 950 3530 esset:
973 3485 1092 3531 verum
1112 3473 1219 3530 cessat
1236 3463 1344 3530 omnis

371 3546 579 3628 deliberatio,
613 3549 694 3614 nihil
726 3550 777 3615 vel
806 3549 913 3617 solatii
941 3549 993 3616 vel
1027 3549 1162 3616 remedii
1192 3550 1342 3615 affertur:

370 3633 437 3700 imo
459 3635 537 3699 dum
560 3635 695 3718 quisque
718 3635 798 3702 alios
820 3636 967 3702 turbatos
989 3635 1095 3715 videt,
1118 3642 1231 3701 mutuo
1258 3637 1345 3701 inter

371 3742 406 3787 se
428 3720 676 3803 trepidationem
700 3729 831 3804 augent.
876 3721 964 3786 Nihil
992 3741 1071 3806 ergo
1100 3721 1136 3786 in
1162 3720 1260 3786 rebus
1283 3723 1344 3786 mi-

372 3808 453 3873 seris
483 3806 630 3890 proderit
659 3806 830 3872 homiuum
860 3807 1012 3888 societas,
1044 3807 1108 3874 nisi
1131 3828 1148 3872 e
1170 3806 1258 3872 coelo
1285 3827 1345 3873 nos

371 3892 535 3958 Dominus
557 3893 737 3959 confirmet.

459 3978 510 4043 28.
541 3977 581 4044 Ut
601 3979 677 4059 quid
697 3978 846 4060 torserit
859 3977 949 4044 Deus
970 3977 1080 4044 noos?
1101 3978 1175 4043 Non
1193 3987 1345 4062 expostu-

372 4062 446 4130 lant
468 4084 542 4130 cum
565 4065 652 4143 Deo,
675 4085 713 4130 ac
733 4063 761 4128 si
806 4071 940 4129 utarent
962 4064 1024 4131 sibi
1048 4063 1105 4130 abs
1135 4086 1170 4129 re
1201 4073 1345 4130 creatum

373 4169 445 4216 esse
463 4149 654 4234 periculum,
667 4147 724 4214 sed
742 4084 890 4216 videntes
906 4149 1054 4232 pluribus
1073 4148 1178 4216 modis
1195 4150 1257 4216 sibi
1276 4171 1346 4217 esse

372 4234 550 4313 infensum,
573 4236 736 4300 miseriam
766 4256 859 4301 suam
882 4234 1065 4320 deplorant.
1110 4233 1178 4301 Sed
1200 4255 1256 4302 cur
1278 4256 1346 4301 non

372 4322 482 4404 potius
500 4341 633 4386 sensnm
656 4341 751 4386 suum
771 4329 968 4386 convertunt
985 4320 1025 4385 ad
1037 4321 1171 4406 Ioseph:
1194 4332 1347 4405 prompta

373 4407 463 4472 enim
486 4414 557 4472 erat
578 4407 728 4489 suspicio,
750 4407 865 4472 fraude
885 4407 916 4471 id
939 4427 1010 4472 ceso
1032 4407 1164 4485 factum,
1185 4408 1260 4490 quia
1278 4407 1346 4472 vel·

373 4493 421 4556 let
442 4513 546 4559 novas
564 4490 697 4557 insidias
718 4502 855 4558 struere.
886 4491 952 4574 Qui
970 4494 1009 4557 fit
1025 4492 1127 4576 igitur
1149 4501 1188 4558 ut
1206 4493 1347 4559 hominis

373 4579 596 4658 immemores,
618 4589 708 4644 recta
729 4578 789 4644 sibi
812 4578 922 4644 Deum
951 4578 1116 4644 vindicem
1142 4578 1347 4662 proponant?

373 4663 503 4748 Nempe
525 4664 601 4747 quia
623 4664 724 4728 semel
742 4684 854 4728 eorum
878 4664 1005 4730 animos
1027 4672 1246 4748 occupaverat
1267 4664 1348 4732 haec

373 4750 538 4834 cogitatio,
551 4749 672 4813 iustam
689 4758 722 4813 et
732 4749 860 4831 qualem
872 4749 1040 4832 promeriti
1059 4760 1154 4816 erant
1165 4749 1347 4816 mercedem

374 4836 513 4918 peccatis
535 4835 604 4900 suis
623 4835 765 4916 rependi,
780 4834 936 4917 quidquid
955 4835 1071 4901 deinde
1088 4835 1248 4901 malorum
1272 4857 1348 4902 con·

374 4922 494 4997 currit,
518 4920 631 4986 eodem
661 4921 817 4986 referunt.
855 4921 952 4986 Prius
979 4919 1029 5006 (ut
1057 4921 1212 5009 diximus)
1240 4923 1348 4988 obtor-

376 5015 530 5090 puerant:
548 5028 588 5071 ox
608 5027 671 5087 quo
691 5015 801 5071 autem
818 5006 892 5072 vivo
905 5007 1006 5072 divini
1022 5007 1133 5074 iudicii
1150 5017 1239 5074 metu
1258 5009 1349 5092 tangi

374 5103 561 5176 coeperunt,
585 5112 713 5173 semper
736 5101 810 5158 ante
833 5094 942 5158 oculos
964 5115 999 5157 se
1021 5093 1142 5177 ingerit
1163 5093 1252 5159 illius
1275 5115 1348 5177 pro-

375 5178 533 5244 videntia.
580 5175 637 5242 Sic
659 5177 779 5254 David,
803 5187 973 5260 postquam
1000 5179 1143 5246 dictante
1165 5180 1253 5244 intus
1283 5179 1348 5262 spi·

377 5264 451 5341 ritu,
474 5263 586 5328 didicit
609 5285 627 5326 e
645 5263 734 5328 coelo
755 5263 871 5328 missas
890 5285 961 5328 osse
983 5265 1103 5331 ferulas
1121 5263 1238 5347 quibus
1256 5265 1350 5330 casti·

374 5361 491 5432 gatur,
520 5367 705 5432 quanquam
734 5348 795 5414 sibi
825 5346 955 5415 aliunde
984 5352 1072 5418 mala
1104 5349 1211 5436 palam
1242 5349 1348 5434 infligi

1392 2027 1450 2088 per
1467 2027 1521 2071 eos
1539 2007 1727 2090 exsequitur
1744 2006 1861 2090 quibua
1878 2005 2006 2088 obloqui
2029 2006 2080 2072 vel
2103 2005 2295 2088 obstrepere
2316 2005 2359 2070 fas

1392 2112 1458 2157 non
1481 2099 1540 2156 est.
1571 2092 1657 2157 Nam
1680 2101 1713 2158 et
1734 2091 1862 2175 reprobi
1884 2091 2068 2170 interdum,
2090 2091 2166 2158 licet
2178 2092 2243 2156 Dei
2266 2113 2359 2156 manu

1392 2197 1427 2242 se
1456 2178 1582 2261 percuti
1604 2188 1790 2262 agnoscunt,
1813 2175 1852 2242 de
1879 2177 1951 2260 ipso
1980 2185 2091 2242 tamen
2113 2179 2271 2259 conqueri
2300 2198 2360 2242 nou

1392 2262 1562 2328 desinunt:
1585 2262 1855 2346 quemadmodum
1883 2263 2034 2348 exemplo
2056 2262 2140 2328 Cain
2161 2262 2273 2328 docuit
2296 2263 2362 2328 hic·

1393 2370 1453 2414 ses.
1484 2350 1555 2433 Bgo
1577 2356 1688 2414 tameo
1711 2349 1948 2432 querimoniam
1970 2348 2057 2414 hanc
2079 2369 2143 2413 non
2166 2349 2361 2432 interpretor

1393 2435 1530 2522 proferri
1552 2455 1571 2499 a
1593 2434 1670 2499 filiis
1692 2433 1805 2513 iacob,
1835 2445 1872 2500 ut
1893 2434 2004 2498 Deum
2034 2433 2228 2500 insimulent
2257 2445 2361 2518 tyran·
2457 2465 2458 2496 l

1394 2521 1485 2586 nicae
1508 2519 1699 2600 violentiae,
1729 2520 1786 2586 sed
1813 2522 1890 2604 quia
1916 2520 2058 2603 perculsi
2079 2527 2169 2585 metu
2197 2541 2240 2585 ex
2263 2541 2361 2604 poena

1394 2607 1513 2672 iterata
1534 2627 1600 2670 non
1622 2606 1741 2671 leviter
1762 2605 1823 2670 sibi
1845 2607 1966 2670 iratum
1985 2626 2056 2670 esse
2078 2605 2249 2690 colligunt.

1479 2693 1531 2758 29.
1555 2691 1599 2756 Et
1610 2697 1760 2758 coemant
1776 2691 1820 2757 od
1830 2691 1965 2757 Iahacob
1977 2697 2102 2772 patrem
2118 2711 2220 2756 meum.
2248 2692 2362 2775 Longa

1395 2786 1444 2843 est
1466 2778 1645 2862 superioris
1667 2776 1824 2844 historiae
1846 2777 2013 2859 repetitio,
2036 2776 2094 2843 sed
2122 2797 2188 2843 non
2210 2798 2361 2860 superva-

1395 2885 1467 2930 cua:
1491 2863 1568 2947 quio
1585 2863 1771 2948 exprimere
1793 2863 1897 2928 voluit
1910 2864 2019 2928 Moses
2041 2882 2139 2946 quam
2161 2864 2262 2930 anxie
2281 2862 2362 2946 patri

1395 2949 1626 3016 excusaverint
1646 2946 1732 3032 quod
1747 2956 1894 3014 retentus
1911 2957 1997 3015 esset
2008 2946 2145 3014 Simeon
2163 2949 2199 3013 in
2214 2949 2362 3028 vinculis,

1394 3046 1427 3101 et
1449 3056 1546 3118 quam
1568 3037 1665 3100 enixe
1687 3033 1913 3100 contenderint
1935 3042 1974 3099 ut
1991 3035 2062 3100 eius
2083 3033 2247 3100 liberandi
2270 3055 2363 3101 causa

1394 3119 1456 3186 sibi
1478 3121 1590 3186 liceret
1612 3123 1748 3186 fratrem
1771 3121 1947 3186 Beniamin
1969 3117 2137 3186 deducere.
2181 3119 2256 3188 Hoc
2281 3121 2364 3185 enim

1394 3205 1435 3270 ad
1464 3227 1534 3271 rem
1561 3228 1628 3271 non
1657 3227 1772 3289 parum
1796 3205 1883 3272 fucit.
1934 3204 2066 3273 Scimus
2095 3225 2193 3289 quam
2223 3227 2299 3274 aere
2326 3206 2365 3272 eit

1393 3290 1522 3358 inediae
1544 3291 1661 3357 telum:
1680 3313 1780 3375 quum
1803 3292 1900 3357 unica
1921 3300 2007 3358 esset
2027 3293 2185 3374 penuriae
2207 3292 2365 3357 levandae

1394 3377 1494 3456 ratio,
1524 3399 1689 3443 annonam
1718 3399 1759 3443 ex
1781 3377 1933 3462 Aegypto
1956 3375 2134 3456 advehere,
2157 3376 2255 3445 Iacob
2279 3399 2314 3444 se
2334 3383 2366 3441 et

1395 3463 1527 3529 domum
1549 3463 1664 3530 confici
1686 3463 1815 3529 mavult
1835 3483 1932 3546 quam
1944 3463 2118 3528 Beniamin
2138 3462 2217 3529 dare
2235 3463 2366 3547 reliquis

1394 3551 1557 3616 comitum.
1601 3547 1690 3631 Quid
1712 3550 1774 3614 hoc
1795 3548 1856 3614 sibi
1879 3549 1962 3630 vult,
1984 3557 2052 3614 tam
2075 3550 2221 3632 praecise
2246 3569 2365 3634 negare

1395 3634 1482 3720 quod
1520 3635 1580 3700 filii
1616 3635 1808 3701 necessitate
1843 3636 1946 3700 coacti
1983 3634 2152 3717 petebant,
2189 3635 2254 3701 nisi
2293 3635 2366 3718 quia

1396 3728 1562 3805 suspectos
1572 3719 1738 3786 habebat?
1761 3718 1957 3803 quodetiam
1976 3742 2016 3786 ex
2039 3721 2230 3788 ciusverbis
2248 3721 2366 3787 clarius

1396 3806 1598 3892 perspicitur,
1611 3806 1688 3871 dum
1700 3806 1765 3871 illis
1777 3827 1871 3872 suam
1882 3807 2054 3872 orbitatem
2067 3807 2218 3889 imputat.
2248 3805 2368 3888 Quam·

1396 3893 1449 3958 vis
1471 3893 1557 3957 enim
1587 3892 1710 3975 aliquid
1740 3891 1857 3958 coloris
1886 3891 2022 3958 haberet
2044 3892 2128 3976 quod
2157 3891 2368 3972 dixerant,a

1397 3979 1466 4044 fera
1494 3978 1597 4044 bestia
1626 3977 1726 4043 fuisse
1756 3977 1970 4061 discerptum:
2009 3978 2165 4044 haerebat
2195 3989 2308 4045 tamen
2335 3977 2369 4041 in

1397 4083 1496 4148 aegro
1518 4062 1612 4128 corde
1635 4063 1739 4130 sancti
1767 4064 1975 4148 patriarchae
2003 4063 2167 4130 occultum
2196 4085 2238 4130 ex
2265 4063 2369 4146 suspi-

1397 4151 1488 4217 cione
1510 4148 1619 4216 ulcus:
1647 4150 1723 4233 quia
1751 4149 1910 4216 adversus
1941 4149 2113 4216 innoxium
2140 4170 2283 4233 puerum
2306 4169 2370 4215 non

1397 4237 1507 4301 minus
1526 4233 1656 4301 crudele
1678 4255 1777 4318 quam
1795 4235 1913 4301 hostile
1935 4235 2066 4302 illorum
2089 4235 2200 4300 odium
2227 4237 2304 4319 plus
2326 4254 2373 4299 sa·

1399 4322 1442 4387 tis
1463 4330 1609 4386 noverat.
1639 4319 1743 4386 Porro
1765 4320 1826 4387 hoe
1848 4319 1941 4387 nobis
1962 4322 2095 4406 cognitu
2113 4321 2192 4386 utile
2209 4332 2277 4388 est:
2296 4339 2371 4388 nam

1398 4407 1476 4474 hinc
1499 4413 1634 4490 apparet
1655 4427 1753 4490 quam
1775 4407 1895 4472 misera
1925 4407 2025 4472 fuerit
2045 4406 2151 4473 sancti
2174 4407 2239 4473 riri
2262 4406 2371 4474 condi·

1399 4494 1458 4569 tio,
1489 4493 1582 4557 cuius
1617 4493 1762 4558 animam
1791 4491 1947 4559 tredecim
1974 4493 2142 4558 continuis
2174 4495 2273 4558 annis
2307 4503 2371 4556 tam

1399 4577 1470 4644 dira
1499 4578 1593 4644 torsit
1625 4579 1783 4644 anxietas.
1829 4577 1923 4644 Adde
1951 4577 2036 4661 quod
2062 4579 2135 4660 ipsa
2165 4579 2372 4645 taciturnitas

1399 4664 1533 4749 gravius
1562 4663 1612 4728 illi
1641 4671 1841 4730 tormentum
1870 4664 1947 4742 fuit,
1975 4663 2054 4729 dum
2082 4663 2216 4730 sorbere
2237 4665 2372 4748 cogitur,

1399 4769 1494 4833 quam
1518 4750 1664 4832 concepit
1685 4749 1892 4815 moestitiam.
1937 4747 2097 4816 Summus
2120 4771 2198 4816 vero
2220 4750 2302 4815 mali
2325 4771 2374 4816 cu·

1400 4837 1508 4901 mulus
1531 4837 1667 4902 tentatio
1688 4835 1761 4914 fuit,
1784 4855 1868 4918 quae
1889 4836 1998 4919 ipsum
2017 4836 2186 4919 premebat
2207 4837 2302 4920 quasi
2325 4834 2372 4899 lu·

1399 4921 1486 4986 soria
1514 4921 1686 5006 inanisque
1714 4923 1828 4986 fuisset
1849 4922 1912 4988 Dei
1936 4923 2118 5005 promissio.
2162 4922 2264 4987 Nulla
2287 4922 2372 4988 enim

1398 5007 1449 5072 illi
1471 5027 1544 5090 spes
1562 5007 1627 5071 nisi
1650 5028 1691 5072 ex
1713 5008 1873 5092 promisso
1895 5009 2034 5089 semine:
2059 5007 2150 5091 atqui
2172 5007 2321 5073 diabolos
2342 5027 2374 5069 se

1399 5091 1485 5158 domi
1506 5092 1593 5158 alere
1610 5092 1741 5172 videta
1758 5093 1874 5176 quibus
1892 5114 1957 5159 non
1969 5092 2074 5178 magis
2091 5093 2318 5176 exspectanda
2335 5093 2375 5156 sit

1399 5177 1580 5244 benedictio
1600 5199 1701 5262 quam
1723 5181 1792 5246 vita
1809 5201 1850 5245 ex
1873 5187 1986 5244 morto.
2016 5177 2227 5246 Exstinotum
2239 5180 2376 5263 putabat

1401 5264 1538 5348 Ioseph,
1560 5267 1703 5331 restabat
1726 5285 1813 5332 unus
1834 5265 2010 5331 Beniamin
2039 5265 2185 5349 integer:
2213 5263 2375 5348 quomodo

1400 5371 1441 5415 ex
1464 5359 1530 5415 tam
1550 5351 1797 5427 vitiosasobole
1816 5351 1960 5434 prodiret
1976 5349 2100 5416 mundo
2118 5349 2230 5418 salus?
2251 5351 2377 5436 Magna
