4988 6192
436 435 502 502 423
1099 432 1470 502 conuurvvnnnus
1493 433 1544 499 ιιι
1563 432 1775 500 euussnv.
2365 434 2414 499 ol

439 644 504 709 quo
525 623 632 708 magis
650 622 766 707 egebat
782 621 913 687 illarum
935 623 1133 688 ministerio:
1154 623 1285 709 tugurio
1303 633 1413 690 tamen
1463 621 1631 706 cognovit,
1655 621 1838 688 obedientia
1861 630 1895 687 et
1915 621 2004 689 cultu
2027 643 2061 690 se
2084 624 2259 690 contineat.
2304 619 2414 689 Deinde

438 719 621 787 contentus,
644 719 682 772 ut
704 707 798 792 gregi
820 706 978 792 invigilet,
1002 729 1146 774 seorsum
1166 709 1291 774 abillis
1313 708 1352 774 dc
1378 709 1411 774 ’t.
1461 707 1634 791 promissio
1656 728 1753 791 quam
1776 707 1867 791 prius
1890 708 2022 793 aceepit,
2041 707 2081 774 de
2098 709 2228 792 integro
2246 707 2296 773 illi
2317 709 2416 774 confir·

438 794 535 876 Quod
567 795 597 860 si
629 801 724 878 gutta
755 794 928 877 aequitatis
960 795 995 858 in
1024 792 1141 859 Labau
1171 802 1203 861 et
1235 797 1304 861 eius
1337 795 1413 861 fi''s
1462 800 1581 872 matur,
1603 799 1641 858 ut
1662 812 1791 876 semper
1808 793 1849 860 ad
1872 794 2035 878 peculiare
2053 793 2135 860 illud
2157 794 2270 860 foedus
2289 793 2416 862 intentu

347 933 350 942 .
438 880 564 955 fuisset,
588 879 713 944 nullam
737 879 901 946 habebant
920 878 1065 945 invidiae
1087 900 1227 946 cansam.
1462 879 1506 945 sit
1537 878 1623 962 quod
1703 879 1737 962 pi
1761 889 1832 944 erat
1863 880 1956 946 Deus
1988 900 2062 946 cum
2095 879 2263 946 Abrabam
2302 879 2415 962 eiusque

524 965 554 1032 5.
578 965 681 1034 Video
708 965 822 1047 famem
845 966 960 1048 patris.
1005 966 1082 1031 Duo
1111 977 1188 1032 suut
1217 965 1316 1032 huius
1339 987 1412 1032 ora-
1462 965 1609 1047 posteris.
1657 899 1893 1049 fflbngitnr
1921 966 1962 1031 ad
1992 973 2114 1032 terram
2144 966 2321 1043 Obanaan,
2352 987 2416 1048 quae

438 1052 537 1117 tionis
564 1052 679 1136 capita.
724 1050 809 1116 Nam
832 1051 937 1134 primo
960 1051 999 1116 dc
1021 1071 1081 1117 sua
1102 1052 1290 1136 integritate
1312 1051 1413 1118 disse·
1462 1050 1594 1133 propria
1627 1059 1697 1115 erat
1729 1051 1799 1118 eius
1831 1050 2032 1118 haereditas:
2072 1072 2115 1117 ne
2151 1051 2338 1136 temporalis
2368 1052 2417 1116 Dei

439 1138 495 1216 nit,
521 1156 559 1202 ac
581 1137 621 1202 de
642 1138 744 1202 soceri
767 1136 903 1219 perfidia
925 1138 1119 1220 expostulat.
1164 1139 1292 1203 Deinde
1315 1146 1413 1204 testa·
1462 1135 1660 1217 benedictio,
1694 1157 1791 1220 quam
1824 1158 1980 1204 sensurus
2013 1144 2084 1203 erat
2116 1137 2212 1221 paulo
2245 1145 2334 1221 post,
2363 1138 2416 1204 eius

439 1231 495 1289 tur
516 1223 724 1307 profectionis
747 1233 891 1288 autorem
916 1223 977 1289 sibi
1000 1245 1070 1289 esse
1088 1224 1205 1302 Deum,
1229 1243 1293 1307 quo
1313 1223 1415 1290 libsn-
1463 1223 1608 1287 animum
1630 1222 1667 1286 in
1689 1222 1925 1306 Mesopotamia
1951 1231 2094 1309 occupet.
2137 1223 2225 1289 Nam
2253 1243 2351 1305 quum
2370 1221 2417 1288 hoc
2480 1261 2481 1264 =

403 1353 406 1360 .
438 1309 506 1375 tius
536 1308 661 1373 Rachel
688 1317 722 1374 et
750 1309 822 1373 Lea
848 1328 883 1372 se
916 1309 1051 1376 comites
1084 1309 1274 1393 adiungunt.
1325 1308 1413 1391 eria
1463 1306 1629 1373 oraculum
1669 1307 1788 1390 prioris
1830 1307 1919 1374 illius
1957 1318 2085 1374 tantum
2125 1307 2290 1393 appendix
2328 1310 2417 1386 fuerit,

440 1403 549 1460 autem
572 1395 690 1478 exiguo
712 1404 859 1476 tempore
881 1392 922 1459 ad
944 1413 1079 1478 magnas
1102 1393 1235 1460 divitias
1255 1415 1413 1479 pervene-
1463 1393 1619 1544 quidquid
1641 1403 1755 1477 postea
1775 1392 1935 1461 bonorum
1958 1393 2094 1462 contulit
2115 1394 2224 1474 Deus,
2256 1393 2368 1459 referri
2386 1394 2418 1460 ad

440 1488 501 1558 rat,
520 1480 688 1545 sinistram
705 1499 836 1544 omnem
854 1479 1073 1564 suspicionem
1092 1480 1201 1547 diluit:
1220 1502 1298 1547 suae
1314 1481 1413 1546 stiam
1466 1479 1559 1544 'lum
1581 1479 1723 1563 primum
1745 1480 1846 1545 finem
1872 1479 1992 1546 debuit.
2037 1480 2208 1546 Doniiocre
2234 1480 2333 1545 etiam
2359 1480 2419 1546 licet

441 1565 630 1651 diligentiae
659 1573 759 1630 testes
788 1585 843 1631 eas
876 1565 1026 1648 appellat.
1077 1565 1275 1650 Quanquam
1304 1575 1413 1633 autem
1465 1587 1507 1630 ex
1528 1565 1591 1630 hoc
1612 1565 1691 1646 loco,
1714 1565 1812 1632 Iacob
1836 1567 1927 1649 prins
1948 1565 2037 1632 domi
2058 1586 2138 1632 suae
2156 1567 2196 1632 de
2220 1586 2297 1632 vero
2316 1566 2380 1631 Dec
2393 1581 2419 1630 et
2480 1609 2481 1662 i

440 1672 507 1718 non
529 1651 641 1718 omnia
661 1649 830 1737 sigillatim
852 1653 1058 1735 persequitur
1076 1653 1194 1730 Moses,
1218 1673 1285 1719 uon
1304 1661 1413 1718 tamen
1464 1671 1544 1717 vera
1565 1651 1687 1735 pietate
1709 1652 1936 1718 concionatum
1959 1673 2046 1731 esse,
2077 1660 2113 1716 ut
2139 1665 2289 1718 sanctum
2311 1661 2420 1735 patrem
2480 1709 2481 1712 ,

442 1737 578 1804 dubium
599 1746 650 1804 est
675 1736 757 1820 quin
779 1737 844 1801 iam
873 1737 987 1803 multis
1014 1737 1217 1803 documentis
1246 1745 1415 1823 perspecta
1465 1736 1607 1803 familias
1629 1735 1771 1802 decebat.
1809 1736 1960 1804 Absurde
1982 1738 2070 1803 enim
2093 1737 2239 1803 effutiret
2261 1737 2346 1803 bunc
2366 1757 2419 1803 ser·
2480 1715 2481 1772 l

439 1823 506 1889 illis
541 1831 626 1889 esset
659 1823 723 1888 riri
756 1821 916 1906 probitas:
955 1831 988 1888 et
1020 1844 1150 1889 rursum
1185 1832 1280 1889 notae
1312 1824 1415 1908 patris
1465 1841 1606 1901 monem,
1628 1823 1693 1887 nisi
1715 1821 1782 1888 iam
1804 1821 1937 1890 edoctae
1960 1824 2098 1890 luissent
2116 1843 2237 1888 uxores
2256 1822 2297 1888 de
2313 1826 2419 1906 magni·
2480 1779 2481 1864 l

440 1909 588 1986 iniuriae,
610 1907 744 1973 fraudes
766 1917 798 1972 et
820 1908 991 1991 rapacitas.
1037 1907 1131 1990 Quod
1155 1908 1335 1975 mercedem
1359 1908 1415 1976 de·
1465 1909 1526 1974 fica
1543 1908 1600 1973 illa
1622 1909 1758 1975 visione.
1794 1907 1919 1975 Eodem
1941 1909 2075 1974 etiams
2098 1909 2226 1976 ectubat
2243 1907 2328 1992 quod
2347 1910 2420 1991 prius

441 1995 507 2060 cies
536 1994 596 2061 sibi
625 1999 785 2059 mutatam
813 2014 883 2059 csse
913 1995 1138 2077 conqueritur,
1172 1994 1338 2078 probabile
1366 2003 1415 2064 est
1466 1993 1564 2059 dixit:
1586 1993 1691 2060 Deum
1713 1995 1822 2078 patris
1850 1996 1904 2060 sai
1931 2015 2019 2077 opem
2045 1931 2108 2060 ab·
2135 1994 2253 2059 tulisse.
2298 1993 2420 2059 Perinde
2480 1975 2481 2054 l

440 2101 615 2146 numerum
637 2078 810 2145 denarium
827 2100 886 2163 pro
904 2080 1016 2146 multis
1037 2079 1162 2146 vicibus
1179 2081 1267 2166 poni.
1304 2080 1416 2163 Quan-
1465 2079 1555 2145 enim
1584 2089 1635 2146 est
1663 2100 1700 2146 ac
1729 2079 1758 2146 si
1786 2079 1895 2164 palam
1923 2080 2049 2160 Deum,
2078 2100 2174 2163 quem
2204 2079 2298 2160 colit,
2327 2081 2421 2145 aDeo
2480 2125 2481 2160 ,

442 2187 538 2250 quam
567 2166 637 2232 fieri
665 2171 832 2250 potestat
858 2167 946 2230 intra
975 2186 1032 2232 sex
1063 2185 1168 2231 annos
1196 2167 1291 2232 toties
1319 2181 1416 2250 pacta
1465 2164 1581 2231 Laban
1604 2165 1812 2232 discerneret.
1857 2165 1929 2232 Iam
1953 2187 2030 2232 vero
2051 2166 2129 2250 quia
2150 2173 2309 2249 tauquam
2329 2163 2365 2230 de
2383 2187 2421 2230 rc
2480 2171 2481 2238 l

441 2251 611 2318 resciderit
629 2251 755 2330 habau,
777 2270 877 2334 quum
897 2249 1019 2335 duplex
1036 2252 1211 2336 quotannis
1233 2252 1417 2319 admissura
1467 2252 1527 2317 bus
1550 2251 1635 2317 notis
1657 2251 1862 2317 familiariter
1884 2251 2046 2318 eiusmodi
2070 2271 2257 2318 sermonem
2280 2250 2373 2316 habet
2390 2249 2422 2314 ad
2480 2325 2481 2336 χ

442 2345 544 2418 esset,
566 2338 652 2404 veris
675 2337 798 2403 seilicet
820 2357 858 2403 ae
879 2338 1047 2418 autumni,
1073 2337 1345 2421 quemadmodum
1368 2338 1415 2403 di·
1466 2357 1603 2416 uxores,
1624 2335 1804 2420 probabilis
1826 2346 1876 2402 est
1897 2338 2102 2416 coniectura,
2136 2357 2204 2402 non
2232 2337 2359 2403 stetisse
2377 2357 2423 2418 per

444 2424 563 2489 ximus.
618 2422 792 2488 Caeterum
827 2423 972 2488 narratio
1007 2423 1086 2490 baec
1119 2424 1252 2503 somnii,
1286 2424 1417 2490 tametsi
1467 2422 1563 2488 Iacob
1593 2423 1766 2507 quominus
1792 2424 1881 2507 ipsas
1902 2423 2003 2488 unius
2026 2423 2089 2488 Dei
2111 2423 2229 2488 notitia
2252 2424 2424 2505 sinceraque
2480 2493 2481 2496 Ἴ

442 2511 603 2592 posterior
625 2509 731 2573 estin
757 2515 928 2588 contextu,
955 2508 1096 2576 ostendit
1125 2519 1237 2575 tamen
1266 2519 1417 2577 sanetum
1467 2509 1588 2592 pietate
1614 2508 1785 2575 imbueret.
1830 2508 1903 2575 Hoc
1932 2517 2043 2575 autem
2073 2507 2204 2575 oraculo
2230 2517 2366 2575 testatus
2385 2514 2424 2572 est

442 2593 542 2660 Iacob
563 2592 647 2658 nihil
670 2601 813 2659 tentasse
836 2593 899 2659 nisi
922 2615 963 2658 ex
982 2594 1046 2660 Dei
1067 2595 1276 2680 praescripto.
1316 2596 1417 2661 Prius
1468 2595 1633 2660 Dominus
1655 2615 1691 2658 se
1712 2594 1841 2678 piorum
1863 2615 1992 2678 semper
2020 2615 2092 2660 esse
2120 2614 2316 2672 memorem,
2343 2593 2424 2659 etiarn

444 2701 514 2746 rem
536 2688 662 2764 gestam
685 2679 874 2762 simpliciter
896 2679 1053 2746 retulerat
1075 2681 1200 2758 Moses,
1231 2681 1320 2747 unde
1341 2702 1416 2764 pro·
1468 2679 1548 2746 dum
1570 2680 1705 2763 proiecti
1727 2701 1764 2746 ac
1788 2679 1906 2746 deserti
1932 2700 2004 2747 esse
2032 2679 2196 2746 videntur.
2243 2679 2324 2762 Quis
2350 2679 2424 2745 anim
2480 2687 2481 2728 l

443 2767 564 2834 fectum
588 2771 673 2832 esset
695 2765 868 2831 consilium
891 2763 1070 2833 subticens:
1094 2766 1151 2832 sed
1174 2768 1321 2833 nuncin
1343 2788 1416 2851 per·
1468 2785 1535 2830 non
1558 2764 1693 2832 dixisset
1715 2765 1871 2832 miserum
1893 2764 1992 2832 Iacob
2017 2769 2085 2831 iam
2113 2767 2203 2831 omui
2233 2765 2360 2832 coelesti
2379 2785 2425 2828 au·

444 2873 526 2918 sona
554 2851 658 2934 ipsius
677 2851 775 2917 Iacob
806 2849 1043 2918 dubitationem
1072 2852 1173 2919 tollit:
1201 2851 1416 2936 nequeenim
1468 2851 1549 2918 xili0
1579 2850 1737 2917 nudatum
1767 2851 1858 2918 esse?
1881 2852 1928 2917 Et
1949 2852 2113 2918 Dominus
2141 2851 2274 2934 quidem
2300 2873 2369 2918 sero
2388 2848 2426 2913 illi

444 2938 620 3003 mentitum
642 2937 744 3003 fuisse
766 2936 943 3020 significat,
965 2945 1004 3002 ut
1024 2937 1087 3005 hoc
1109 2939 1247 3006 artifieio
1269 2939 1417 3006 eluderet
1470 2947 1620 3022 apparet,
1654 2937 1710 3002 sed
1743 2944 1874 3021 praeter
1906 2957 1998 3021 spem
2029 2936 2171 3002 ostendit
2205 2957 2371 3020 nunquam
2398 2955 2426 2998 sc

444 3043 579 3101 uxores,
613 3021 668 3087 sed
698 3029 849 3088 sanctum
877 3021 942 3087 Dei
968 3044 1100 3090 servum
1130 3046 1208 3092 vere
1235 3032 1268 3090 et
1296 3025 1418 3109 absque
1470 3024 1540 3089 sius
1568 3023 1669 3089 fuisse
1697 3022 1843 3089 oblitum.
1888 3022 2041 3088 Eundem
2064 3022 2160 3088 bodie
2190 3043 2317 3106 quoque
2332 3025 2429 3105 ipsum

444 3109 517 3174 fuso
536 3109 742 3190 profitentem
760 3108 886 3174 inducit
904 3108 989 3191 quod
1007 3130 1059 3175 res
1081 3121 1159 3176 erat.
1194 3110 1279 3176 Nam
1298 3111 1419 3194 alioqui
1470 3129 1549 3194 erga
1566 3130 1601 3175 se
1623 3109 1765 3174 sentient
1786 3129 1901 3175 omnes
1923 3108 2045 3189 fideles,
2068 3109 2097 3175 si
2119 3107 2214 3174 modo
2236 3109 2357 3175 iniusta
2373 3106 2428 3172 vio
2480 3121 2481 3138 ³

446 3215 513 3260 non
540 3195 660 3294 absque
691 3193 832 3260 nefando
860 3194 1030 3279 sacrilegio
1060 3196 1181 3263 abusus
1209 3197 1326 3264 fuisset
1354 3196 1418 3262 Dei
1469 3195 1573 3262 lentia
1612 3194 1782 3280 tyrannice
1814 3194 1962 3278 oppressi
1994 3195 2034 3260 ab
2072 3195 2246 3278 improbis,
2284 3197 2430 3278 patienter

445 3280 592 3358 nominc,
615 3281 772 3345 visionem
794 3279 880 3346 banc
902 3282 1101 3365 coniungens
1123 3303 1200 3350 cum
1222 3283 1330 3366 priore
1351 3282 1417 3362 ille,
1470 3282 1669 3360 sustineant,
1702 3279 1803 3347 donec
1833 3300 1889 3346 eos
1921 3279 2056 3347 tandem
2082 3287 2267 3365 opportuno
2298 3291 2430 3363 tempore

444 3364 481 3430 in
499 3386 562 3449 qua
580 3364 722 3431 vidimus
744 3374 890 3448 apertam
908 3366 956 3431 illi
975 3367 1137 3433 coelorum
1154 3369 1287 3434 ianuam
1310 3368 1418 3434 brisso.
1471 3367 1622 3435 vindicet.

534 3450 583 3516 13.
611 3450 680 3536 Epo
708 3450 799 3517 Deus
825 3450 942 3517 Batiai.
993 3452 1069 3518 Non
1101 3454 1223 3519 mirum
1251 3461 1301 3519 est
1333 3451 1420 3538 quod
1557 3453 1607 3518 14.
1630 3450 1675 3518 Et
1694 3451 1854 3534 respoudit
1877 3450 2003 3517 Romal.
2047 3450 2113 3517 Hic
2132 3452 2309 3535 ¹impletum
2339 3449 2431 3518 cerni·

446 3537 585 3620 angelus
607 3537 764 3620 suscipiat
786 3537 849 3601 Dei
871 3557 1059 3620 personam,
1090 3537 1145 3604 vel
1166 3540 1242 3622 quia
1263 3541 1298 3605 in
1318 3539 1420 3606 verbo
1471 3561 1544 3604 mus
1571 3537 1656 3623 quod
1683 3537 1776 3603 docet
1802 3537 1927 3604 Paulus
1953 3536 1994 3602 ad
2023 3537 2119 3604 Rom.
2143 3537 2173 3618 8,
2202 3538 2254 3605 28.
2283 3532 2433 3604 filiist

446 3644 505 3690 suo
526 3622 619 3688 Deus
651 3630 744 3706 pater
770 3623 894 3689 sanctis
922 3624 1070 3706 patribus
1099 3633 1255 3708 tanquam
1281 3626 1316 3690 in
1345 3625 1421 3692 vivo
1471 3625 1580 3691 omnia
1603 3623 1793 3690 adiumenta
1809 3643 1881 3690 esse
1898 3625 1933 3688 iu
1956 3623 2088 3689 bonum.
2123 3623 2210 3689 Nam
2229 3622 2315 3708 quod
2333 3623 2434 3704 inique

447 3710 578 3792 speculo
601 3709 768 3792 apparuit,
789 3708 887 3792 idque
909 3708 969 3775 sub
992 3709 1100 3794 angeli
1122 3712 1246 3795 specie:
1272 3710 1324 3777 vel
1345 3713 1422 3795 quia
1471 3731 1491 3775 s
1518 3720 1612 3795 patre
1641 3729 1699 3776 suo
1727 3716 1884 3775 tractatae
1913 3709 2047 3774 fuerant
2074 3729 2192 3774 uxores
2219 3709 2332 3789 Iacob,
2360 3702 2434 3791 quod

446 3793 557 3879 angeli
580 3814 621 3859 ex
643 3793 707 3858 Dei
729 3793 884 3859 mandato
905 3792 1089 3876 loquentes,
1119 3797 1236 3862 merito
1265 3806 1421 3880 tanquam
1472 3797 1607 3862 minime
1636 3794 1760 3861 ferebat
1788 3815 1887 3861 sexus
1909 3794 2080 3874 mollities,
2109 3816 2211 3878 quum
2233 3817 2287 3862 aas
2309 3796 2436 3860 maritus

448 3902 489 3945 ex
519 3879 589 3946 eius
617 3901 672 3946 ore
700 3879 800 3945 verba
829 3879 1026 3963 concipiunt.
1072 3881 1159 3947 Nam
1190 3887 1223 3946 st
1251 3882 1422 3966 prophetis
1473 3881 1633 3949 abducere
1654 3880 1727 3947 vult
1748 3881 1780 3946 in
1804 3880 2015 3965 longinquam
2038 3886 2071 3946 et
2090 3880 2239 3965 ignotm
2269 3903 2285 3946 r
2329 3882 2435 3952 ionem,

446 3965 529 4031 haec
550 3965 704 4048 loquendi
723 3966 827 4031 dorma
844 3966 965 4032 usitata
983 3978 1048 4033 est:
1071 3988 1137 4033 non
1155 3975 1192 4032 ut
1209 3988 1245 4033 se
1262 3967 1422 4033 extollant
1473 3967 1514 4034 ad
1537 3965 1739 4051 sequendum
1768 3966 1971 4034 voluntariae
1994 3974 2080 4032 sunt.
2124 3967 2217 4050 Ergo
2238 3967 2266 4034 si
2289 3966 2437 4051 purimcs

447 4051 485 4116 in
506 4051 570 4116 Del
593 4051 715 4130 locum,
742 4050 798 4116 ssd
821 4059 952 4117 tantum
973 4062 1011 4117 ut
1032 4051 1095 4118 Dei
1119 4054 1271 4120 maiestas
1291 4054 1326 4118 in
1350 4054 1421 4120 eius
1473 4062 1506 4119 et
1534 4053 1758 4120 acerbissimos
1788 4051 1915 4118 dolores
1943 4051 2076 4117 haurire
2108 4063 2239 4120 coactus
2267 4061 2319 4119 est
2341 4048 2436 4124 iacob,

448 4136 564 4215 verbo,
595 4137 688 4203 ouius
715 4135 858 4202 ministri
885 4147 987 4215 sunt,
1011 4137 1181 4222 refulgeat.
1225 4139 1322 4205 Nunc
1343 4139 1422 4223 quid
1473 4140 1595 4223 optima
1617 4159 1705 4204 nunc
1726 4139 1945 4221 compensatio
1967 4157 2044 4203 eum
2066 4137 2199 4216 solatur,
2222 4139 2308 4222 quod
2331 4155 2438 4203 uxore

409 4299 415 4310 ἱ
448 4222 559 4289 valeat
585 4221 731 4306 loquutio
759 4222 856 4300 haec,
886 4223 1021 4306 propius
1051 4226 1236 4308 expendere
1258 4226 1421 4293 convenit.
1474 4226 1544 4292 eius
1563 4245 1628 4290 non
1645 4225 1766 4290 retinet
1782 4225 1904 4290 nimius
1925 4233 2084 4308 paternae
2106 4221 2221 4290 domus
2240 4243 2350 4290 amor:
2373 4220 2438 4304 quin

449 4307 526 4374 Non
554 4307 627 4373 ideo
647 4328 682 4374 se
711 4319 807 4375 vocat
826 4306 936 4374 Deum
958 4308 1093 4388 Bethel,
1127 4310 1213 4395 quod
1242 4312 1339 4376 unius
1361 4312 1422 4379 looi
1473 4311 1581 4396 potius
1609 4310 1770 4377 malorum
1799 4308 1905 4375 taedio
1933 4310 2053 4389 vietae,
2083 4309 2198 4394 fugam
2228 4328 2392 4375 unacum
2409 4324 2438 4369 eo

450 4395 610 4480 angustiis
627 4392 772 4460 inclusus
794 4394 847 4472 sit,
870 4394 927 4460 sed
950 4403 986 4460 ut
1006 4396 1233 4480 promissionis
1255 4416 1334 4463 suae
1353 4417 1421 4462 mc·
1474 4396 1590 4483 cupide
1618 4404 1800 4479 capessunt.
1852 4393 1944 4460 Nihil
1973 4403 2040 4472 est,
2072 4394 2243 4479 inquiunt,
2274 4393 2368 4479 quod
2391 4410 2440 4455 nos

447 4480 588 4546 moriam
616 4499 711 4546 servo
738 4500 798 4546 suo
826 4488 972 4546 renovet.
1024 4480 1139 4564 Neque
1163 4483 1251 4547 enim
1280 4502 1423 4566 eousque
1475 4491 1621 4549 moretur
1646 4480 1733 4566 apud
1762 4487 1905 4565 patrem:
1934 4479 2007 4547 ideo
2036 4481 2125 4548 enim
2153 4481 2337 4548 adhaerent
2367 4477 2439 4544 filias

447 4565 656 4649 perfectionis
678 4564 911 4632 conscenderat
932 4577 1065 4633 sanctus
1086 4567 1192 4647 Iacob,
1215 4569 1293 4650 quin
1316 4569 1423 4636 adhuc
1473 4570 1619 4654 patribus
1650 4567 1736 4651 quod
1769 4576 1946 4634 censentur
1973 4565 2118 4632 familiae
2139 4568 2296 4635 membra.
2345 4565 2440 4646 Qun

448 4649 662 4717 crassioribus
683 4650 879 4718 rudimentis
899 4672 982 4736 opus
1003 4651 1146 4718 haberet.
1189 4654 1322 4738 Exigua
1343 4661 1423 4720 tuno
1475 4677 1553 4722 vero
1575 4651 1716 4720 crudelis
1738 4652 1819 4719 haec
1841 4651 1906 4717 fuit
1926 4649 2096 4731 abdicatio,
2122 4652 2209 4736 quod
2232 4675 2296 4719 uon
2322 4661 2439 4717 tantum

450 4737 583 4820 vigebat
600 4736 660 4802 lux
683 4736 859 4817 doctrinae,
878 4744 910 4802 et
928 4757 965 4802 ea
987 4736 1117 4822 quidem
1139 4739 1253 4806 multis
1275 4740 1423 4806 obscuris
1473 4741 1546 4807 sine
1568 4739 1642 4805 dote
1664 4758 1724 4804 nos
1744 4738 1926 4820 prostituit,
1959 4736 2017 4803 sed
2046 4737 2180 4805 venales
2203 4739 2303 4805 etiam
2329 4735 2442 4809 babuit

450 4821 575 4888 umbris
600 4821 768 4906 implicita.
820 4823 923 4890 Totus
952 4822 1021 4890 fere
1049 4822 1193 4890 mundus
1220 4824 1261 4890 ad
1291 4826 1423 4893 fictitios
1475 4834 1508 4894 et
1529 4828 1673 4911 pretium
1702 4825 1829 4891 voravit
1850 4844 1915 4907 quo
1943 4845 2002 4890 nos
2029 4822 2247 4890 vendiderat?
2270 4824 2442 4891 Pecuniam

450 4908 528 4974 deos
551 4908 744 4975 desciverat:
768 4909 858 4994 regio
880 4909 947 4989 illa,
970 4910 1036 4976 imo
1059 4909 1174 4976 domus
1197 4912 1308 4991 soceri,
1331 4907 1423 4976 adul·
1474 4913 1597 4996 accipio
1630 4932 1688 4994 pro
1728 4909 1926 4976 venditionis
1955 4909 2069 4992 pretio.
2126 4909 2326 4992 Queruntur
2368 4906 2443 4974 enim

449 4993 566 5060 terinis
588 4994 872 5079 superstitionibus
893 4994 1014 5060 referta
1034 5007 1113 5061 erat.
1153 4997 1244 5081 Ergo
1266 4998 1353 5063 inter
1374 5006 1424 5064 tot
1474 5019 1540 5065 non
1573 4997 1691 5064 saltem
1722 4994 1807 5060 dotis
1838 4995 1908 5062 loco
1940 4994 1983 5060 ad
2015 5015 2050 5062 se
2083 4995 2227 5063 frustum
2262 4995 2443 5080 pervenisse

449 5079 619 5147 obstacula
641 5079 724 5144 nihil
746 5081 794 5144 illi
817 5080 981 5147 difficilius
1003 5081 1065 5146 fuit
1089 5102 1187 5164 quam
1208 5081 1307 5148 fidem
1329 5104 1423 5149 suam
1474 5084 1560 5169 quod
1588 5105 1608 5149 a
1635 5081 1754 5148 marito
1785 5081 1906 5147 iniuste
1938 5088 2103 5146 extortum
2136 5081 2261 5148 fuerat:
2298 5083 2362 5148 sed
2392 5080 2443 5145 boc

449 5167 508 5232 uni
547 5186 626 5231 vero
666 5164 737 5230 Deo
775 5167 963 5232 obstrictam
1008 5166 1258 5251 devinctumque
1301 5178 1423 5235 tenere.
1474 5187 1604 5255 quoque
1633 5168 1759 5235 luorum
1783 5167 1823 5233 ab
1853 5187 1952 5232 avaro
1980 5174 2074 5251 patre
2101 5188 2331 5251 suppressum.
2378 5165 2444 5230 Ideo

450 5250 561 5332 Quare
583 5251 619 5315 in
641 5251 756 5334 primis
777 5273 860 5334 pura
880 5252 929 5317 illi
950 5252 1066 5337 religio
1093 5253 1357 5335 commendatur,
1386 5264 1424 5320 ut
1474 5255 1695 5338 interponitur
1733 5252 1896 5337 particula
1928 5265 1982 5330 nt,
2023 5271 2107 5335 quae
2147 5253 2331 5337 amplificat
2371 5247 2445 5337 apud

449 5335 537 5404 inter
559 5356 659 5420 vagos
679 5335 793 5400 mundi
814 5357 949 5417 errores,
971 5338 1006 5402 in
1024 5340 1094 5404 eius
1112 5339 1185 5418 Dei,
1208 5361 1304 5423 quem
1321 5342 1422 5408 semel
1474 5341 1652 5408 Hebraeos.
1697 5338 1782 5405 Nam
1812 5339 1874 5406 hoc
1902 5334 2134 5424 indignitatem
2156 5359 2223 5404 non
2251 5357 2377 5423 parum
2399 5359 2447 5402 su·
