5022 6192
360 453 405 519 19
1036 445 1406 521 COMMENTARIUS
1428 453 1479 520 IN
1502 449 1716 520 carnem.
2306 452 2349 517 20

358 641 518 728 capitibus
539 641 659 707 nostris
688 639 735 706 sio
763 639 892 717 minari,
918 649 954 705 ut
976 637 1122 726 spirandi
1143 635 1248 704 locum
1270 659 1328 703 no·
1378 639 1478 792 ξω.
1496 641 1548 720 33,
1566 639 1601 730 6)
1622 639 1664 707 ad
1682 653 1803 706 terram
1821 660 1947 722 quoque
1965 639 2098 705 extendi
2115 639 2226 708 debet:
2251 644 2349 710 verbo

358 730 408 795 bis
430 727 624 810 relinquant.
666 725 742 792 Hoc
770 726 912 792 mirabili
932 725 996 791 Dei
1024 722 1231 808 providentia
1258 724 1328 789 fieri
1412 729 1512 794 omini
1536 729 1652 794 factam
1676 747 1746 794 esse
1769 738 1802 791 et
1823 727 1939 808 spiritu
1966 725 2032 792 cris
2053 728 2124 792 eius
2145 737 2295 793 ornatam
2317 741 2350 794 et

379 815 413 880 ui
435 821 566 896 negant,
588 815 710 878 frustra
726 813 851 896 ingenii
880 811 930 878 sui
953 812 1098 878 vanitate
1115 817 1194 874 sunt
1212 810 1326 875 inflati.
1378 815 1582 880 instructam.
1619 813 1723 880 Porro
1745 809 1830 895 quod
1851 821 1926 876 ante
1948 811 2051 876 solem
2072 820 2105 877 et
2122 813 2235 879 lunam
2259 837 2348 880 crsa-

358 835 489 966 boimus
518 897 646 981 quidem
681 898 877 964 naturaliter
903 897 1069 982 procreari
1097 894 1243 978 pluvias:
1271 893 1327 960 sed
1380 911 1434 964 tae
1470 911 1547 965 sunt
1581 899 1700 965 herbae
1733 907 1765 962 et
1794 895 1934 980 arbores,
1961 899 2092 964 fortuito
2122 921 2186 964 non
2219 899 2348 966 accidit.

357 983 518 1050 diluvium
545 984 625 1050 satis
649 982 792 1050 ostendit
820 1005 917 1066 quam
945 1003 1021 1048 mox
1047 978 1206 1048 obruendi
1225 980 1328 1046 simus
1378 983 1538 1051 Videmus
1556 1006 1643 1051 nuno
1657 983 1754 1050 aeole
1765 983 1911 1066 vegetari
1924 993 2056 1060 terram,
2080 983 2255 1052 utiructus
2270 1007 2348 1052 suos

356 1069 493 1135 nubium
521 1067 661 1151 impetu,
693 1069 758 1134 nisi
790 1077 970 1136 cataractae
1003 1068 1098 1150 coeli,
1130 1065 1194 1130 Dei
1228 1087 1328 1132 manu
1377 1069 1529 1153 proferat.
1557 1069 1626 1137 Nec
1648 1089 1725 1135 vero
1739 1069 1845 1136 Deum
1868 1069 1989 1134 latebat
2010 1069 2089 1136 baso
2110 1079 2248 1136 naturae
2267 1073 2351 1140 ratio

355 1153 485 1221 alausas
518 1163 636 1221 essent.
697 1153 766 1222 Nec
798 1165 920 1220 temere
950 1155 1037 1218 inter
1068 1154 1138 1216 eius
1171 1151 1328 1218 miracula
1378 1176 1476 1240 quaro
1498 1165 1610 1238 postsa
1630 1154 1808 1220 ordinavit:
1831 1153 1887 1220 sed
1910 1167 1947 1218 ut
1964 1152 2126 1220 discamus
2143 1154 2185 1222 ad
2207 1178 2283 1223 eum
2302 1180 2351 1224 re

355 1240 417 1306 boc
438 1249 586 1307 recenset
606 1239 726 1318 David,
749 1239 834 1324 quod
855 1240 892 1305 in
913 1240 1005 1322 aquis
1023 1247 1123 1321 ponat
1140 1238 1234 1303 Deus
1255 1259 1327 1304 coc·
1378 1243 1591 1320 serreomuia,
1614 1241 1720 1306 nullas
1741 1249 1818 1305 tuno
1840 1239 1899 1304 soli
1921 1249 1954 1304 et
1974 1239 2072 1304 lunae
2093 1251 2202 1323 partes
2218 1265 2352 1310 conces·

354 1325 544 1391 naculcrum
574 1345 708 1391 suorum
737 1327 846 1392 trabes
874 1325 975 1412 (Psal.
1004 1325 1076 1408 104,
1105 1321 1152 1409 3),
1187 1331 1220 1388 et
1252 1322 1328 1388 alibi
1378 1329 1428 1392 sit.
1474 1327 1550 1392 Vim
1579 1347 1677 1411 quam
1698 1325 1763 1392 illis
1784 1323 1937 1402 infirndit,
1966 1345 2139 1406 agnoscere
2160 1329 2255 1394 nobis
2278 1351 2351 1412 per·

353 1411 507 1478 coelestes
528 1411 691 1494 aquaead
718 1411 919 1478 laudandum
941 1411 1048 1476 Deum
1070 1409 1208 1475 advocat
1228 1407 1328 1494 (Psal.
1378 1412 1488 1490 mittit,
1520 1411 1790 1495 quemadmodum
1823 1408 2003 1479 ministerio
2035 1412 2152 1476 utitur:
2185 1413 2242 1479 sed
2274 1415 2353 1498 quia

357 1497 429 1578 148,
451 1497 494 1584 4).
539 1496 649 1578 Quum
679 1518 756 1582 ergo
786 1497 887 1564 nubes
917 1497 1077 1562 creaverit
1098 1495 1198 1574 Deus,
1222 1507 1255 1559 et
1277 1515 1328 1560 re·
1379 1496 1543 1565 includere
1579 1497 1720 1564 solemus
1748 1497 1782 1561 in
1811 1517 1923 1561 eorum
1959 1507 2077 1562 natura
2102 1497 2188 1580 quod
2217 1499 2352 1565 aliunde

355 1585 485 1670 gionem
519 1583 586 1649 illis
618 1603 719 1666 supra
749 1603 809 1648 nos
847 1581 1077 1667 assignaverit,
1118 1602 1183 1646 non
1218 1579 1329 1646 debuit
1378 1582 1509 1662 habent,
1532 1604 1664 1649 necesse
1684 1582 1747 1647 fuit
1769 1583 1916 1664 vigorem
1939 1601 2034 1664 quam
2058 1603 2146 1650 nunc
2170 1595 2278 1650 terras
2300 1587 2351 1651 vi·

354 1669 536 1752 praeteriri,
553 1669 617 1734 Dei
639 1669 761 1734 virtuts
783 1667 887 1735 arceri
909 1689 950 1734 ne
968 1669 1117 1751 probisse
1139 1665 1245 1732 subito
1266 1665 1328 1730 im·
1379 1669 1498 1734 dentur
1511 1667 1597 1746 dare,
1614 1669 1706 1752 prius
1724 1677 1853 1733 exstare
1869 1685 1965 1749 quam
1983 1679 2093 1733 creata
2110 1679 2226 1736 essem.
2251 1671 2352 1736 Fate-

355 1765 433 1837 petu
455 1775 514 1820 nos
535 1755 745 1820 absorbeant:
764 1773 802 1820 ac
821 1755 1011 1837 praesertim
1031 1773 1132 1838 quum
1148 1773 1217 1816 non
1238 1750 1328 1816 aliud
1379 1775 1453 1819 mur
1474 1753 1604 1837 quidem
1625 1754 1721 1820 verbo
1743 1774 1801 1836 per
1822 1772 1858 1817 se
1879 1753 1960 1818 satis
1977 1751 2087 1818 valere
2109 1756 2249 1838 primam
2273 1777 2352 1820 cau-

354 1841 422 1906 illis
442 1841 624 1923 oppositum
646 1839 691 1906 sit
712 1839 891 1906 claustrum
913 1861 1011 1922 quam
1032 1837 1176 1922 liquidus
1198 1847 1232 1902 et
1252 1856 1327 1902 eva·
1378 1859 1459 1923 sam,
1481 1839 1605 1905 medias
1627 1861 1703 1905 vero
1733 1849 1766 1903 et
1787 1833 1958 1903 interiores
1987 1839 2107 1903 babere
2128 1853 2289 1923 quantum
2309 1841 2352 1906 ab

354 1925 452 1992 nidus
468 1947 532 2005 aer,
552 1926 607 2008 qui
629 1925 724 1991 facile
741 1924 871 1992 cederet
892 1925 927 1990 ni
945 1923 1149 2008 praevaleret
1170 1924 1232 1988 hoc
1255 1943 1327 1987 ver·
1378 1925 1450 2009 ipsa
1470 1934 1679 1991 mutuantur:
1702 1922 1758 1990 sad
1781 1925 1904 2006 reipsa
1924 1924 2198 2008 fingimusDeom
2220 1928 2352 2010 inopem

354 2011 448 2076 bum:
493 2008 546 2078 Sit
574 2010 722 2076 extensio
749 2010 836 2076 inter
865 2031 973 2093 aquas.
1028 2009 1203 2075 Caeterum
1231 2007 1328 2074 buius
1380 2012 1430 2075 vel
1459 2012 1627 2091 mutilum,
1657 2011 1719 2075 nisi
1743 2011 1782 2074 ab
1811 2010 1863 2075 his
1892 2008 2072 2074 adiuvetur.
2125 2011 2196 2076 Imo
2217 2025 2351 2096 quotus·

355 2096 419 2162 diei
447 2097 537 2180 operi
565 2106 676 2161 notam
704 2096 796 2162 illam
824 2117 889 2162 non
920 2097 1070 2180 apposuit
1090 2095 1214 2175 Moses,
1243 2093 1327 2176 quod
1378 2097 1515 2180 quisque
1532 2109 1582 2162 est
1600 2097 1655 2180 qui
1673 2097 1761 2160 ultra
1777 2094 1879 2161 solem
1897 2094 2093 2161 conscendat
2111 2097 2167 2161 ubi
2185 2097 2225 2162 de
2244 2107 2353 2162 terrae

354 2180 448 2249 Deus
469 2181 682 2248 essebonum
704 2181 840 2247 viderit:
857 2181 939 2248 forte
961 2185 1035 2264 quia
1051 2180 1197 2246 nondum
1220 2191 1328 2246 exsta·
1378 2182 1596 2248 foecunditate
1635 2180 1765 2266 agitur?
1820 2177 1916 2260 Quod
1957 2201 2033 2264 crgo
2065 2181 2172 2246 Deum
2205 2184 2353 2248 consulto

356 2268 412 2333 bat
432 2267 573 2347 utilitas,
594 2263 696 2333 donec
718 2287 820 2350 aquae
842 2275 1014 2332 terrestres
1034 2267 1070 2330 in
1092 2266 1258 2350 proprium
1282 2266 1328 2330 lo·
1377 2267 1483 2350 egisse
1511 2267 1667 2346 diximus,
1696 2266 1868 2350 plusquam
1897 2285 2029 2331 necesse
2050 2279 2131 2331 erat:
2159 2275 2195 2331 ut
2217 2289 2259 2332 ex
2280 2271 2353 2352 ipsa

357 2373 431 2419 cum
460 2373 496 2418 se
529 2353 725 2434 reciperent:
761 2350 847 2436 quod
881 2362 1010 2435 postero
1039 2352 1091 2418 die
1118 2352 1237 2417 iactum
1267 2360 1327 2428 est,
1377 2353 1548 2418 creationis
1566 2353 1648 2419 serie
1666 2351 1837 2428 discamus,
1861 2350 1967 2416 Deum
1986 2372 2043 2434 per
2063 2363 2226 2418 creaturas
2244 2375 2353 2438 agere,

354 2438 466 2522 itaque
487 2435 537 2504 bis
557 2437 625 2504 illic
646 2438 812 2521 repetitur.
1377 2459 1443 2503 non
1466 2447 1620 2522 tanquam
1638 2437 1762 2503 alienas
1778 2439 1849 2519 opis
1866 2435 2022 2522 indigum,
2051 2435 2108 2502 sed
2137 2439 2213 2522 quia
2235 2441 2281 2506 sio
2302 2440 2355 2504 illi

440 2523 470 2589 9.
496 2521 722 2606 Conprepentar
742 2543 850 2606 oquae.
886 2523 959 2588 Hoc
979 2543 1106 2606 quoque
1127 2523 1257 2589 illustre
1278 2532 1329 2589 est
1377 2522 1514 2606 placeat.
1566 2523 1676 2604 Quum
1707 2523 1801 2600 dicit,
1833 2521 1991 2588 amtor
2015 2527 2099 2588 terra
2126 2523 2252 2590 lebam
2273 2547 2356 2608 prece

356 2607 560 2686 miraculum,
589 2607 675 2691 quod
704 2629 807 2692 aquae
834 2629 893 2675 suo
923 2606 1067 2675 discessu
1089 2608 1258 2674 babitandi
1279 2609 1326 2674 lo·
1378 2628 1481 2676 aanor
1502 2609 1667 2692 producut,
1697 2607 1836 2674 arborem
1864 2609 1916 2674 cai
1943 2627 2046 2674 eoam
2074 2610 2167 2674 insit:
2189 2612 2355 2694 significat

355 2715 430 2760 cum
452 2692 638 2759 hominibus
658 2691 827 2760 dederunt.
877 2693 962 2760 Nam
991 2702 1024 2759 et
1046 2694 1230 2778 philosophi
1252 2717 1327 2761 con·
1380 2715 1447 2760 non
1474 2694 1570 2761 modo
1597 2703 1722 2761 creatas
1756 2695 1856 2759 fuisse
1890 2701 1969 2759 tunc
1999 2692 2117 2760 herbas
2149 2703 2182 2760 et
2211 2697 2353 2777 arbores,

355 2777 472 2846 cedent
500 2778 685 2844 naturalem
714 2799 785 2846 esse
814 2780 916 2846 situm
944 2800 1055 2863 aquae,
1083 2780 1211 2863 qualem
1233 2781 1327 2846 initio
1378 2778 1436 2846 scd
1459 2781 1603 2864 utrisque
1632 2781 1728 2846 simul
1759 2779 1896 2844 inditam
1922 2780 2164 2864 propagationis
2185 2781 2354 2862 virtutem,

354 2864 455 2930 brisso
473 2865 573 2929 tradit
591 2861 716 2943 Moses,
743 2874 781 2931 ut
804 2874 906 2931 totam
928 2873 1050 2932 terram
1073 2865 1233 2932 involvat:
1262 2868 1327 2950 pri·
1378 2875 1417 2931 ut
1434 2865 1559 2932 soboles
1577 2875 1731 2932 maneret.
1767 2863 1855 2948 Quia
1872 2885 1950 2949 ergo
1969 2875 2090 2930 terram
2103 2865 2248 2948 quotidie
2266 2868 2354 2933 vide-

354 2969 456 3028 mum,
475 2949 552 3033 quia
565 2950 763 3016 elementum
785 2960 845 3026 est,
867 2950 1022 3018 circulare
1044 2972 1115 3018 esse
1136 2961 1272 3035 oportet,
1295 2964 1329 3017 et
1379 2971 1453 3017 mus
1474 2973 1492 3016 s
1513 2951 1637 3034 gremio
1654 2951 1746 3018 nobis
1767 2950 1905 3016 fundere
1926 2959 1974 3016 tot
1991 2949 2130 3030 divitias,
2152 2952 2239 3035 quod
2261 2953 2355 3018 vide-

355 3035 432 3118 quia
457 3035 652 3101 elementum
675 3043 726 3101 est
745 3036 881 3122 grauius
903 3050 987 3117 aere,
1013 3047 1101 3103 terra
1125 3037 1247 3117 levius,
1271 3037 1327 3103 de-
1379 3058 1452 3104 mus
1475 3037 1593 3103 barbae
1614 3057 1726 3103 semen
1749 3037 1908 3116 emittere,
1937 3045 1970 3102 et
1999 3056 2111 3101 semen
2139 3037 2219 3102 illud
2244 3046 2355 3106 tarrae

352 3119 543 3187 berethario
554 3127 624 3186 toto
642 3119 781 3190 circuitu
793 3131 911 3207 tepere.
941 3121 1038 3203 Quod
1052 3131 1161 3189 autem
1174 3123 1207 3189 in
1220 3132 1328 3190 tumu·
1379 3121 1455 3188 sinu
1477 3129 1669 3205 conceptum
1691 3121 1794 3188 foveri
1817 3119 1918 3188 donec
1936 3133 2092 3207 emergat,
2115 3123 2196 3188 alias
2219 3125 2353 3192 arbores

351 3205 401 3274 los
432 3206 564 3272 redacta
591 3207 696 3273 maria
717 3208 823 3274 locum
845 3207 1032 3275 bominibus
1052 3208 1242 3288 concedunt,
1266 3211 1328 3276 hoc
1379 3228 1421 3272 ex
1448 3207 1520 3274 aliis
1547 3207 1722 3291 pullulare:
1753 3207 1785 3271 id
1814 3215 1919 3271 totum
1948 3217 2061 3271 manat
2087 3228 2128 3272 ex
2156 3209 2257 3275 verbo
2279 3212 2353 3276 isto.

352 3299 406 3358 est
424 3291 519 3374 quasi
536 3299 844 3375 praeternaturam:
867 3303 964 3378 atque
978 3293 1052 3359 ideo
1075 3295 1251 3361 bonitatem
1264 3296 1329 3361 Dei
1379 3293 1418 3360 Si
1448 3314 1525 3378 ergo
1553 3295 1739 3376 quaerimus
1767 3292 1823 3375 qui
1850 3293 1908 3358 fiat
1936 3304 1972 3357 ut
2000 3291 2117 3358 fertilis
2143 3295 2186 3359 sit
2214 3305 2353 3372 terrae

351 3376 472 3444 bacin
500 3387 592 3459 parte
613 3379 778 3462 scriptura
802 3399 900 3464 saepe
925 3380 1053 3446 extollit
1080 3378 1180 3467 (Psal.
1202 3381 1254 3460 33,
1279 3379 1327 3483 7):
1378 3380 1504 3445 semine
1537 3399 1671 3464 germen
1706 3389 1868 3456 nascatur,
1903 3377 2016 3464 fruges
2055 3377 2096 3443 ad
2128 3381 2353 3447 maturitatem

353 3461 578 3548 Oongregavit
588 3460 612 3550 ¹)
635 3485 739 3546 aquas
767 3467 801 3529 in
831 3485 986 3531 acervum
1024 3475 1058 3532 et
1083 3467 1263 3533 recondidit
1292 3490 1328 3534 rn
1378 3465 1582 3548 perveniant,
1609 3464 1740 3550 singula
1775 3483 1897 3548 genera
1925 3465 2100 3547 quotannis
2132 3465 2352 3534 sobolescunt:

353 3548 526 3615 thesauris.
566 3547 651 3613 Item
673 3547 773 3701 &Psoi
794 3549 861 3637 :8):
898 3549 1040 3636 (lollsgit
1061 3573 1160 3634 aquas
1183 3554 1271 3619 velut
1292 3554 1327 3618 in
1380 3571 1445 3616 uon
1482 3551 1548 3614 alia
1586 3570 1684 3616 causa
1722 3549 1918 3626 invenietur,
1960 3550 2022 3615 nisi
2062 3551 2141 3632 quia
2172 3553 2272 3618 semel
2302 3554 2353 3618 lo·

352 3641 472 3702 utrem
503 3632 580 3722 (Ier.
603 3633 633 3710 5,
656 3633 727 3722 2·):
764 3637 819 3702 An
844 3658 897 3702 ma
925 3655 992 3701 non
1015 3637 1193 3704 timebitis?
1218 3661 1328 3705 annon
1379 3645 1502 3720 quotus
1533 3645 1585 3701 eet
1612 3635 1722 3719 Deus,
1752 3636 1813 3700 boc
1842 3645 1892 3700 ost
1919 3645 2088 3700 aeternum
2116 3657 2212 3702 suum
2243 3639 2355 3704 decre-

354 3719 517 3804 pavebitis
540 3740 559 3783 a
580 3719 662 3785 iacis
684 3721 780 3787 mea?
804 3724 859 3806 qui
881 3721 974 3806 posui
996 3743 1130 3788 arenam
1153 3727 1328 3790 terminum
1379 3731 1451 3786 tum
1473 3720 1625 3804 protulit:
1658 3731 1747 3786 terra
1776 3729 1894 3798 autem,
1924 3728 1958 3785 et
1986 3741 2069 3804 quas
2098 3741 2140 3786 ex
2168 3741 2206 3786 sa
2234 3744 2353 3806 prove-

354 3805 464 3870 marie.
488 3801 568 3891 (Iob.
593 3803 645 3890 38,
667 3806 717 3894 8):
740 3807 824 3888 Quis
841 3807 1000 3875 conclusit
1021 3808 1111 3874 ostiis
1132 3810 1245 3876 mare?
1269 3833 1327 3876 an·
1379 3807 1485 3886 niunt,
1507 3805 1571 3872 Dei
1593 3805 1761 3884 mandato,
1791 3801 1876 3888 quod
1897 3824 2025 3890 semper
2046 3806 2235 3887 exaudiunt,
2258 3831 2354 3894 prae-

355 3911 420 3956 non
450 3910 511 3976 ego
532 3890 674 3958 claustra
695 3902 730 3957 et
751 3905 859 3960 vectes
882 3893 1102 3960 circumdedi?
1147 3895 1220 3981 Ego
1242 3897 1328 3962 dixi:
1380 3893 1459 3960 bont
1480 3891 1680 3974 obsequium.

354 3973 433 4042 Hoc
469 3998 572 4059 usquc
605 3977 815 4061 progredere,
851 3979 904 4046 hic
940 3988 1135 4062 rumpantur
1167 3991 1330 4048 tumentes
1466 3978 1516 4043 14.
1548 3977 1621 4043 Sint
1648 3975 1829 4042 lamiarurio.
1887 3976 2022 4042 Transit
2049 3976 2160 4045 Moses
2192 3979 2233 4046 ad
2266 3981 2356 4048 diem

354 4061 475 4127 fluetus
504 4062 561 4128 tui.
617 4061 768 4130 Sciamus
801 4085 880 4149 ergo
908 4086 968 4130 nos
996 4067 1029 4130 in
1059 4066 1144 4133 sicco
1173 4067 1328 4148 habitare,
1379 4075 1531 4147 quartum
1566 4083 1628 4146 quo
1661 4063 1773 4128 stellas
1805 4071 1883 4129 sunt
1914 4062 2070 4129 conditas.
2122 4065 2219 4131 Prius
2247 4067 2356 4133 lucem

355 4147 431 4230 quia
449 4145 542 4214 Deus
571 4148 726 4214 mandato
750 4170 809 4216 suo
839 4172 939 4234 aquas
965 4151 1138 4232 submovit,
1163 4175 1204 4218 ns
1227 4163 1328 4220 totam
1380 4157 1565 4216 creaverat:
1589 4149 1646 4214 sed
1665 4167 1753 4214 nuno
1774 4147 1917 4213 instituit
1934 4167 2056 4213 novum
2076 4147 2224 4216 ordinem
2242 4153 2276 4217 in
2295 4175 2356 4219 na-

356 4239 479 4298 terram
500 4231 720 4317 submergant.
1381 4245 1465 4319 tura,
1488 4245 1524 4300 ut
1546 4235 1594 4300 ecl
1617 4236 1752 4300 diurnae
1774 4235 1856 4300 lucis
1877 4231 1921 4298 sit
1938 4234 2098 4313 minister,
2121 4237 2199 4301 luna
2221 4247 2255 4302 et
2275 4241 2356 4304 stel-

443 4319 494 4384 11.
520 4317 681 4386 camene:
706 4325 801 4387 terro.
844 4321 1015 4389 Hactenus
1042 4321 1131 4390 nuda
1153 4336 1187 4390 et
1208 4325 1329 4392 sterilis
1380 4321 1432 4386 lae
1455 4327 1552 4386 noctu
1575 4320 1715 4386 luceant,
1746 4319 1855 4402 Atque
1872 4319 1934 4384 boc
1951 4319 2018 4386 illis
2034 4321 2175 4386 officium
2195 4323 2356 4408 attribuit,

357 4411 429 4469 erat
451 4413 549 4470 terra:
571 4425 659 4471 nunc
677 4426 748 4470 eam
767 4406 929 4474 Dominus
948 4408 1048 4474 verbo
1070 4431 1127 4475 suo
1149 4411 1329 4477 foecundat.
1382 4417 1419 4470 ut
1440 4408 1582 4472 sciamus
1610 4427 1725 4472 omnes
1751 4416 1917 4472 creaturas
1945 4403 2079 4471 subesse
2107 4409 2179 4473 eius
2208 4409 2357 4489 arbitrio,

356 4490 502 4556 Tametsi
523 4491 612 4555 enim
630 4490 696 4556 iam
714 4490 877 4560 desbnata
897 4502 969 4558 erat
989 4491 1031 4559 ad
1048 4494 1175 4562 fructus
1192 4497 1329 4581 gignen·
1382 4501 1416 4556 et
1437 4493 1569 4576 exsequi
1592 4491 1677 4575 quod
1694 4491 1761 4556 illis
1782 4491 1931 4574 iniungit.
1966 4491 2058 4555 Nibil
2081 4493 2168 4557 enim
2191 4495 2280 4560 aliud
2304 4519 2357 4562 re-

357 4574 432 4659 dos,
461 4574 563 4643 donec
592 4588 700 4642 tamen
730 4599 772 4642 ex
801 4599 857 4644 ors
878 4577 940 4644 Dei
968 4579 1087 4663 prodiit
1107 4601 1193 4648 nova
1217 4583 1331 4664 virtus,
1381 4577 1566 4644 fertbioses
1589 4598 1685 4661 quam
1698 4576 1807 4642 Deum
1825 4585 1913 4642 esrta
1929 4595 2053 4661 organa
2070 4577 2251 4646 destinasse
2272 4601 2358 4664 quaa

357 4661 474 4726 siccam
505 4670 538 4726 et
565 4663 697 4727 inanem
727 4683 860 4730 manere
892 4667 1046 4748 oportuit.
1101 4665 1215 4750 Neque
1242 4669 1330 4733 enim
1382 4664 1486 4730 lucem
1510 4663 1574 4727 iam
1590 4663 1688 4813 prius
1710 4671 1861 4740 creatam,
1887 4663 2011 4729 mutuis
2033 4661 2158 4730 vicibus
2180 4685 2238 4746 per
2258 4688 2358 4732 miin-

356 4745 430 4830 ipsa
451 4745 646 4813 naturaliter
667 4749 707 4814 ad
725 4748 929 4834 gignenmm
952 4750 1128 4834 quidquam
1151 4761 1224 4836 apta
1244 4763 1329 4820 erat:
1383 4749 1461 4816 dum
1484 4747 1587 4813 diffun
1612 4759 1713 4814 erent.
1749 4747 1821 4814 Hoc
1839 4755 1967 4812 tantum
1990 4757 2040 4812 est
2062 4745 2246 4836 discrimen,
2268 4753 2358 4835 quod

356 4851 417 4898 neo
451 4831 582 4898 aliunde
611 4845 683 4898 erat
711 4856 864 4919 germen,
897 4834 998 4904 donec
1030 4847 1179 4922 apertum
1213 4848 1263 4905 cst
1295 4860 1331 4906 os
1381 4836 1472 4916 prius
1506 4845 1577 4899 erat
1611 4833 1670 4899 lux
1699 4851 1823 4918 sparsa,
1852 4852 1941 4897 nuno
1969 4853 1989 4898 a
2020 4835 2208 4918 corporibus
2237 4837 2358 4904 lucidis

354 4917 499 4982 Domini.
561 4917 646 4986 Nam
686 4922 772 5004 quod
804 4921 914 4988 David
954 4924 1122 5005 praedicat
1160 4922 1201 4988 do
1233 4925 1331 4993 coelis
1382 4919 1536 5003 procedit,
1558 4941 1642 5002 quae
1662 4920 1699 4984 in
1721 4919 1809 4985 bunc
1829 4939 1923 4984 usum
1947 4919 2175 5002 obsequuntur
2196 4920 2276 4988 Deo.

1466 5003 1624 5072 Dividunt
1644 5006 1727 5072 diem
1747 5026 1769 5071 o
1789 5009 1879 5070 uode.
1915 5001 2012 5069 Diem
2035 5005 2235 5072 artificialem
2258 5011 2357 5075 intel-

1380 5092 1454 5176 ligit
1476 5093 1532 5174 qui
1553 5090 1593 5156 ab
1610 5099 1684 5158 ortu
1705 5090 1783 5156 solis
1802 5089 1925 5173 incipit,
1947 5099 1980 5155 et
2002 5088 2120 5155 desinit
2141 5093 2174 5157 in
2193 5095 2355 5163 occasum.

1381 5177 1465 5242 Nam
1495 5175 1563 5241 dies
1592 5176 1751 5242 naturalis
1779 5173 1884 5262 (euius
1910 5193 2011 5258 supra
2036 5175 2197 5264 meminit)
2223 5192 2356 5250 noctem

354 5223 745 5365 Msslnfflffigallffl
763 5227 1330 5370 ·1fffi⁶{‚“lpg:⁰”mkg⁰:ffi'{2
1380 5263 1441 5364 sub
1463 5283 1499 5328 se
1515 5263 1671 5328 continet.
1715 5261 1805 5326 Hinc
1822 5259 1937 5346 collige
1959 5261 2045 5326 viaet
2072 5261 2199 5328 dierum
2222 5277 2256 5331 02
2277 5289 2358 5337 1100·

355 5359 427 5416 teca
446 5361 487 5416 ec.
503 5362 614 5433 parea,
631 5363 696 5420 lora
712 5381 797 5421 m.
1381 5355 1463 5414 trum
1493 5349 1665 5416 continuas
1691 5367 1821 5431 semper
1847 5348 1930 5414 lore:
1960 5348 2037 5430 quia
2064 5367 2171 5414 sermo
2193 5349 2269 5433 Dei,
2299 5357 2357 5440 qui
