5022 6192
393 446 455 510 123
1044 436 1413 507 COMMENTARIUS
1435 438 1486 504 IN
1508 438 1722 508 OMNESIN.
2314 445 2367 510 124

391 635 469 713 riri,
499 639 535 697 ut
559 639 671 712 postea
693 627 882 695 ridebimus.
927 626 1056 694 Deinde
1079 627 1236 710 triplicem
1259 627 1358 694 fuisse
1411 625 1547 694 subinde
1564 628 1729 694 obstacula
1746 631 1958 712 supervenire
1975 637 2127 713 poterant
2144 651 2229 715 quaa
2245 633 2366 700 abrum-

392 720 683 802 contignationem,
716 723 750 779 et
777 721 943 795 separatae
972 713 1196 791 domunculas,
1234 713 1359 779 ratione
1410 720 1526 795 perant
1552 713 1716 798 inceptum
1746 735 1837 797 opus,
1864 715 1975 780 addita
2001 717 2215 798 promissione
2244 739 2365 784 servum

391 803 485 870 nobis
516 801 691 885 incognita.
750 797 926 865 Difficilior
957 799 1108 864 obiicitur
1140 800 1286 881 quaestio
1319 797 1359 864 de
1410 820 1506 864 suum
1528 799 1619 866 Deus
1647 803 1827 867 confirmat.
1871 800 1923 866 Ita
1950 802 2114 868 animatus
2135 802 2198 868 fuit
2220 802 2311 870 Noah
2333 805 2366 869 ed

391 887 627 973 magnitudine.
670 885 755 949 Nam
786 884 864 949 olim
893 883 1023 966 profani
1051 882 1182 966 quidam
1210 884 1359 950 homines
1409 883 1589 967 parendum
1608 883 1695 964 Deo,
1720 885 1798 952 dum
1826 886 1897 951 eius
1925 887 2137 969 promissione
2165 887 2279 968 fretus,
2310 912 2366 954 non

391 976 462 1041 suis
496 973 609 1039 sannis
638 972 755 1037 Mosen
789 977 970 1045 vexarunt,
1005 969 1090 1052 quod
1122 985 1190 1035 tarn
1218 979 1358 1054 angusto
1410 971 1538 1034 irritum
1570 971 1638 1036 fore
1673 993 1769 1036 suurn
1806 970 1948 1037 laborem
1976 971 2116 1038 confidit.
2167 975 2261 1040 Tunc
2288 976 2366 1040 enim

391 1061 494 1143 spatio
512 1060 678 1142 ingentem
697 1054 888 1121 animalium
910 1055 1040 1120 turbam
1061 1056 1221 1121 inclusam
1243 1055 1358 1120 finxis-
1411 1054 1542 1120 demum
1564 1055 1702 1122 libenter
1724 1057 1949 1139 amplectimur
1969 1055 2034 1122 Dei
2054 1058 2226 1139 mandata,
2250 1060 2305 1124 ubi
2325 1083 2367 1125 aa

391 1154 455 1212 set:
479 1146 573 1212 cuius
595 1163 671 1228 pars
693 1143 792 1208 tertia
813 1142 869 1205 vix
890 1149 1031 1223 quatuor
1052 1141 1241 1224 elephantos
1264 1161 1357 1223 eape-
1411 1140 1497 1206 cedit
1523 1141 1694 1223 promissio
1723 1163 1806 1225 quae
1833 1164 1898 1207 non
1920 1143 2042 1208 frustra
2063 1164 2123 1208 nos
2145 1165 2277 1226 operam
2299 1167 2366 1210 con·

390 1240 451 1296 ret.
501 1231 598 1295 Hanc
631 1229 842 1294 abiectionem
874 1227 972 1292 solvit
1004 1225 1179 1310 Origenes,
1213 1225 1359 1292 cubitum
1411 1246 1540 1290 sumere
1558 1225 1678 1293 doceat.
1700 1228 1796 1294 Unde
1818 1237 1953 1311 apparet
1974 1249 2072 1311 quarn
2095 1231 2193 1295 stulte
2215 1230 2366 1313 desipiant

392 1315 624 1402 geometricum
658 1337 678 1378 a
706 1313 799 1378 Mose
826 1313 933 1376 notari
961 1310 1087 1392 Macae,
1123 1313 1179 1395 qui
1207 1312 1358 1395 sextuplo
1412 1311 1572 1394 papistae,
1602 1313 1657 1396 qui
1684 1314 1833 1379 homines
1862 1327 2029 1397 nugantur
2056 1315 2170 1381 abduci
2199 1315 2275 1380 fidei
2302 1316 2366 1382 doc·

391 1404 496 1467 maior
526 1411 575 1468 est
597 1420 696 1482 quam
719 1398 879 1481 vulgaris:
907 1397 944 1461 in
965 1397 1057 1462 cuius
1082 1398 1277 1463 sententiam
1303 1397 1358 1461 de·
1412 1399 1500 1462 trina
1522 1419 1541 1460 a
1563 1409 1650 1464 recte
1672 1399 1790 1482 agendi
1813 1399 1928 1464 studio.
1969 1398 2086 1480 Qualis
2107 1403 2195 1468 enim
2216 1403 2280 1467 erit
2301 1422 2366 1467 nos·

391 1487 517 1554 scandit
534 1485 740 1569 Augustinus
761 1483 845 1548 libro
868 1482 908 1548 de
931 1481 1073 1548 Ciuitate
1094 1482 1159 1548 Dei
1189 1484 1229 1548 15
1247 1495 1281 1546 ot
1302 1483 1357 1548 lib.
1413 1495 1464 1546 tra
1503 1483 1654 1548 alacritas
1691 1483 1733 1549 ad
1767 1495 1854 1550 reate
1887 1482 2049 1568 agendum
2089 1487 2151 1550 nisi
2191 1487 2367 1570 praeluceat

394 1575 422 1638 1.
456 1573 692 1654 Quaestionum
714 1571 749 1634 in
772 1568 927 1634 Genesin.
961 1569 1081 1634 Fateor
1101 1568 1249 1650 equidem
1272 1567 1358 1651 quod
1412 1567 1512 1632 fides?
1557 1565 1707 1635 Sciamus
1737 1591 1814 1653 ergo
1842 1569 1928 1634 solae
1957 1591 2027 1636 esee
2054 1569 2119 1635 Dei
2146 1573 2367 1656 promissiones

390 1658 587 1735 obtendunt,
614 1657 730 1721 Mosen
758 1655 814 1736 qui
842 1655 975 1718 edoctus
1003 1656 1110 1718 fuerat
1132 1655 1165 1718 in
1187 1655 1277 1719 omni
1298 1653 1359 1720 eoi·
1412 1674 1494 1736 quae
1505 1674 1566 1718 nos
1584 1654 1762 1731 vivificant,
1781 1665 1814 1720 et
1824 1655 1963 1738 singulis
1978 1655 2134 1721 membris
2145 1660 2265 1723 nostris
2274 1657 2366 1742 inspi-

390 1743 736 1826 entiaAegyptiorum,
757 1761 825 1805 non
842 1740 942 1804 fuisse
959 1741 1156 1823 geometriae
1172 1748 1357 1822 expertem:
1412 1747 1487 1803 rant
1504 1739 1648 1823 vigorem
1667 1739 1708 1804 ad
1730 1740 1909 1822 parendum
1920 1742 2006 1807 Deo:
2029 1742 2100 1806 sine
2121 1743 2201 1823 ipsis
2223 1765 2299 1809 vero
2315 1765 2366 1809 nos

389 1830 447 1896 sed
466 1850 566 1912 quum
584 1828 724 1894 sciamus
741 1826 861 1908 ubique
878 1825 1149 1890 orassaMinerva
1166 1825 1207 1890 ad
1229 1833 1358 1908 captum
1412 1845 1477 1888 nan
1495 1823 1589 1888 modo
1610 1827 1748 1909 ignavos
1769 1837 1912 1908 torpere,
1940 1827 1996 1891 sed
2014 1848 2114 1910 prope
2136 1830 2314 1910 exanimes,
2335 1839 2367 1894 ut

390 1915 481 1999 vulgi
504 1916 672 1995 loquutum
697 1933 782 1989 esee,
812 1920 846 1974 ot
866 1911 1012 1976 consulto
1035 1911 1230 1976 abstinuisse
1251 1931 1270 1974 a
1292 1911 1358 1976 dis·
1411 1930 1515 1991 neque
1543 1909 1641 1993 pedes
1671 1931 1776 1993 neque
1805 1933 1920 1976 manus
1949 1933 2047 1977 suurn
2075 1913 2197 1978 faciant
2224 1916 2365 1982 officium.

390 1999 611 2084 putationibus
635 1997 749 2077 acutis,
774 2017 856 2080 quae
878 1995 1020 2061 scholam
1038 2007 1071 2061 et
1094 1996 1267 2061 interiores
1285 1995 1358 2061 lite·
1411 1995 1460 2060 Aa
1483 1996 1618 2076 proinde
1640 1997 1765 2078 quoties
1787 1997 1994 2080 languemus,
2021 1997 2074 2062 vel
2097 1999 2296 2067 remissiores
2318 2023 2364 2066 su·

390 2107 444 2152 ras
472 2097 639 2168 saperent,
665 2081 748 2147 mihi
776 2101 978 2164 nequaquam
1002 2081 1181 2163 persuadeo
1208 2082 1269 2147 hoo
1289 2081 1358 2146 loco
1410 2101 1483 2145 mus
1504 2101 1602 2162 quam
1620 2091 1776 2164 oporteat,
1800 2082 1841 2147 ad
1865 2083 1948 2148 barra
1968 2105 2074 2164 opera,
2091 2085 2184 2150 nobis
2206 2097 2368 2152 occurrant

390 2179 519 2256 praeter
554 2191 650 2236 suum
679 2189 803 2233 morem
832 2168 1027 2251 geometriae
1054 2167 1233 2234 subtilitate
1261 2188 1356 2232 usum
1411 2166 1640 2247 promissiones
1669 2168 1746 2242 Dei,
1778 2189 1861 2251 quae
1889 2168 2077 2234 tarditatem
2103 2178 2249 2235 nostram
2278 2173 2367 2237 corri-

390 2279 469 2324 esse.
510 2256 608 2322 Oerte
636 2255 741 2337 capite
768 2253 874 2336 primo
904 2274 968 2316 non
998 2251 1151 2318 disseruit
1180 2261 1295 2336 arguta
1317 2251 1358 2316 de
1410 2261 1498 2334 gant.
1544 2250 1600 2317 Sia
1629 2250 1724 2336 (teste
1746 2253 1866 2331 Paulo,
1897 2254 1937 2319 ad
1961 2254 2083 2320 Ooloss.
2108 2257 2144 2334 1,
2173 2253 2209 2341 5)
2230 2261 2318 2340 viget
2336 2257 2366 2320 in

390 2344 496 2420 astris,
515 2358 553 2405 ut
564 2339 792 2423 philosophum
805 2337 945 2414 decebat,
965 2337 1021 2402 sed
1039 2337 1238 2421 populariter
1248 2360 1289 2402 ex
1301 2359 1356 2402 ru-
1409 2337 1529 2401 sanctis
1563 2337 1683 2404 caritas
1718 2349 1851 2421 propter
1885 2360 1976 2424 spem
2004 2341 2040 2404 in
2065 2340 2162 2406 coelis
2191 2343 2364 2425 repositam.

390 2427 646 2509 diumadspectu
659 2426 875 2508 potiusquam
890 2443 978 2488 exre
994 2424 1072 2505 ipsa,
1086 2423 1356 2488 solemetlunam
1409 2422 1606 2492 Praesertim
1617 2444 1697 2489 vero
1715 2446 1757 2489 ne
1774 2423 1926 2490 deficiant
1943 2427 1977 2489 in
1995 2424 2101 2491 medio
2118 2427 2237 2492 itinere
2254 2425 2367 2506 fideles,

391 2513 454 2578 duo
471 2511 648 2578 luminaria
664 2529 785 2594 magna
803 2509 941 2574 vocavit.
970 2508 1023 2573 Ita
1040 2509 1158 2592 ubique
1175 2509 1357 2592 perspicere
1409 2528 1540 2574 necesse
1562 2516 1612 2574 est
1634 2507 1732 2574 verbo
1753 2509 1817 2576 Dei
1839 2511 2039 2576 confirmari:
2060 2522 2098 2577 nt
2118 2523 2208 2576 certo
2230 2519 2367 2579 statuant

390 2599 475 2675 licet,
497 2597 626 2662 usitatis
644 2595 829 2661 nominibus
847 2615 900 2660 res
918 2595 1024 2659 omnis
1046 2595 1173 2676 generis
1195 2595 1294 2660 luisse
1317 2593 1356 2658 ab
1410 2614 1444 2658 se
1467 2615 1532 2658 non
1555 2607 1663 2658 aaroni
1687 2595 1868 2674 verberare,
1891 2607 1929 2659 ut
1951 2597 2141 2679 loquuntur:
2166 2597 2277 2662 sedin
2298 2620 2366 2680 pro

391 2707 428 2750 eo
463 2683 658 2764 designatas.
704 2680 878 2746 Caeterum
932 2680 983 2744 uis
1016 2691 1095 2744 tunc
1125 2680 1225 2744 fuerit
1255 2678 1357 2746 cubiti
1410 2680 1562 2744 missione
1580 2679 1642 2744 sibi
1660 2679 1736 2744 data
1752 2683 2002 2764 acquiescentes,
2024 2683 2129 2748 securi
2151 2682 2192 2747 de
2214 2704 2368 2759 successu,

390 2769 508 2836 modus
526 2770 655 2852 ignoro:
679 2767 755 2848 quia
772 2765 854 2829 mihi
871 2701 991 2830 suifiait
1013 2786 1079 2829 non
1101 2765 1236 2832 latuisse
1247 2765 1356 2831 Deum
1409 2773 1579 2830 vocantem
1589 2765 1697 2831 Deum
1714 2776 1899 2849 sequantur.
1933 2765 2087 2832 Tenenda
2103 2769 2205 2851 igitur
2224 2779 2272 2834 est
2291 2769 2368 2833 haec

391 2855 500 2942 (quem
534 2855 605 2919 sine
635 2851 858 2918 controversia
886 2851 1078 2933 primarium
1108 2870 1202 2916 araae
1228 2852 1355 2916 fabrum
1409 2851 1582 2928 connexio,
1605 2850 1691 2934 quod
1712 2865 1883 2934 postquem
1906 2853 2070 2936 praecepit
2087 2852 2179 2919 Deus
2198 2874 2289 2920 servo
2310 2873 2366 2918 suo

391 2939 545 3025 agnosco)
577 2958 712 3020 quarum
745 2957 855 3002 rerum
887 2956 990 3018 capax
1022 2947 1107 3001 esset
1138 2936 1227 3002 locus
1259 2957 1356 3019 quem
1409 2935 1505 3002 Noah
1526 2935 1605 3018 quid
1625 2936 1730 3002 lacere
1750 2937 1857 3022 ipsum
1882 2939 1975 3014 velit,
1998 2959 2061 3021 quo
2083 2937 2179 3004 illum
2200 2940 2261 3005 sihi
2280 2940 2367 3005 obse·

392 3045 568 3092 servosne
596 3023 774 3105 descripsit.
828 3019 864 3087 Si
891 3019 1183 3086 extraordinariam
1208 3022 1273 3087 Dei
1299 3042 1355 3104 po·
1409 3030 1561 3102 quantem
1580 3021 1706 3100 habeat,
1729 3033 1869 3088 testatur
1886 3045 1921 3089 ee
1944 3022 2024 3088 nihil
2041 3023 2165 3090 frustra
2186 3025 2227 3091 ab
2249 3047 2284 3091 eo
2300 3024 2366 3089 exi·

392 3112 529 3176 tentiam
562 3108 718 3174 excludas
754 3108 794 3172 ab
827 3107 887 3171 hac
918 3107 1070 3185 historia,
1099 3127 1207 3172 meras
1231 3108 1356 3173 fabulas
1409 3127 1494 3189 gere.
1540 3105 1677 3172 Summa
1698 3119 1809 3174 autem
1830 3111 1914 3192 paati
1944 3109 2052 3186 huius,
2082 3110 2122 3175 de
2144 3131 2209 3192 quo
2230 3110 2366 3194 loquitur

392 3198 520 3262 narrari
549 3195 647 3260 dices.
690 3192 792 3258 Nobis
814 3214 910 3274 vero,
940 3193 994 3274 qui
1014 3194 1154 3258 fatemur
1175 3193 1356 3258 incredibili
1409 3192 1534 3272 Moses,
1562 3201 1649 3270 erat,
1679 3193 1774 3259 Noah
1802 3193 1950 3259 futurum
1978 3195 2190 3274 incolumem,
2222 3196 2366 3280 quamvis

390 3281 547 3350 miraculo
575 3291 719 3346 servatas
741 3280 840 3344 fuisse
863 3278 978 3342 mundi
1001 3277 1169 3360 reliquias,
1196 3278 1277 3343 adeo
1300 3277 1355 3343 ab·
1409 3287 1495 3342 totus
1511 3278 1663 3344 mundus
1693 3278 1816 3346 diluvio
1844 3281 1973 3362 periret.
2018 3281 2132 3346 Tacita
2153 3282 2240 3346 enim
2262 3281 2366 3348 subest

392 3367 528 3434 surdum
554 3366 657 3431 videri
687 3386 751 3430 non
780 3363 875 3430 debet
904 3364 1007 3429 multa
1035 3363 1089 3430 hie
1111 3365 1224 3429 referri
1247 3363 1355 3445 prodi·
1409 3363 1588 3440 antithesis,
1610 3363 1694 3446 quod
1717 3373 1784 3429 toto
1806 3363 1927 3431 mundo
1949 3366 2084 3441 reiecto,
2113 3367 2275 3448 peculiare
2295 3389 2365 3432 san·

389 3457 457 3537 gia,
487 3463 526 3518 ut
554 3453 661 3536 potius
686 3449 761 3515 inde
783 3450 901 3515 melius
923 3449 1084 3532 refulgeat
1105 3470 1223 3516 arcana
1245 3448 1301 3513 illa
1323 3457 1357 3514 et
1408 3449 1473 3513 aire
1494 3447 1607 3514 foedus
1628 3449 1709 3514 velit
1726 3448 1887 3515 Dominus
1908 3471 1983 3516 cum
2006 3451 2101 3516 unico
2123 3451 2228 3518 Noah.
2262 3451 2366 3533 Quare

387 3537 725 3622 incomprehensibilis
751 3537 814 3601 Dei
846 3536 966 3611 virtus,
995 3556 1077 3617 quae
1101 3556 1214 3600 sensus
1243 3555 1356 3600 omnes
1406 3532 1491 3598 hanc
1518 3532 1581 3599 Dei
1613 3535 1874 3618 promissionem,
1908 3537 1958 3602 vel
1992 3534 2053 3600 boo
2085 3545 2237 3619 pactum,
2269 3539 2365 3603 instar

390 3635 519 3690 nostros
546 3625 642 3707 longe
671 3631 814 3703 superat.
858 3620 931 3686 Hoc
960 3621 1164 3704 Porphyrius
1191 3620 1243 3686 vel
1269 3623 1355 3703 quis·
1407 3620 1493 3684 muri
1529 3619 1624 3685 ferrei
1658 3641 1821 3705 apponere
1855 3620 1966 3686 debuit
1993 3621 2089 3688 Noah
2117 3633 2232 3689 eontra
2259 3644 2365 3690 omnes

390 3713 477 3792 piam
498 3709 582 3775 alius
599 3709 689 3774 oanis
706 3707 887 3772 tabulosum
909 3727 980 3772 esse
997 3705 1181 3790 obganniet,
1197 3707 1272 3788 quia
1289 3727 1355 3770 non
1407 3705 1522 3771 mortis
1548 3717 1705 3772 terrores:
1732 3705 1829 3772 sicuti
1856 3706 2028 3773 consilium
2048 3707 2112 3772 Dei
2141 3708 2205 3773 fuit
2231 3710 2365 3777 vitame

392 3807 528 3878 apparet
553 3795 654 3872 ratio,
682 3793 733 3859 vel
756 3792 831 3874 quia
852 3800 903 3858 est
922 3791 1108 3870 insolitum,
1136 3791 1188 3856 vel
1206 3791 1283 3874 quia
1304 3813 1355 3857 re-
1408 3800 1513 3855 morte
1546 3790 1608 3854 hoa
1641 3791 1709 3857 solo
1743 3794 1841 3858 verbo
1875 3793 2067 3870 discernere.
2124 3794 2262 3861 Pactum
2294 3815 2364 3860 sero

390 3887 516 3963 pugnat
535 3879 715 3945 communis
737 3877 816 3942 ordo
838 3887 981 3942 naturae.
1011 3877 1081 3960 Ego
1098 3897 1213 3960 rogero
1234 3886 1355 3956 contra,
1406 3875 1469 3942 heo
1487 3876 1557 3960 lege
1575 3897 1648 3941 aum
1666 3899 1703 3942 eo
1726 3879 1878 3954 sancitur,
1901 3887 1939 3943 ut
1960 3878 1994 3943 in
2017 3879 2087 3944 eius
2107 3883 2249 3962 gratiam
2266 3899 2366 3947 serva

391 3977 496 4030 totam
524 3965 611 4029 hano
631 3965 735 4028 Masis
763 3963 1000 4041 narrationem,
1027 3963 1089 4027 nisi
1116 3961 1281 4028 miraculis
1303 3984 1354 4027 re·
1407 3973 1460 4026 tur
1478 3961 1546 4026 eius
1568 3962 1702 4027 lernilia:
1726 3961 1843 4028 deinde
1865 3966 1960 4029 bruta
1981 3964 2135 4028 animalia
2156 3966 2198 4031 ad
2221 3986 2364 4049 reparan-

391 4052 476 4115 ferta
502 4059 603 4128 esset,
632 4046 784 4132 frigidam
806 4058 839 4114 et
860 4048 1017 4128 ieiunam,
1042 4056 1075 4114 et
1094 4047 1265 4114 ridiculam
1288 4049 1355 4113 lore
1406 4047 1483 4111 dum
1513 4068 1634 4112 novum
1661 4046 1830 4114 mundum.
1870 4047 1946 4134 Qua
1973 4049 2013 4114 de
2039 4070 2075 4115 re
2103 4049 2200 4134 plura
2228 4051 2366 4120 dicturus

393 4136 472 4200 dico.
520 4134 587 4215 Qui
615 4155 693 4199 vero
721 4134 912 4199 immensam
943 4132 1073 4199 divinae
1101 4134 1354 4216 omnipotentiae
1403 4153 1476 4198 sum
1494 4153 1562 4214 cap.
1582 4133 1611 4198 9.

391 4221 546 4306 abyssum
563 4221 599 4286 in
617 4219 679 4285 baa
695 4217 831 4284 historia
847 4219 1022 4302 reputabit,
1043 4229 1081 4284 ut
1100 4239 1158 4302 par
1180 4228 1237 4297 est,
1261 4239 1354 4284 reve·
1493 4219 1542 4304 19.
1566 4217 1609 4282 Ε1
1629 4237 1667 4284 ert
1689 4218 1774 4282 omui
1795 4218 1920 4284 vivente.
1953 4219 2117 4285 Animalia
2138 4225 2245 4290 omnis
2266 4223 2366 4289 carnis

390 4320 501 4372 renter
522 4306 628 4388 potius
650 4303 795 4388 stupebit
816 4325 912 4388 quam
935 4320 1084 4388 proterve
1106 4305 1220 4370 rideat.
1259 4304 1354 4385 Quod
1407 4312 1501 4370 voaat
1530 4305 1751 4386 cuiuscunque
1774 4303 1841 4369 sint
1863 4305 2002 4387 generis.
2044 4305 2131 4371 Bina
2153 4309 2365 4384 autemdicit,

391 4393 564 4477 allegoriae
596 4390 638 4456 ad
672 4391 797 4457 Christi
831 4410 948 4473 corpus
979 4391 1187 4474 Augustinus
1215 4392 1355 4474 figuram
1407 4410 1472 4454 non
1500 4388 1585 4471 quod
1614 4411 1718 4454 unum
1745 4411 1805 4474 par
1832 4389 1939 4455 solum
1968 4411 2009 4455 ex
2037 4393 2178 4476 singulis
2207 4395 2366 4478 speciebus

390 4498 485 4544 arcae
518 4477 634 4558 trahit,
662 4487 730 4540 tam
757 4475 811 4542 lib.
843 4475 882 4541 15
909 4475 949 4539 de
977 4475 1121 4541 Oivitate
1148 4475 1227 4552 Dei,
1258 4497 1353 4558 quam
1406 4485 1571 4557 receptum
1601 4475 1757 4540 fueritin
1786 4494 1908 4556 aream,
1936 4474 2045 4562 (paulo
2074 4485 2148 4559 post
2175 4482 2261 4545 enim
2282 4478 2365 4544 ride·

392 4565 432 4628 12
472 4563 628 4630 adversus
664 4562 841 4636 Faustum,
883 4561 1029 4627 consulto
1064 4571 1245 4643 praetereo,
1278 4561 1355 4644 quia
1406 4559 1514 4625 bimus
1543 4570 1637 4625 terna
1663 4560 1763 4625 fuisse
1789 4562 1896 4642 paria:
1922 4573 1955 4628 et
1985 4583 2085 4627 unum
2112 4575 2279 4647 praeterea
2297 4564 2366 4630 ani·

391 4650 473 4714 nihil
493 4650 558 4716 illia
580 4650 648 4714 fere
670 4647 796 4729 reperio
817 4647 919 4712 solidi.
951 4645 1112 4730 Origenes
1133 4648 1233 4711 etiam
1255 4647 1354 4712 auda·
1407 4646 1472 4710 mal
1501 4667 1542 4710 ex
1575 4645 1747 4730 generibus
1776 4645 1922 4724 mundis,
1955 4647 2040 4730 quod
2068 4647 2163 4713 Noah
2199 4665 2306 4736 postea
2334 4651 2366 4713 in

391 4736 460 4800 cius
488 4735 651 4818 allegoriis
678 4733 774 4797 ludit:
803 4731 860 4798 sed
889 4731 973 4796 nihil
993 4731 1107 4797 utilius
1129 4740 1179 4798 est
1201 4753 1299 4815 quem
1320 4733 1355 4796 in
1406 4733 1600 4797 sacrificium
1633 4730 1778 4816 offerret)
1810 4732 1868 4796 sed
1895 4733 1972 4814 quia
2003 4732 2055 4798 hic
2084 4743 2214 4800 tentum
2248 4737 2284 4802 da
2316 4757 2366 4799 so·

390 4821 535 4903 genuina
563 4841 672 4884 rerum
702 4821 893 4884 tractatione
915 4819 1073 4883 insistere.
1119 4821 1237 4884 Arcam
1256 4819 1355 4882 fuisse
1407 4816 1480 4882 bole
1513 4819 1551 4882 fit
1577 4818 1716 4894 mentio,
1754 4839 1910 4884 numerus
1939 4817 2058 4883 diserte
2087 4820 2234 4886 nondum
2262 4822 2366 4904 expri-

391 4906 544 4970 ecalesiae
562 4906 739 4988 imaginem
757 4915 882 4969 certum
905 4913 963 4980 est,
987 4913 1069 4969 teste
1088 4903 1186 4968 Petro
1215 4903 1258 4988 (1.
1281 4904 1352 4969 Pet.
1406 4903 1522 4967 mitur:
1560 4901 1616 4968 sed
1646 4913 1774 4967 tantum
1804 4923 1909 4968 mares
1940 4904 2133 4986 copulantur
2169 4928 2243 4972 aum
2277 4907 2367 4971 semi·

391 4991 420 5064 3,
439 4989 506 5076 21):
532 5012 643 5054 verum
662 4991 808 5072 singulas
825 4989 896 5054 eius
913 4999 1022 5071 partes
1044 4987 1084 5054 ad
1107 4990 1273 5055 ecelesiam
1297 5009 1354 5072 ap·
1406 4989 1471 5066 nis,
1497 5004 1535 5052 ut
1562 4987 1638 5052 inde
1667 4987 1827 5070 concipiat
1848 4989 1942 5053 Noah
1970 4989 2069 5055 totius
2097 4991 2211 5056 mundi
2241 5012 2366 5074 repara·

390 5087 470 5156 tare,
492 5077 626 5140 minime
648 5085 901 5141 consentaneum
924 5084 986 5140 est:
1011 5085 1047 5139 ut
1064 5095 1122 5140 suo
1144 5074 1214 5142 loeo
1236 5077 1354 5140 iterum
1405 5075 1535 5138 tionem.

390 5162 558 5244 attingam.
1491 5159 1541 5223 22.
1579 5158 1623 5224 Et
1648 5159 1722 5239 fecit
1751 5157 1851 5225 Noclt.
1902 5160 2063 5224 Brevibus
2091 5161 2223 5243 quidam
2251 5162 2364 5234 verbis.

476 5247 526 5312 18.
561 5245 605 5310 Et
638 5250 774 5310 emicem
808 5249 937 5327 paetum
969 5265 1071 5310 mecm
1102 5251 1207 5311 baum.
1269 5245 1355 5326 Quia
1404 5243 1461 5310 sed
1473 5246 1654 5328 plusquam
1671 5244 1843 5328 magnifice
1861 5245 1913 5309 hio
1927 5246 2035 5310 Moses
2051 5248 2255 5312 commendat
2270 5246 2365 5312 iidem

389 5333 561 5415 plusquam
585 5330 724 5397 difficilis
751 5343 822 5396 erat
843 5350 936 5396 areae
958 5331 1095 5410 l'abrioa,
1125 5341 1157 5396 et
1181 5333 1355 5397 innumera
1406 5329 1509 5396 Noah.
1554 5331 1719 5396 Mirantur
1747 5329 1889 5416 imperiti
1911 5331 1995 5414 quod
2017 5331 2180 5414 apostolus
2204 5333 2244 5398 ad
2264 5333 2364 5398 Hebr.
