4988 6192
107 423 164 491 385
753 421 1124 492 commandamus
1145 423 1195 490 IN
1217 421 1431 492 GENESIN.
2025 425 2090 492 386

106 633 172 680 cnm
193 611 297 676 fratre
318 630 431 694 pacem
452 607 612 676 redimere
634 627 700 676 non
722 609 878 676 tentavit:
907 611 953 676 sic
974 609 1068 676 uobis
1099 613 1175 680 'biis
1197 611 1353 679 messan.
1397 613 1427 678 2.
1451 611 1551 697 Serpa
1578 613 1657 679 code
1683 613 1720 678 ia
1749 611 1865 680 Podoo
1898 614 2016 694 Aram,
2045 614 2089 682 od

105 696 281 766 cavendum
299 703 349 764 cst
365 716 407 761 ue
424 694 494 761 ulla
511 695 619 762 earnis
636 693 856 776 commoditas,
877 694 931 762 vel
954 695 1069 762 mundi
1118 698 1244 764 mmum
1265 697 1398 764 Bottiaei
1414 699 1521 780 patric
1542 699 1654 764 matris
1672 703 1758 776 tuoe,
1788 703 1817 762 ot
1844 719 1919 780 eope
1940 699 1996 765 att
2016 700 2089 768 tots

107 783 269 850 illecebrae
299 801 358 848 nos
387 801 407 846 a
435 801 532 847 curan
565 780 745 847 vocationis
777 780 955 848 abducant:
989 781 1069 864 quin
1119 803 1245 849 swercin
1288 783 1326 848 de
1366 783 1495 866 filiabus
1538 783 1652 850 choa
1698 783 1812 865 fratris
1854 785 1966 852 mets
2007 790 2089 850 tuoe.

106 870 208 954 potina
239 888 360 953 magno
392 867 501 933 animo
538 865 682 932 feramus
721 866 830 932 varias
869 867 1069 946 mutationes,
1119 869 1150 935 3.
1172 869 1262 936 Deus
1283 875 1386 934 cutem
1411 868 1602 950 manipotom
1628 868 1784 935 benedicet
1812 867 1882 950 tibi,
1911 875 2090 937 otereseere

107 954 196 1022 mode
228 955 297 1036 spei
329 951 473 1020 anchora
503 951 597 1018 nobis
629 952 664 1017 in
691 950 779 1018 coelo
807 953 875 1018 fixa
902 953 1069 1020 consistat.
1118 956 1219 1038 faeiat
1239 959 1283 1034 to,
1312 959 1355 1020 et.
1368 954 1576 1038 mtdtipliooro
1603 954 1702 1036 faciet
1729 959 1773 1034 te,
1802 961 1831 1019 ot
1851 956 1898 1022 sis
1918 957 1954 1020 ia
1975 960 2090 1022 codem

106 1040 212 1122 Quum
234 1038 314 1106 dicit
329 1039 479 1105 Rebecca
499 1036 585 1103 hene
601 1037 693 1103 Esau
715 1037 968 1104 consolationem
990 1058 1070 1119 ease,
1113 1040 1313 1123 popalomm.
1362 1039 1393 1105 4.
1421 1038 1465 1105 Et
1490 1040 1540 1106 dot
1570 1039 1626 1104 tibi
1658 1039 1890 1106 benedictionem
1916 1041 2090 1122 Atratum,

106 1135 140 1194 ut
165 1127 301 1192 fratrem
327 1122 510 1202 interficiat,
543 1144 658 1190 seusus
690 1131 755 1202 est,
789 1142 856 1189 non
885 1144 979 1207 posse
1008 1124 1072 1190 alio
1118 1126 1176 1192 tibi
1193 1131 1222 1191 et
1237 1125 1352 1192 semini
1368 1130 1419 1190 tuo
1433 1130 1540 1204 tecam
1562 1131 1596 1189 ut
1613 1124 1799 1191 haereditate
1815 1127 1954 1209 occipias
1974 1131 2091 1193 mom

105 1211 194 1298 modo
217 1209 338 1294 placari
360 1229 457 1294 quam
478 1208 580 1293 impia
603 1207 710 1275 caede.
1113 1212 1401 1295 porepricctiommm
1419 1215 1555 1288 marma,
1577 1230 1672 1292 quom
1692 1211 1777 1278 dedit
1793 1209 1884 1278 Deus
1900 1212 1967 1293 ipsi
1985 1212 2092 1280 Atro

182 1297 236 1363 44
259 1294 380 1363 Habito
404 1314 476 1362 cmm
503 1314 537 1361 eo
558 1295 626 1360 dies
647 1294 773 1376 aliquot.
826 1294 899 1360 Hae
931 1293 1070 1360 eircum-
1119 1295 1201 1362 iam.
1246 1295 1276 1362 5.
1299 1295 1345 1361 Et
1364 1296 1452 1362 misit
1473 1295 1569 1362 Istoc
1590 1295 1742 1374 latomo,
1766 1301 1795 1361 et
1809 1297 1969 1380 prefectus
1989 1302 2034 1364 est
2054 1298 2091 1364 in

102 1384 220 1450 stantia
242 1382 371 1466 mitigat
392 1379 498 1447 exsilii
519 1378 739 1447 acerbitatem.
784 1379 868 1445 Nam
892 1378 934 1445 ad
956 1379 1069 1444 levan·
1122 1380 1236 1448 Padum
1256 1381 1361 1448 Aram
1381 1382 1424 1448 ed
1445 1380 1558 1448 Latos
1573 1381 1677 1462 [itiam
1698 1381 1830 1448 Rotae
1845 1385 2001 1450 Aramum·
2019 1383 2092 1467 fra·

102 1469 175 1535 dum
197 1469 234 1567 in
256 1467 353 1533 rebus
363 1464 521 1566 ,mversia
549 1485 729 1565 moerorem
757 1486 822 1530 non
843 1484 957 1548 parum
981 1464 1071 1531 valet
1118 1468 1177 1533 tris
1206 1466 1336 1545 Ribcoe,
1368 1468 1482 1567 metris
1511 1465 1644 1532 Iotoooi
1673 1471 1701 1532 ct
1727 1466 1828 1533 Eeocc
1877 1467 1914 1567 6.Ι
1937 1468 1980 1534 Et
2012 1469 2091 1536 vidit

102 1551 433 1705 tilttttti
459 1548 794 1718 subdititii*
811 1557 1070 1701 tillidi}
1119 1549 1642 1719 tfflttttltttttltt
1652 1549 1808 1704 silwiz
1826 1557 2092 1706 ww

99 1724 253 1791 absentia.
290 1721 453 1788 Hebraico
470 1721 666 1788 adverbum
686 1719 836 1803 habetur,
856 1721 1068 1788 unisdiebna.
1118 1723 1283 1791 coemendo
1310 1725 1355 1802 ci,
1426 1724 1590 1805 accepisset
1611 1724 1653 1803 ei,
1685 1724 1829 1790 diemde:
1859 1723 1932 1790 Noc
1959 1724 2093 1808 accipies

103 1811 224 1876 Verum
245 1807 410 1894 signifieat
429 1806 585 1886 Rebecca,
608 1806 806 1890 simulatque
826 1807 914 1872 ultro
935 1806 1070 1873 cesserit
1118 1829 1246 1876 morea
1262 1809 1300 1876 tc
1314 1809 1363 1891 m·
1459 1807 1614 1887 eamean,
1654 1808 1683 1873 i.
1702 1808 1747 1874 et
1762 1807 1942 1875 obedivissot
1956 1809 2094 1877 latooob

101 1893 210 1975 Iacob,
243 1894 434 1960 memoriam
463 1892 607 1958 offensae
627 1914 668 1958 ex
689 1891 787 1959 corde
808 1892 897 1958 Esau
926 1890 1069 1958 deletum
1114 1897 1206 1978 patri
1225 1915 1282 1962 sue
1303 1899 1333 1960 ct
1352 1894 1449 1961 mata·
1474 1913 1563 1973 saec,
1592 1899 1621 1960 et
1647 1893 1755 1960 ivisset
1782 1896 1817 1961 ia
1841 1893 1956 1962 Puden
1976 1896 2092 1962 Aram.

100 1982 154 2047 iri:
176 2001 218 2047 ae
238 1981 266 2046 si
289 1980 442 2045 dixisset:
465 1979 609 2044 'fantum
629 1977 796 2062 paulisper
813 1977 878 2043 alic
895 1986 929 2044 te
950 1979 1070 2058 confer,
1120 1981 1150 2048 8.
1181 1979 1297 2046 Vidmc
1312 1985 1478 2061 praetereo
1497 1979 1590 2045 Ecca
1610 1979 1695 2062 qaod
1714 1980 1817 2046 motae
1836 1981 1923 2062 tiliae
1946 1980 2093 2047 timaeo

98 2075 130 2133 et
149 2075 315 2133 momento
337 2062 523 2131 sedebimus
545 2064 615 2130 eius
635 2062 846 2129 iracundiam.
1119 2069 1156 2133 ic
1177 2065 1274 2132 ostis
1295 2063 1390 2131 Istoc
1413 2066 1520 2148 petris
1546 2065 1617 2130 cui:
1659 2063 1689 2130 9.
1716 2065 1803 2132 Tace
1831 2064 1908 2131 obiit
1928 2063 2021 2132 Esou
2049 2067 2093 2134 ot

179 2151 235 2218 45.
261 2148 377 2233 thaid
399 2149 528 2216 orbabor
550 2150 643 2216 otiam
665 2147 809 2215 actbobm
824 2147 912 2214 oebic
925 2148 976 2215 dic
993 2168 1068 2215 cna.
1121 2149 1249 2231 lenem,
1269 2155 1296 2217 et
1317 2153 1433 2233 aceepit
1454 2149 1622 2216 Mabolutb
1641 2151 1745 2232 filiam
1767 2151 1886 2217 isaael
1904 2151 1967 2234 titt
1988 2151 2093 2218 Abro-

97 2237 164 2304 Gur
197 2236 361 2320 duplieem
392 2235 565 2302 orbitatem
604 2235 736 2302 metuit*
754 2231 925 2300 Rebecca?
965 2254 1070 2317 neque
1119 2237 1193 2303 bom
1218 2257 1356 2304 sororem
1387 2235 1551 2314 Nobeiott,
1583 2255 1678 2317 super
1706 2256 1820 2302 maeres
1846 2257 1938 2315 mos,
1968 2237 2030 2302 sibi
2056 2239 2093 2302 im

98 2323 183 2422 enim
196 2321 390 2422 ‘perieulum
412 2329 485 2386 erat
507 2328 544 2387 ut
563 2318 671 2399 Iacob,
695 2327 762 2384 tam
781 2317 912 2419 placide
933 2319 1070 2419 mitique
1119 2343 1258 2390 acorem
1305 2320 1644 2388 101omooooeroe
1681 2341 1771 2388 ossus
1791 2326 1835 2423 cst
1857 2342 1873 2422 e
1894 2322 2091 2404 Beer-socae,

96 2406 980 2578 titiitgttttttttt..ft‘tttlt‘ttt
1001 2405 1070 2557 lt
1114 2412 1308 2576 lem
1327 2406 1905 2579 tt,ttt·.ti..ttttttts
1919 2409 2094 2575 ittet

98 2580 238 2647 ultorem
261 2584 393 2644 statuat.
439 2575 566 2642 Deinde
587 2577 739 2660 quamvis
761 2573 949 2659 adtempus
972 2573 1066 2642 dissi·
1119 2580 1178 2645 bes
1198 2580 1269 2659 loci,
1292 2584 1320 2644 et
1335 2579 1447 2661 poscit
1466 2577 1522 2643 sab
1542 2579 1643 2660 eapte
1663 2596 1737 2658 sco,
1760 2584 1788 2644 et
1808 2579 1956 2645 dormivit
1976 2579 2011 2643 ia
2032 2579 2095 2645 ioco

96 2665 367 2744 muletDeus,ac
384 2660 737 2746 iudiciumauspendat‚
756 2661 1069 2728 necessetamenilli
1119 2665 1229 2731 eodem.
1283 2665 1333 2730 12.
1362 2664 1407 2730 et
1434 2663 1616 2740 somniavit,
1646 2667 1674 2728 et
1701 2683 1763 2730 eece
1789 2663 1877 2730 aceio
1903 2669 2001 2730 erecto
2027 2669 2095 2731 erat

95 2752 288 2818 marcesco
305 2748 469 2834 parricida
485 2746 672 2814 subducere.
706 2747 761 2812 Ex
778 2747 836 2812 illc
853 2747 963 2831 itaque
975 2760 1069 2812 natu·
1119 2769 1214 2833 saper
1234 2755 1365 2829 terram
1396 2753 1423 2815 et
1443 2753 1539 2830 eaput
1558 2749 1628 2813 eius
1648 2748 1790 2832 tompebot
1809 2749 1940 2830 coelam
1969 2755 1998 2816 et
2018 2769 2090 2831 ecee,

95 2837 243 2936 rac’iure
261 2834 456 2933 pronunciat
467 2854 502 2900 ae
518 2833 650 2917 penitus
667 2831 881 2932 orbam-fore:
904 2833 981 2916 quia
992 2852 1068 2898 eum
1121 2837 1222 2920 ampeli
1261 2836 1325 2902 Dei
1364 2833 1564 2901 mmmmm
1602 2839 1631 2898 ct
1667 2833 1884 2902 domnamant
1916 2855 1977 2936 pet
2012 2857 2091 2902 emm

91 2916 1069 3103 113ἓῗῗὲἓὲἓέῗὲἰξᾝῖ11ξέ11131ζὲῗὲᾯὲἓὲιῖ
1120 2921 1239 3074 itti
1260 2920 1370 3074 ioems
1365 2919 1708 3087 1111111.ῗῖ
1708 2939 1830 3086 stimet
1848 2921 2094 3074 ‘idisti

94 3093 256 3172 Rebecca,
274 3101 308 3157 et
323 3090 519 3157 homicidam
537 3089 732 3156 exterminio
743 3089 881 3169 addixit,
897 3088 983 3172 quod
995 3109 1068 3173 per·
1119 3098 1234 3159 torrmm
1255 3113 1349 3176 smper
1369 3111 1465 3174 quem
1486 3097 1520 3156 tc
1536 3091 1663 3170 dormis
1684 3091 1741 3156 tibi
1762 3091 1840 3158 dabo
1855 3097 1885 3157 et
1900 3093 2013 3157 semini
2029 3098 2091 3159 tuo.

94 3198 192 3246 suasa
205 3184 433 3244 essettantum
444 3176 630 3243 scelusnon
648 3175 717 3240 lore
734 3173 946 3258 impunitum:
966 3174 1069 3240 multo
1121 3179 1171 3244 14.
1195 3178 1240 3244 Et
1260 3179 1320 3244 orit
1340 3197 1442 3243 senec
1462 3182 1551 3242 taam
1571 3176 1652 3241 sieut
1666 3176 1777 3258 pelvis
1798 3181 1912 3257 torae
1939 3183 1969 3243 ot
1989 3178 2095 3244 matti·

92 3265 207 3330 minus
229 3262 270 3329 ad
288 3260 460 3329 manifesta
472 3261 537 3327 Dei
555 3262 599 3326 fla
624 3259 688 3326 ella
705 3260 881 3327 connivere
894 3279 953 3326 nos
966 3259 1067 3327 decet.
1115 3265 1285 3349 plicaberis
1306 3264 1349 3330 cd
1369 3263 1557 3340 occidentem,
1577 3265 1605 3325 et
1626 3261 1669 3326 ad
1689 3262 1841 3341 ocientem,
1864 3263 1955 3328 etad
1975 3264 2093 3347 spado

177 3351 235 3416 46.
256 3347 351 3414 Dicit
371 3346 471 3412 Rem
492 3347 535 3414 cd
556 3345 594 3412 Is
652 3397 660 3412 .
705 3345 815 3428 Quum
844 3354 955 3429 posset
978 3345 1068 3412 clau·
1118 3370 1198 3428 nem,
1220 3355 1248 3415 et
1269 3350 1311 3417 od
1332 3348 1510 3414 meridien:
1530 3352 1558 3412 et
1579 3346 1790 3414 benedicentur
1811 3349 1846 3412 in
1867 3353 1895 3414 te
1915 3369 2020 3415 onmes
2038 3351 2092 3433 sa·

88 3435 205 3501 culum
231 3435 388 3517 aufugere
408 3430 524 3512 Iacob,
552 3439 659 3498 mater
680 3438 791 3498 tamen
812 3431 862 3496 illi
889 3429 1068 3498 discessum
1119 3436 1228 3502 maiae
1248 3441 1367 3513 mosoc,
1396 3438 1424 3498 ot
1446 3433 1480 3499 in
1500 3433 1616 3499 semino
1636 3437 1696 3499 tao.
1743 3431 1792 3497 15.
1812 3432 1855 3497 Et
1875 3453 1939 3501 cccc
1959 3455 2030 3499 cum
2051 3440 2093 3500 to

90 3541 111 3586 a
131 3530 231 3604 patre
250 3520 414 3602 impetrat.
459 3515 517 3586 Sic
537 3517 626 3584 enim
648 3517 772 3583 terebat
788 3515 871 3583 bene
892 3517 1070 3600 composita
1118 3541 1201 3602 mm,
1230 3527 1258 3587 et
1278 3519 1449 3587 custodiam
1470 3524 1499 3584 to
1519 3537 1707 3602 quocumque
1730 3517 1889 3600 profectus
1916 3519 2033 3601 fucris,
2064 3525 2094 3584 ot

88 3606 302 3692 oeconomiae
326 3605 409 3672 ratio
430 3614 463 3671 et
492 3603 674 3687 disciplina.
719 3601 817 3685 Quod
839 3608 947 3668 autem
970 3603 1088 3676 aliam,
1118 3607 1223 3672 redire
1241 3607 1362 3691 faeiem
1382 3611 1410 3672 te
1431 3605 1473 3670 od
1494 3609 1611 3670 terram
1637 3603 1734 3669 cano:
1761 3605 1838 3686 quio
1865 3625 1930 3670 mec
1958 3606 2091 3672 derelin-

88 3711 229 3760 cansam
258 3691 420 3774 praetexit
447 3687 536 3774 apud
564 3688 736 3768 maritum,
763 3687 914 3754 excusari
935 3708 955 3753 a
976 3709 1069 3754 meu·
1119 3713 1214 3774 quom
1251 3697 1296 3770 te,
1335 3691 1429 3757 doceo
1464 3689 1584 3772 faciam
1621 3689 1704 3771 qaod
1741 3689 1886 3771 bouem
1922 3710 1994 3756 acm
2025 3689 2090 3756 tibi.

87 3776 183 3844 dacio
206 3783 330 3862 petest,
359 3775 436 3859 quia
457 3795 563 3858 neque
585 3781 708 3852 totum,
741 3792 848 3856 neque
874 3771 958 3838 nibil
980 3771 1067 3840 dieit.
1121 3779 1171 3845 16.
1194 3777 1319 3844 Deinde
1339 3776 1573 3859 eaperpesootcs
1592 3779 1638 3841 cst
1655 3773 1790 3842 Iotocob
1807 3797 1829 3841 o
1850 3795 1955 3841 scinco
1975 3795 2041 3854 sco,
2064 3781 2093 3841 et

88 3863 237 3929 Minime
266 3862 400 3928 dubium
422 3869 473 3927 eat
494 3859 571 3944 quin
595 3880 675 3926 vere
703 3858 845 3925 affirmet
866 3879 902 3925 se
931 3859 1069 3925 eruciari
1119 3865 1218 3930 dixit:
1246 3861 1322 3929 Vcrc
1343 3868 1387 3928 est
1409 3861 1523 3927 lebooo
1540 3862 1577 3925 in
1593 3859 1656 3927 ioco
1676 3861 1753 3936 icto,
1781 3865 1882 3944 stepo
1909 3860 2091 3927 nesciebam.

84 3949 128 4016 ob
147 3969 259 4016 nurus
276 3947 443 4014 Hethacas
460 3966 564 4029 usque
581 3944 623 4010 ad
640 3945 728 4013 vitae
750 3944 908 4011 taedium:
931 3944 1069 4011 interius
1121 3950 1172 4016 1‘1.
1197 3949 1317 4015 Tiomit
1343 3968 1430 4032 erpo,
1460 3951 1488 4011 et
1507 3946 1605 4011 dicit:
1630 3946 1730 4026 &som
1757 3945 1909 4010 terribilis
1936 3950 1981 4011 est
2007 3946 2093 4013 locta

88 4055 168 4102 vcro
203 4032 331 4099 malum
364 4030 543 4116 prudenter
573 4031 674 4110 celat,
711 4052 753 4097 ne
785 4029 906 4096 lethale
938 4030 1070 4116 infligat
1119 4037 1198 4101 isto!
1217 4055 1278 4100 moa
1294 4038 1338 4100 est
1354 4033 1404 4099 bie
1420 4032 1486 4097 cisi
1501 4032 1611 4097 domus
1628 4029 1700 4110 Dei,
1723 4036 1753 4096 ct
1767 4029 1818 4096 bic
1834 4035 1879 4096 est
1893 4035 1987 4112 porto
2005 4031 2090 4098 coeii.

86 4122 212 4187 marite
244 4119 381 4186 vulnus:
415 4116 531 4183 deinde
551 4137 594 4182 ne
616 4115 721 4200 magis
742 4117 924 4183 inflammet
944 4114 1068 4182 rabiem
1122 4122 1172 4188 18.
1204 4119 1349 4186 summit
1376 4123 1479 4186 cutem
1505 4115 1640 4182 Iabooob
1668 4137 1775 4194 mono,
1803 4121 1831 4180 ot
1856 4115 1927 4180 tciit
1953 4116 2091 4198 lapidem

85 4206 199 4272 Esau:
233 4212 270 4271 ut
290 4224 387 4288 saepe
415 4203 523 4287 impii,
557 4222 657 4286 quum
685 4199 849 4270 detectum
878 4209 929 4268 est
956 4222 1067 4268 eorum
1119 4227 1209 4290 quom
1220 4209 1371 4289 posuerat
1386 4205 1443 4270 sub
1459 4203 1560 4284 eapite
1576 4222 1641 4280 mo,
1663 4207 1691 4266 et
1701 4201 1812 4282 posuit
1822 4221 1890 4266 eum
1901 4202 2092 4285 instotuom,

88 4293 219 4371 scelus,
248 4289 474 4374 desperatione
501 4289 606 4372 magis
628 4287 817 4354 efferantur.
862 4287 935 4353 litai
957 4295 1067 4353 autem
1118 4298 1147 4358 ot
1168 4292 1277 4375 offudit
1305 4290 1404 4356 oleam
1424 4309 1525 4371 capro
1553 4288 1761 4353 summitatem
1782 4287 1859 4353 eius.
1906 4286 1956 4353 19.
1979 4287 2025 4352 Et
2042 4309 2094 4353 oo·

83 4377 204 4461 pravis
244 4396 389 4442 nuruum
420 4375 565 4441 moribus
596 4373 719 4440 factum
752 4384 802 4440 est
834 4381 871 4438 ut
902 4372 1068 4440 Rebeccae
1118 4379 1200 4444 coeit
1225 4397 1334 4443 mewa
1354 4376 1412 4442 ioci
1439 4375 1544 4458 ipsius
1566 4372 1703 4452 Recto,
1733 4378 1763 4437 ct
1787 4371 1913 4453 quiden
1935 4373 2007 4438 Lus
2023 4380 2092 4440 orat

82 4461 202 4529 odiosa
221 4463 266 4528 sit
283 4461 382 4527 totius
403 4461 511 4546 gentis
532 4458 685 4538 affinitas,
709 4461 743 4525 in
765 4481 803 4526 eo
820 4468 930 4524 tamen
953 4478 1068 4525 rursus
1119 4483 1227 4530 nomon
1245 4462 1335 4528 corbis
1350 4462 1453 4542 price.
1488 4460 1540 4526 20.
1561 4460 1616 4525 Ao
1632 4457 1706 4523 boec
1725 4457 1807 4523 vovit
1823 4455 1957 4523 Iolcoceb
1978 4464 2089 4540 cetum,

81 4549 213 4614 enituit
240 4545 400 4614 mirabilis
420 4547 485 4612 Dei
511 4545 733 4630 providentia,
755 4544 840 4630 quod
862 4563 897 4610 se
919 4565 986 4609 nou
1007 4544 1067 4609 im·
1118 4549 1261 4617 diemde:
1285 4545 1322 4613 Si
1342 4547 1439 4629 faerit
1460 4543 1574 4612 Iobooc
1594 4543 1683 4610 Das
1703 4563 1834 4621 mecam,
1863 4548 1893 4607 et
1911 4545 2091 4610 custodierit

83 4635 226 4701 miscuit
247 4653 353 4718 neque
374 4631 539 4716 implicuit
555 4631 653 4698 Iacob
672 4651 745 4698 eum
771 4631 892 4697 futuris
914 4629 1068 4696 eeclesiae
1119 4657 1167 4702 mo
1187 4636 1223 4700 io
1243 4635 1297 4700 oio
1316 4633 1380 4699 teo
1400 4652 1495 4714 qaam
1523 4649 1576 4714 opo
1603 4629 1775 4713 inprodior,
1808 4633 1837 4693 et
1863 4629 1982 4694 dederit
2010 4629 2090 4696 mibi

83 4718 254 4787 hostibus.
1113 4741 1230 4804 pamm
1252 4719 1295 4786 od
1315 4718 1508 4797 vescendam,
1530 4721 1557 4782 et
1576 4715 1791 4781 vestimentem
1812 4714 1855 4779 ad
1874 4715 2088 4796 operiendum:

1118 4809 1169 4874 21.
1193 4806 1238 4872 Et
1258 4825 1400 4872 reversus
1419 4803 1509 4885 foere
1530 4802 1565 4866 in
1579 4820 1661 4882 paco
1680 4800 1724 4865 od
1743 4800 1868 4864 domam
1888 4801 1996 4881 patris
2016 4803 2087 4882 mei,

1117 4896 1178 4960 erit
1199 4893 1314 4958 Iobooo
1342 4889 1421 4955 miti
1447 4890 1483 4955 im
1503 4887 1617 4952 Deum.
1661 4885 1712 4951 22.
1730 4885 1775 4951 et
1800 4885 1886 4964 topic
1913 4886 1970 4952 istc
1997 4906 2087 4968 mrem

1113 4982 1208 5063 pomi
1228 4981 1264 5045 in
1285 4981 1430 5056 amcam,
1450 4973 1511 5040 em't
1530 4973 1640 5039 domus
1661 4971 1739 5036 Dei:
1770 4974 1798 5034 ot
1826 4989 1913 5035 como
1933 4973 2017 5054 quod
2036 4971 2087 5038 dc-

411 5057 562 5126 ΟᾹΡΠΤ
583 5056 752 5125 XXVIII·
1114 5064 1202 5133 deris
1221 5063 1310 5142 miti,
1332 5059 1512 5128 decimando
1532 5057 1688 5124 deciombo
1709 5055 1788 5122 illud
1808 5055 1873 5121 att.

174 5229 209 5296 1·
242 5229 366 5296 mom
394 5251 464 5314 ereo
485 5229 579 5295 Istoc
600 5226 751 5306 Immo,
785 5226 993 5296 omnmo
1021 5230 1065 5295 o.-
1202 5237 1230 5302 1.
1261 5234 1386 5301 rosam
1402 5251 1472 5315 opo
1494 5228 1590 5296 Istoc
1609 5227 1710 5306 oaoo,
1733 5232 1761 5292 o
1781 5225 1942 5292 camec.
1979 5225 2088 5308 Quas.

71 5313 630 5486 fflwffidiffiefflg
648 5313 752 5396 ⁶⁰95&
772 5333 904 5382 “mm
921 5316 959 5382 (3⁶
978 5314 1063 5398 filia·
1113 5323 1197 5388 nitur
1220 5343 1261 5388 an
1291 5320 1364 5386 ideo
1390 5314 1475 5402 quod
1501 5315 1634 5381 infirma
1661 5323 1747 5381 esset
1774 5315 1880 5473 priog5
1893 5310 2084 5396 benedictio,
