5022 6192
358 466 429 532 xx
1178 447 1543 538 aeonaeouarts.

514 653 567 720 De
590 655 833 722 Commentario
860 658 894 721 in
918 656 1064 723 Genesin
1095 677 1161 722 non
1191 669 1242 724 est
1268 680 1328 725 our
1354 660 1509 726 lectorem
1539 680 1714 725 moremur.
1761 658 1918 744 Sequitur
1946 671 2040 728 autor
2069 660 2217 727 ordinem
2240 680 2349 728 rerum

357 765 446 831 ¹sicut
467 766 502 830 iu
525 766 703 850 archetypo
725 770 890 850 expositae
920 782 996 834 sunt
1024 783 1057 833 et
1083 769 1179 836 unice
1206 772 1241 835 iu
1271 771 1462 854 explicando
1485 779 1577 836 textu
1606 783 1702 854 atque
1728 774 1762 835 in
1785 771 1981 840 vindicanda
2008 773 2211 855 providentia
2233 770 2297 836 Dei
2318 777 2351 833 et

358 878 530 942 sanctitate
552 878 812 960 patriarcharum
835 889 1001 957 versatur,
1031 901 1143 945 earum
1173 901 1291 963 nempe
1314 878 1541 948 difficultatum
1570 883 1605 948 in
1627 904 1707 966 quas
1731 885 1832 949 serior
1854 893 1943 950 aetas
1972 886 2004 949 in
2028 881 2255 968 dignoscendis
2277 880 2350 945 libri

358 987 540 1071 originibus
561 989 677 1054 incidit
699 989 836 1056 candide
858 992 1002 1074 ignarus.
1046 991 1173 1057 Verum
1194 993 1300 1076 operis
1322 994 1420 1060 huius
1443 993 1585 1078 dignitas
1607 1016 1672 1060 non
1695 1015 1736 1058 ex
1759 995 1819 1062 hoe
1842 994 1967 1063 delectu
1990 995 2191 1062 aestimanda
2213 1003 2273 1068 est,
2295 990 2351 1056 sed

356 1100 464 1182 potius
487 1100 562 1165 inde
585 1100 842 1166 commendanda
864 1102 949 1184 quod
972 1103 1121 1185 plurimis
1143 1105 1177 1168 in
1200 1104 1277 1170 locis
1299 1106 1427 1170 saniore
1448 1102 1566 1171 iudicio
1586 1127 1666 1172 usus
1688 1119 1737 1170 est
1758 1115 1852 1171 autor
1875 1129 1971 1190 quam
1993 1109 2077 1192 qood
2101 1119 2228 1172 veteres
2250 1105 2352 1168 inter-

357 1220 467 1294 protes
496 1211 731 1289 adhibuerunt,
762 1213 812 1278 vel
842 1212 882 1278 ab
904 1214 1000 1279 istius
1031 1216 1103 1280 aevi
1134 1215 1320 1282 homiuibus
1347 1218 1596 1299 exspectaveris.
1642 1216 1814 1282 Caeterum
1845 1219 2019 1302 unicuique
2048 1219 2146 1302 capiti
2174 1215 2351 1284 seeundum

357 1321 527 1405 vulgarem
551 1324 760 1405 partitionem
783 1326 994 1407 transscripta
1017 1345 1109 1390 suam
1131 1326 1392 1409 explanationem
1416 1327 1546 1393 subiicit
1573 1350 1631 1412 per
1659 1327 1802 1412 singulos
1825 1351 1952 1406 versus,
1984 1331 2167 1412 ubicunque
2195 1329 2252 1393 tali
2276 1347 2354 1393 cura

359 1452 441 1515 opus
463 1443 542 1507 erat,
566 1435 646 1499 satis
668 1434 740 1499 fuse
763 1434 999 1502 decurrentem.

517 1544 627 1632 Aliam
650 1545 747 1629 plane
769 1548 929 1612 rationem
952 1548 1014 1614 sibi
1037 1547 1235 1630 sequendam
1264 1551 1432 1632 proposuit
1460 1552 1495 1616 in
1524 1562 1662 1635 quatuor
1683 1552 1820 1616 caeteris
1843 1552 1933 1617 libris
1956 1551 2187 1632 Pentateuchi‚
2217 1570 2299 1635 quos
2321 1552 2354 1615 in

361 1655 579 1722 Harmoniam
602 1678 699 1742 quam
722 1665 817 1724 vocat
838 1657 972 1743 digessit
994 1660 1174 1732 συνοπτικῶς
1195 1659 1432 1727 illustrandam.
1478 1661 1587 1744 Quam
1616 1661 1806 1728 methodum
1830 1663 1899 1747 ipse
1929 1663 2098 1747 praevidet
2120 1685 2139 1728 a
2161 1661 2355 1746 quibusdam

362 1768 585 1852 vituperatum
607 1768 659 1850 iri,
682 1770 774 1854 quasi
797 1781 918 1836 temere
941 1770 1088 1837 ordinem
1111 1793 1131 1837 a
1152 1772 1269 1855 spiritu
1292 1781 1417 1852 sancto,
1440 1775 1496 1856 qui
1518 1775 1632 1840 Mosen
1654 1775 1690 1840 in
1712 1771 1879 1840 condendo
1901 1796 1958 1841 suo
1981 1774 2087 1840 codice
2110 1773 2237 1853 direxit,
2261 1794 2355 1857 prae·

361 1879 520 1962 scriptum
543 1880 717 1947 emendare
739 1883 800 1948 sibi
822 1884 1104 1965 praesumpsisset.
1150 1882 1238 1949 Sane
1267 1884 1295 1948 si
1323 1883 1356 1948 id
1385 1895 1514 1950 tantum
1546 1887 1615 1951 eius
1645 1886 1815 1952 eonsilium
1845 1885 1960 1952 luisset
1987 1897 2025 1951 ut
2052 1887 2122 1950 loca
2142 1884 2301 1968 parallela
2322 1887 2354 1948 in

361 1994 595 2057 commentario
618 2015 677 2058 suo
699 1994 798 2058 simul
821 2002 989 2074 tractaret,
1015 2016 1108 2060 nemo
1131 1995 1256 2077 estqui
1279 2017 1343 2060 non
1366 1995 1515 2061 laudaret
1537 1997 1634 2062 talem
1658 2007 1826 2075 conatum,
1857 1999 1999 2062 maxime
2021 2008 2180 2080 quantum
2202 1997 2243 2062 ad
2266 1997 2355 2081 leges

360 2103 448 2168 inter
477 2125 512 2170 se
541 2104 753 2170 conferendas
782 2113 976 2190 spectasset,
1016 2129 1098 2191 quae
1127 2107 1247 2191 passim
1278 2109 1433 2190 repetitae
1465 2117 1580 2174 auctae
1609 2107 1799 2174 emendatae
1829 2120 2011 2176 occurrunt.
2063 2111 2147 2175 Nam
2177 2111 2230 2176 vel
2260 2108 2355 2175 hodie

360 2223 493 2298 propter
516 2235 629 2282 causas
651 2217 785 2284 maioris
804 2218 902 2282 etiarn
925 2221 1082 2284 momenti
1103 2218 1243 2286 eundem
1266 2220 1430 2284 tramitem
1453 2221 1546 2302 sequi
1568 2219 1716 2286 solemus.
1746 2221 1878 2287 Verum
1897 2221 1993 2303 plane
2012 2221 2109 2299 aliud,
2132 2221 2229 2304 idque
2252 2221 2357 2287 multo

360 2326 582 2408 artificiosius,
612 2343 645 2392 et
673 2337 711 2394 ut
738 2330 785 2394 ita
814 2329 959 2396 dicamur
986 2330 1141 2397 audacius
1170 2352 1343 2415 aggressus
1374 2341 1474 2396 totam
1505 2333 1673 2396 materiam
1704 2349 1843 2416 quatuor
1871 2333 1937 2397 illis
1960 2333 2179 2428 voluminibus
2209 2354 2357 2416 compre-

356 2437 495 2504 hensam
518 2460 581 2504 non
606 2440 711 2506 solum
733 2442 767 2506 iu
791 2463 913 2507 novum
941 2440 1089 2508 ordinem
1112 2441 1237 2526 redegit
1266 2441 1306 2508 ab
1334 2441 1404 2526 ipso
1434 2444 1670 2528 excogitatum,
1701 2443 1877 2509 sedetiam
1906 2445 1939 2509 in
1968 2445 2156 2510 innumeras
2185 2444 2356 2524 sectiones,

355 2550 500 2633 adeoque
522 2553 699 2634 particulas
719 2564 752 2617 et
774 2553 959 2638 fragmenta
980 2553 1107 2618 minimi
1137 2555 1278 2618 ambitus
1308 2553 1477 2637 discerpsit
1506 2569 1543 2619 ut
1570 2555 1779 2620 authenticus
1808 2556 1892 2621 sacri
1919 2558 2026 2637 operis
2049 2571 2143 2622 tenor
2165 2557 2300 2620 omnino
2323 2577 2357 2621 se

346 2660 485 2726 lectoris
508 2661 610 2742 oculis
632 2664 800 2730 subducat.

508 2773 559 2838 Ne
582 2784 693 2840 tamen
716 2777 880 2842 immerite
902 2785 1048 2841 nostram
1071 2796 1241 2842 censuram
1269 2776 1346 2843 huic
1368 2776 1570 2842 Harmoniae
1597 2779 1806 2860 praemittere
1829 2777 2014 2862 videamur,
2044 2780 2187 2845 tabulam
2219 2778 2356 2844 illarum

355 2885 537 2950 sectionum
560 2887 629 2952 sive
652 2900 861 2972 conspectum
884 2889 1038 2956 exhibere
1060 2889 1153 2968 libet,
1183 2908 1220 2955 eo
1249 2889 1355 2972 magis
1384 2890 1606 2954 necessarium
1634 2889 1719 2973 quod
1749 2891 1819 2972 ipse
1847 2901 1941 2956 autor
1963 2892 2114 2974 nuspiam
2138 2890 2195 2956 tali
2217 2889 2356 2956 admini-

354 2995 428 3062 culo
450 2998 615 3080 proposito
638 2999 767 3066 lectoris
789 3000 1009 3066 commoditati
1035 3000 1195 3065 inservire
1217 2998 1353 3064 studuit.
1399 3000 1512 3065 Primo
1540 3000 1780 3066 distinctionem
1810 3001 1888 3068 facit
1917 3002 2003 3066 iuter
2032 3001 2200 3067 historiam
2224 3011 2256 3067 et
2278 3003 2357 3068 doc·

353 3107 485 3172 trinam.
530 3108 627 3173 Illam
650 3119 805 3193 exparte
828 3113 861 3177 in
883 3112 1119 3195 fronteoperis
1142 3119 1446 3195 tractat,exparte
1469 3111 1509 3176 ad
1532 3113 1652 3178 calcem
1675 3113 1789 3178 relicit.
1826 3113 2017 3178 Doctrinom
2040 3134 2118 3178 vero
2141 3112 2181 3177 ad
2204 3133 2357 3178 normam

356 3217 465 3284 decem
488 3231 736 3304 praeceptorum
759 3244 783 3288 s.
806 3223 963 3310 Dsealogi
986 3223 1097 3309 exigit,
1120 3223 1199 3288 satis
1219 3232 1363 3288 contorte
1385 3222 1514 3307 quidem
1544 3235 1576 3288 et
1606 3224 1710 3289 iuvita
1739 3245 1850 3289 rerum
1873 3232 2002 3302 natura,
2033 3224 2080 3289 ita
2108 3233 2144 3288 ut
2165 3224 2356 3306 saepissime

353 3331 482 3396 mireris
505 3353 567 3414 quo
588 3343 682 3416 pacto
705 3335 843 3418 singulis
865 3335 1003 3421 legibus,
1025 3335 1169 3401 maxime
1199 3333 1239 3400 iis
1269 3355 1350 3417 quae
1380 3336 1420 3400 ad
1448 3357 1554 3402 mores
1582 3335 1769 3402 formandos
1798 3345 1830 3401 et
1852 3335 1916 3401 Dei
1938 3336 2062 3401 cultum
2086 3357 2153 3403 non
2173 3337 2353 3419 pertinent,

353 3433 444 3499 locus
466 3457 544 3500 suus
563 3437 698 3518 reperiri
716 3438 867 3519 potuerit.
902 3439 993 3504 Haec
1011 3439 1133 3505 scillcet
1150 3458 1199 3508 est
1211 3444 1322 3510 Nostri
1341 3448 1510 3530 sagacitas,
1532 3447 1593 3514 hoc
1615 3447 1739 3530 ingenii
1759 3467 1894 3512 acumen
1913 3447 2010 3511 etiam
2031 3447 2162 3512 aliunde
2184 3449 2356 3532 cognitum

353 3566 413 3611 nec
436 3567 579 3630 uuquam
603 3550 683 3613 satis
706 3546 889 3628 laudatum,
920 3558 957 3614 ut
978 3571 1092 3616 norma
1113 3553 1177 3619 ista
1198 3555 1299 3622 semel
1321 3559 1426 3640 posita
1448 3577 1562 3623 omnes
1592 3571 1625 3624 et
1652 3559 1799 3643 singulas
1828 3559 1989 3626 mosaicae
2013 3559 2094 3644 legis
2115 3560 2289 3642 particulas
2314 3560 2356 3627 ad

353 3678 456 3722 unum
479 3667 537 3722 aut
558 3659 697 3724 altorum
719 3659 875 3746 Deoalogi
897 3672 994 3745 caput
1015 3661 1138 3730 referre
1160 3666 1308 3732 valuerit.
1356 3667 1411 3734 Sic
1434 3669 1592 3753 propheta
1620 3671 1676 3736 ille
1705 3671 1923 3751 miserrimus,
1953 3670 1986 3735 in
2015 3691 2077 3753 quo
2106 3670 2268 3736 laudando
2291 3674 2355 3739 sibi

352 3769 422 3851 ipse
446 3770 501 3833 vix
524 3770 716 3836 satisfecisse
739 3771 879 3850 videtur,
903 3773 1007 3838 multo
1029 3775 1122 3857 peius
1144 3775 1275 3843 habitus
1297 3788 1347 3844 est
1370 3801 1466 3863 quam
1490 3781 1544 3846 vol
1566 3802 1586 3845 a
1608 3793 1738 3847 nostrae
1768 3783 1884 3848 aetatis
1907 3781 2027 3847 criticis
2049 3782 2106 3864 qui
2130 3783 2236 3846 velum
2260 3784 2289 3847 ei
2316 3785 2356 3849 de

353 3879 434 3944 facie
458 3879 627 3944 detrahere
649 3891 819 3948 conantur.
863 3885 956 3950 Haec
985 3887 1094 3950 omnia
1117 3888 1239 3954 scilicet
1261 3890 1301 3954 ad
1325 3893 1479 3955 maiorem
1510 3893 1696 3976 systematis
1726 3892 1898 3978 theologici
1921 3892 2074 3978 gloriam,
2105 3894 2201 3957 simul
2224 3895 2356 3979 insigne

361 3989 591 4056 documentum
615 4004 777 4074 quatenus
799 3994 880 4059 illud
903 3997 1068 4062 saeculum
1091 4019 1190 4064 sensu
1213 3999 1366 4068 historico
1390 4002 1581 4068 destitutum
1604 4004 1710 4068 fuerit.

510 4105 572 4169 Est
599 4117 709 4168 autem
738 4102 817 4170 haec
845 4106 1011 4189 dispositio
1039 4111 1154 4191 operis.
1206 4111 1367 4178 Numeros
1397 4113 1629 4181 versiculorum
1664 4116 1785 4199 passim
1808 4115 1859 4180 ad
1892 4126 2005 4182 textus
2040 4117 2183 4183 hebraici
2214 4117 2356 4183 formam

355 4215 546 4280 immutatos
569 4215 792 4281 adscribimus.
837 4217 1007 4297 Rubricas,
1032 4220 1087 4285 ubi
1109 4221 1194 4303 apud
1218 4221 1392 4290 Calvinum
1417 4226 1527 4291 nullae
1548 4225 1751 4304 indicantur,
1782 4227 1816 4291 in
1840 4225 1969 4292 lectoris
1990 4226 2196 4293 commodum
2220 4249 2238 4292 a
2261 4229 2355 4295 nobis

356 4325 482 4392 additas
505 4327 610 4392 literis
631 4327 772 4392 cursivis
794 4327 1036 4413 distinguimus.
1486 4331 1489 4336 ’

509 4439 657 4504 Historia
668 4450 839 4504 enarratur
850 4449 884 4506 et
895 4441 1092 4524 explanatur
1103 4442 1144 4510 ad
1156 4443 1288 4510 ductum
1300 4447 1543 4514 leodiI—XI.
1562 4449 1643 4516 XII.
1656 4448 1793 4515 21-42.
1816 4447 1915 4515 XIII.
1930 4449 2065 4516 17-22.
2089 4449 2355 4520 XIV-XVIII.

356 4549 640 4617 Deusta-18.
677 4551 741 4616 Ex.
764 4551 862 4617 XIX.
898 4552 977 4618 XX.
1003 4549 1138 4620 18-21'.
1176 4555 1272 4622 Deut.
1296 4559 1337 4624 V.
1362 4560 1497 4625 19-28.
1705 4612 1713 4624 .

508 4663 675 4729 Praefatio
705 4662 739 4726 in
775 4662 900 4747 Legem
934 4663 1132 4748 (sectoribus
1164 4669 1274 4752 viginti
1306 4675 1334 4734 el
1365 4691 1429 4735 ano
1460 4671 1705 4758 comprobatam:
1748 4673 1801 4738 llx
1829 4671 1909 4737 XX.
1942 4673 1970 4736 1.
1996 4672 2026 4738 2.
2064 4674 2160 4738 Deut.
2185 4672 2226 4738 V.
2256 4674 2352 4738 1-6.

353 4774 413 4840 IV.
445 4774 496 4840 20.
525 4812 566 4821 —
594 4774 675 4841 Lev.
704 4773 801 4839 XIX.
830 4775 872 4840 36
884 4776 913 4842 b.
944 4775 994 4840 31.
1037 4778 1115 4844 XX.
1147 4780 1176 4846 8.
1205 4780 1321 4846 XXII.
1352 4782 1489 4848 31--33,
1526 4784 1623 4851 Deut.
1652 4783 1712 4848 IV.
1744 4787 1772 4851 1.
1798 4784 1828 4849 2.
1871 4782 1912 4849 V.
1942 4783 1993 4850 29.
2016 4784 2067 4850 30.
2106 4784 2203 4850 XIII.
2236 4785 2285 4850 19.
2310 4821 2354 4832 -

355 4888 453 4952 Deut.
476 4885 536 4950 IV.
560 4885 676 4951 5-14.
700 4921 742 4932 -
765 4885 863 4952 Deut.
889 4887 951 4953 IV.
973 4887 1110 4956 32-40.
1140 4927 1182 4940 -
1213 4893 1311 4958 Deut.
1336 4891 1412 4958 VII.
1435 4895 1529 4961 6-8.
1567 4896 1611 4960 X.
1637 4895 1762 4960 14-17
1772 4919 1799 4961 a.
1824 4933 1864 4943 —
1888 4895 1984 4960 Deut.
2008 4894 2157 4961 XXVII.
2181 4896 2209 4961 9.
2235 4897 2284 4961 10.
2310 4931 2354 4943 -

352 4996 452 5063 Deut.
483 4996 614 5062 XXVI.
641 4996 778 5063 16-19.
813 5033 855 5044 ·-·
889 5000 985 5064 Deut.
1016 5000 1075 5065 VI.
1105 5002 1243 5068 20-25.
1277 5040 1318 5050 -
1352 5004 1449 5070 Num.
1479 5005 1556 5074 XV.
1586 5007 1724 5071 37-41.
1770 5006 1869 5072 Deut.
1897 5005 1956 5070 VI.
1984 5006 2078 5072 6--9,
2119 5007 2181 5072 XI.
2213 5007 2353 5074 18-20.

350 5107 562 5174 EnXXIII.
584 5109 661 5173 13a.
685 5146 723 5157 -
744 5107 842 5174 Deut.
862 5109 1011 5176 XXVII.
1033 5113 1125 5178 1-4.
1149 5115 1177 5180 8.
1205 5151 1242 5163 -
1261 5115 1360 5182 Deut.
1379 5115 1513 5184 XXXI.
1533 5117 1669 5183 10-13.
1692 5153 1732 5164 -
1755 5116 1854 5184 Deut.
1876 5116 1936 5182 VI.
1959 5115 2095 5183 10-12.
2120 5157 2157 5166 —
2184 5119 2352 5186 DeutIX.

352 5219 445 5285 1-6.
479 5255 521 5268 -
554 5221 652 5286 Deut.
683 5219 727 5286 X.
757 5221 808 5285 21.
839 5222 891 5286 22.
932 5220 994 5287 XI.
1026 5225 1120 5290 1-t.
1156 5262 1195 5276 -
1230 5227 1328 5292 Deut.
1356 5226 1454 5293 VIII.
1483 5230 1575 5294 1-6.
1611 5230 1671 5295 Xl.
1700 5229 1729 5295 8.
1758 5229 1787 5296 9.
1823 5267 1863 5278 -
1894 5231 1994 5294 Deut.
2024 5229 2157 5295 XXIX.
2182 5231 2275 5296 1-8.
2310 5268 2352 5278 -

350 5329 449 5395 Deut.
472 5331 568 5428 VIII.
599 5331 713 5396 7-10.
750 5331 813 5398 XI.
843 5334 979 5399 10-12,
1017 5334 1075 5401 VI.
1108 5337 1200 5402 1-3.
1232 5337 1367 5403 17-19.
1399 5375 1440 5386 -
1470 5340 1566 5406 Deut.
1597 5339 1693 5406 VIII.
1729 5340 1864 5406 11-18.
1895 5373 1936 5389 -
1966 5341 2020 5405 Ex
2048 5341 2181 5407 XXIII.
2211 5343 2252 5408 20
2269 5383 2284 5388 =-
2299 5344 2351 5409 23.
