5000 6208
135 439 188 506 281
294 383 299 397 ⁸
784 435 1155 504 COMMENTARIUS
1177 437 1227 502 IN
1250 435 1465 504 GENESIN.
2062 438 2126 504 282

134 627 202 694 dine
218 648 279 694 sua
295 627 460 692 feruntur:
478 623 642 690 Dominus
660 631 769 690 tamen
787 625 919 691 tandem
933 626 1099 694 maledicit
1150 633 1252 704 esset,
1286 623 1399 691 domos
1428 624 1538 694 liberis
1565 626 1693 704 fnlciri,
1723 627 1842 692 durum
1869 625 1936 692 illis
1965 647 2002 692 ac
2032 627 2126 694 triste

135 712 284 798 quidquid
305 720 442 776 nonest
463 710 531 776 suis
553 709 707 792 auspiciis
728 724 932 796 susceptum:
955 732 1098 796 semper·
1149 711 1211 775 fuit
1229 711 1356 778 steriles
1373 733 1516 777 manere.
1552 712 1598 778 Et
1616 712 1721 779 videri
1742 721 1869 797 poterat
1890 712 2013 778 orbitas
2030 724 2125 796 patre

133 820 189 882 qne
204 799 359 883 impletur
376 795 458 863 illud
475 795 613 860 Iesaiae:
631 795 703 861 Vae
721 797 778 878 qui
796 796 969 874 ordiuntur
988 798 1097 876 telam,
1149 806 1278 862 mortuo
1310 797 1539 864 intolerabilis:
1581 798 1658 882 quie
1690 806 1768 864 tunc
1800 819 1835 862 se
1867 795 2012 864 desertas
2044 797 2124 877 iore,

132 897 162 951 et
182 905 245 950 non
268 905 309 948 ex
338 883 456 966 spiritu
477 881 628 946 Domini:
658 881 714 964 qui
743 882 870 965 agitant
891 882 1042 961 consilia,
1065 897 1099 949 et
1149 883 1303 965 omnique
1343 883 1465 949 auxilio
1503 883 1644 949 nudatas
1683 882 1868 950 cernebant.
1923 883 2012 951 Hinc
2045 904 2124 970 ergo

133 991 166 1035 cs
185 970 253 1035 eius
275 991 341 1035 non
362 969 575 1052 interrogent.
619 966 685 1033 Lot
707 987 807 1049 quum
828 969 937 1034 iussus
959 985 1045 1036 ιιιιι
1063 991 1099 1036 ιι
1149 978 1358 1050 praepostera
1379 968 1549 1052 cupiditas,
1571 969 1649 1034 binc
1676 989 1790 1036 caecus
1811 968 1852 1034 ad
1874 967 2036 1036 ineettum
2058 971 2125 1036 coi·

131 1055 270 1138 recipere
302 1055 337 1119 in
377 1063 537 1131 montem,
577 1053 691 1117 maluit
730 1052 880 1119 babitare
910 1055 946 1119 in
979 1053 1096 1121 Sohar.
1149 1061 1221 1117 tum
1251 1052 1470 1136 expetendum
1503 1055 1660 1139 impetus,
1693 1055 1778 1139 quod
1811 1053 1990 1121 solitariam
2019 1057 2123 1121 vitam

132 1142 304 1224 Postquam
326 1140 356 1205 ei
382 1158 535 1205 concessa
556 1137 620 1203 fuit
648 1137 803 1204 habitatio
825 1140 988 1206 exanimi
1012 1150 1097 1221 voto,
1148 1149 1300 1203 metuunt
1327 1159 1409 1222 quae
1438 1139 1552 1206 multis
1581 1143 1747 1205 aerumnis
1774 1141 1922 1224 exposita
1950 1140 2002 1206 sit.
2053 1141 2124 1208 Neo

131 1247 201 1292 mox
233 1227 341 1310 ipsum
371 1225 514 1307 poenitet
535 1244 573 1288 ac
604 1223 712 1310 piget:
747 1224 888 1307 trepidat
920 1226 1026 1303 enim,
1060 1246 1098 1292 ac
1150 1222 1262 1289 dubito
1291 1227 1371 1307 quin
1393 1225 1504 1291 Moses
1531 1227 1651 1292 referat
1679 1247 1744 1292 non
1767 1225 1846 1309 quid
1867 1225 2123 1310 praetexuerint,

130 1312 263 1397 singulis
283 1310 458 1376 momentis
474 1308 635 1375 Sodomae
656 1307 793 1374 exitium
814 1308 884 1377 loco
907 1312 1024 1392 vicino,
1041 1313 1096 1377 ubi
1148 1307 1206 1373 sed
1223 1309 1301 1394 quid
1318 1311 1473 1393 loquetae
1490 1312 1556 1376 sint
1574 1334 1615 1376 ex
1633 1333 1713 1379 vero
1731 1312 1833 1377 animi
1850 1332 1959 1378 sensu.
2000 1309 2123 1379 Samen

130 1399 206 1464 forte
227 1397 386 1481 regnabat
414 1396 530 1462 similis
559 1394 709 1480 impietas
732 1416 769 1461 ac
789 1397 950 1479 nequitia,
972 1397 1097 1463 instare
1148 1415 1226 1477 ergo
1255 1414 1427 1478 procreare
1454 1399 1606 1480 cupiunt,
1640 1397 1820 1464 secundnm
1853 1396 2123 1464 consuetudinem

130 1493 226 1566 putat.
273 1481 448 1548 (laetorum
479 1489 629 1563 repetant
650 1481 808 1546 memoria
839 1482 975 1549 lectores
1009 1482 1097 1567 quod
1148 1482 1296 1562 gentium
1314 1483 1472 1546 omnium.
1501 1482 1579 1548 Ideo
1597 1483 1685 1549 enim
1703 1481 1871 1550 adducunt
1888 1483 1989 1550 totius
2006 1484 2123 1550 mundi

131 1570 209 1648 diri,
231 1568 356 1635 factum
378 1568 479 1632 fuisse
500 1567 585 1631 mira
604 1566 670 1632 Dei
691 1565 912 1650 indulgentia,
933 1579 970 1633 ut
990 1589 1096 1652 neque
1148 1567 1351 1649 exemplum,
1380 1568 1455 1650 quia
1482 1568 1632 1650 iniquum
1658 1591 1729 1636 esse
1755 1567 1900 1636 iudicant
1921 1578 1959 1633 ut
1980 1566 2123 1636 deterior

130 1655 244 1734 statim,
267 1673 373 1737 neque
394 1653 578 1736 graviorem
599 1671 737 1734 poenam
755 1649 888 1718 dederit.
934 1654 1096 1721 Dominus
1147 1671 1208 1717 sna
1229 1653 1272 1716 sit
1300 1673 1396 1735 quam
1426 1653 1563 1718 eliorum
1591 1654 1739 1721 conditio.
1785 1654 1928 1738 Ubique,
1956 1654 2122 1740 inquiunt,

129 1741 211 1806 enim
229 1739 270 1805 ad
290 1749 419 1822 tempus
435 1737 483 1803 illi
506 1738 687 1822 ignoscens,
710 1737 845 1804 tandem
864 1739 973 1806 effecit
989 1748 1028 1805 ut
1044 1741 1097 1806 sni
1147 1736 1317 1803 elocuntur
1349 1739 1492 1820 puellae,
1526 1759 1609 1822 quae
1638 1741 1722 1806 filios
1755 1741 1951 1825 suscipient,
1983 1751 2016 1804 ιι
2046 1762 2122 1808 suas

128 1826 247 1910 pcccati
267 1824 367 1890 iudex
395 1835 488 1890 esset.
531 1823 646 1906 Neque
668 1825 756 1889 enim
779 1825 814 1888 vi
836 1833 893 1890 aut
913 1846 1015 1891 manu
1037 1826 1095 1891 ho-
1147 1823 1288 1890 familias
1309 1826 1356 1888 ιιι
1377 1823 1562 1891 aedifimnt:
1583 1845 1642 1891 cur
1663 1845 1740 1910 ergo
1762 1825 1804 1892 ad
1825 1835 2016 1910 perpetuam
2035 1825 2122 1892 orbi·

127 1913 249 1977 minum
272 1910 428 1994 expulsus
449 1910 511 1975 fuit
531 1931 551 1974 ι
573 1908 697 1987 Sohar,
720 1910 777 1975 sed
797 1930 892 1977 caeca
913 1911 1015 1976 animi
1037 1933 1095 1978 en·
1147 1915 1248 1973 tatem
1271 1907 1443 1976 damnatae
1465 1911 1631 1976 essemus?
1654 1911 1786 1978 Interea
1808 1923 1918 1978 tamen
1941 1932 2008 1978 non
2028 1914 2121 1996 igno·

127 1999 228 2063 rietes
253 1998 288 2062 in
321 2016 494 2062 cavernam
528 2015 602 2059 eum
635 1996 763 2079 fugavit
791 2015 834 2072 ao,
861 1997 985 2079 rapuit,
1019 1999 1096 2081 quie
1146 2005 1222 2058 rant
1242 2015 1277 2060 ιι
1299 1995 1441 2061 immane
1464 1996 1600 2080 aggredi
1620 1998 1755 2064 facinus.
1791 1997 1860 2064 (ιιι
1882 1997 1969 2063 enim
1991 2007 2123 2081 patrem

126 2085 227 2150 carnis
249 2103 327 2148 snae
349 2080 559 2164 cupiditatem
581 2082 688 2164 potius
706 2102 804 2165 quem
821 2082 887 2147 Dei
904 2081 1095 2149 mandatum
1146 2079 1318 2159 inebriant,
1335 2081 1400 2146 nisi
1412 2081 1488 2164 quia
1505 2083 1585 2149 ιιιιι
1603 2084 1780 2149 coniiciunt
1800 2083 1917 2150 adduci
1929 2082 1969 2148 ad
1982 2103 2118 2149 consen-

127 2177 281 2251 sequutus
311 2174 389 2233 crat.
434 2169 543 2249 Atque
571 2168 617 2230 ita
644 2167 679 2230 in
713 2168 913 2251 castigandis
945 2167 1095 2235 fidelibus
1146 2186 1219 2231 sum
1236 2187 1302 2231 non
1321 2166 1438 2249 posse?
1463 2165 1499 2233 Si
1517 2167 1573 2232 ille
1596 2169 1636 2234 ab
1654 2171 1780 2238 incestu
1800 2170 1964 2248 abhorret,
1986 2190 2120 2236 necesse

125 2275 241 2337 poenas
264 2252 411 2338 mitigat,
440 2261 478 2316 ut
499 2251 565 2317 illis
586 2251 704 2318 cedant
725 2253 761 2317 in
783 2253 940 2337 optimam
961 2255 1094 2321 medici-
1146 2259 1196 2315 est
1213 2250 1297 2316 filias
1315 2252 1413 2317 simili
1436 2254 1635 2320 conscicntia
1653 2266 1707 2320 tan
1734 2257 1753 2320 '.
1787 2255 1887 2320 Nullo
1904 2255 2007 2338 igitur
2023 2255 2119 2321 modo

125 2360 206 2404 nam.
251 2338 337 2404 Nam
361 2338 388 2402 si
410 2337 554 2420 praecise
583 2349 694 2422 ageret
715 2359 790 2404 cum
816 2359 923 2404 eorem
946 2340 1093 2418 stultitia,
1145 2346 1223 2401 suut
1241 2336 1451 2420 excusabiles,
1473 2337 1560 2423 quod
1577 2360 1612 2405 sc
1630 2339 1671 2406 ad
1693 2362 1712 2407 o
1734 2361 1888 2406 secenum
1910 2340 2118 2406 concubitum

126 2425 247 2491 confusi
279 2444 412 2507 prorsus
427 2424 593 2490 iacerent.
637 2421 706 2489 Dat
727 2424 828 2508 igitur
849 2426 990 2508 spatium
1013 2426 1093 2490 resi·
1143 2424 1359 2505 prostituunt,
1382 2444 1402 2489 a
1423 2445 1486 2507 quo
1505 2425 1698 2491 naturaliter
1729 2437 1844 2511 gentes
1867 2447 1977 2492 omnes
2001 2425 2118 2492 abbor·
2205 2492 2209 2502 ,

124 2509 277 2594 piscandi,
300 2518 338 2574 ut
359 2519 474 2592 sponte
496 2510 626 2592 culpam
649 2520 835 2594 agnoscant.
1144 2518 1228 2572 rent.
1273 2509 1319 2573 Et
1344 2518 1431 2574 certe
1458 2531 1560 2593 quum
1590 2511 1784 2596 vulgaribus
1816 2532 1943 2596 qnoque
1977 2512 2118 2595 peccatis

205 2596 257 2661 31.
276 2594 321 2659 Et
341 2593 424 2660 dixit
433 2595 652 2678 prhacqeaito.
687 2594 753 2660 Hie
774 2595 960 2680 prodigium
983 2617 1094 2662 narra-
1142 2593 1271 2677 culpam
1291 2614 1386 2660 suem
1403 2615 1578 2679 agnoscere
1598 2608 1759 2681 cogantur
1779 2597 1938 2678 homines,
1959 2597 2118 2681 quomodo

125 2690 174 2745 tur
205 2703 225 2746 a
259 2682 369 2759 Mose,
401 2679 487 2763 quod
519 2681 657 2746 lectores
689 2681 807 2746 meritc
850 2683 1092 2766 obstupefacere
1144 2700 1179 2744 se
1196 2681 1232 2744 in
1250 2687 1438 2762 portentoso
1460 2682 1582 2748 scelere
1601 2683 1817 2761 absolverent,
1840 2684 1918 2767 quin
1937 2703 1993 2747 eos
2011 2691 2119 2749 metus

124 2765 224 2832 debet.
270 2765 337 2848 Qui
360 2767 446 2831 enim
475 2767 589 2831 venire
609 2766 644 2831 in
673 2774 815 2838 mentem
838 2775 943 2851 potest
963 2767 1093 2834 filiabus
1144 2764 1261 2849 aliquis
1289 2787 1332 2830 ex
1360 2764 1424 2832 Dei
1455 2766 1576 2834 iudicio
1609 2768 1757 2852 pungat?
1787 2769 1899 2850 Quare
1930 2769 2015 2834 fibae
2043 2769 2117 2849 Lot,

123 2853 186 2917 Lot
223 2854 368 2919 incestus
403 2849 614 2937 concubitus,
654 2872 753 2935 quum
786 2851 894 2918 adhuc
925 2875 1024 2938 prope
1056 2853 1092 2918 in
1144 2864 1347 2933 repugnante
1374 2852 1589 2931 conscientia,
1617 2875 1651 2920 se
1673 2854 1715 2919 ad
1736 2855 1862 2922 facinus
1881 2854 1943 2920 boo
1960 2855 2118 2939 praecipi-

123 2939 221 3004 cculis
243 2944 395 3004 versetur
415 2935 582 3002 horribilis
599 2938 662 3003 Dei
680 2937 825 3004 vindicta
840 2939 878 3003 in
898 2937 1090 3018 Sodomitas
1143 2943 1233 3002 tant:
1256 2956 1316 3002 nec
1333 2936 1399 3004 alia
1415 2939 1479 3003 fuit
1500 2939 1635 3006 fallendi
1655 2942 1757 3024 patris
1779 2942 1862 3008 ratio
1885 2961 1983 3024 qnam
2002 2940 2118 3005 notitia

123 3024 210 3090 cuius
231 3023 440 3107 praecipuam
462 3022 560 3088 fuisse
582 3044 713 3088 causam
734 3024 881 3091 sciebant
902 3022 1012 3090 foedae
1033 3045 1091 3090 ne·
1143 3021 1371 3104 turpitudinis,
1404 3043 1501 3109 quam
1529 3025 1570 3090 ab
1595 3025 1675 3108 ipsis
1705 3026 1853 3093 damnari
1886 3046 2018 3094 necesse
2044 3027 2117 3103 fuit,

123 3108 299 3194 laudasque
327 3107 499 3175 libidines?
522 3109 595 3173 Etsi
624 3117 733 3173 autem
763 3131 827 3175 non
850 3117 919 3175 tam
947 3110 1092 3176 libidinis
1144 3127 1244 3189 quum
1261 3109 1383 3174 ιιιιιιιι
1400 3119 1538 3176 naturae
1548 3110 1655 3177 ordini
1666 3132 1736 3177 esse
1754 3113 1960 3178 contrariam.
1990 3111 2118 3178 Verum

123 3195 234 3260 ardore
267 3215 366 3278 quam
397 3193 498 3259 stulto
530 3191 758 3280 propagandae
786 3195 905 3262 sobolis
934 3193 1093 3264 desiderio
1144 3192 1222 3258 binc
1239 3201 1375 3276 apparet
1392 3213 1457 3278 quc
1473 3196 1647 3279 rapiantur
1668 3198 1819 3264 homines
1836 3199 1915 3264 dum
1937 3208 2119 3280 sequuntur

121 3279 280 3364 impulsae
300 3290 377 3346 sunt
395 3277 437 3344 ad
455 3279 520 3344 tale
541 3280 712 3363 flagitium,
735 3281 832 3348 nimis
850 3290 959 3347 tamen
978 3301 1092 3348 caecus
1144 3278 1231 3361 quod
1252 3277 1374 3362 placet:
1403 3279 1488 3346 nibil
1517 3282 1643 3350 scilicet
1663 3292 1731 3348 tam
1760 3281 1936 3350 absurdum
1961 3283 2027 3350 imo
2050 3283 2117 3349 bel·

121 3365 181 3431 iuit
202 3366 306 3445 furor,
329 3385 428 3449 quam
449 3373 567 3430 natura
587 3365 690 3432 dictat
706 3366 896 3433 modestiam
918 3364 1092 3450 pudorem·
1143 3364 1272 3430 luiuum
1294 3377 1352 3445 est,
1375 3386 1438 3448 quo
1460 3387 1526 3432 non
1548 3389 1692 3450 ruamus,
1717 3369 1775 3435 ubi
1796 3370 1947 3435 fraenum
1968 3369 2118 3436 laxamus

121 3471 180 3534 que
212 3451 369 3529 abiicere,
403 3459 435 3515 et
468 3449 612 3516 belluino
644 3472 735 3517 more
767 3451 964 3518 confundere
996 3473 1093 3520 omne
1144 3451 1235 3517 carni
1261 3459 1401 3518 nostrae.
1446 3450 1558 3533 Quare
1585 3454 1647 3521 hoc
1669 3455 1763 3521 nobis
1790 3456 1937 3521 omnium
1966 3465 2118 3520 votorum

122 3537 224 3622 turpis
247 3543 280 3603 et
305 3536 435 3602 honesti
465 3534 648 3603 discrimen.
694 3537 870 3603 Caeterum
892 3559 955 3622 qno
977 3539 1093 3605 melius
1142 3537 1340 3620 principium
1362 3538 1418 3614 ιιι,
1449 3538 1608 3605 ιιιιιιιιιι
1638 3540 1715 3624 quid
1737 3540 1900 3606 Dominus
1931 3541 2116 3623 permittat:

121 3631 290 3689 teneamus
311 3623 359 3688 rei
380 3622 479 3687 totius
508 3642 687 3702 summam,
715 3623 846 3707 singula
873 3622 986 3689 ordine
1008 3631 1092 3690 trac-
1143 3644 1186 3687 nc
1207 3623 1318 3688 veniat
1334 3626 1370 3687 in
1391 3633 1534 3688 mentem
1556 3624 1733 3709 quidquam
1754 3628 1846 3693 nobis
1868 3635 2029 3710 appetere,
2052 3625 2118 3692 nisi

121 3709 218 3774 tanda
247 3717 332 3774 sunt.
377 3709 427 3774 Ac
455 3707 562 3791 primo
592 3709 678 3790 quod
700 3709 739 3774 ad
769 3710 941 3776 consilium
970 3710 1092 3793 primo·
1143 3707 1232 3790 quod
1250 3729 1309 3790 per
1329 3709 1399 3774 eius
1422 3708 1558 3774 verbum
1579 3710 1664 3776 licet.

120 3795 250 3876 genitae
272 3793 359 3858 filiae
380 3793 447 3858 Lot
468 3803 609 3876 spectat,
640 3795 692 3860 cni
720 3794 837 3860 deinde
865 3797 973 3861 minor
1000 3796 1092 3862 obse·
1229 3793 1274 3858 Et
1289 3795 1340 3858 vir
1361 3814 1422 3859 noa
1443 3799 1487 3859 ιιι
1507 3795 1542 3859 ιιι
1563 3799 1657 3862 terra
1693 3796 1768 3862 Non
1790 3797 1981 3882 intelligunt
2002 3815 2117 3861 omnes

120 3889 218 3960 quuta
246 3887 313 3960 cst,
346 3879 393 3942 ita
424 3879 496 3944 sine
528 3880 750 3946 controversia
781 3887 908 3960 statuo,
941 3890 1092 3947 neutram
1142 3887 1258 3964 gentes
1289 3899 1359 3946 esse
1381 3880 1573 3959 exstinctas,
1613 3882 1886 3965 quemadmodum
1924 3881 2117 3948 hallucinati

120 3966 226 4030 carnis
260 3963 423 4030 illecebris
452 3963 554 4031 fuisse
586 3963 769 4046 inductam,
802 3966 859 4031 sed
891 3975 1017 4032 tantum
1053 3966 1092 4031 de
1142 3975 1221 4032 sunt
1242 3965 1335 4030 multi
1357 3967 1568 4048 interpretes,
1596 3964 1654 4032 sed
1675 3969 1753 4052 quia
1773 3977 1863 4034 metu
1882 3969 1919 4033 in
1940 3987 2116 4035 cavernam

119 4049 320 4134 procreanda
352 4049 462 4117 sobole
495 4051 665 4135 cogitasse.
709 4049 825 4131 Qualis
857 4052 946 4117 enim
975 4052 1093 4118 fuisset
1142 4051 1345 4135 compulsae,
1375 4051 1537 4116 desertam
1559 4052 1662 4118 vitam
1685 4054 1835 4137 agebant,
1856 4065 2038 4137 queruntur
2058 4073 2116 4136 spe

118 4135 328 4214 ierarchias,
375 4136 454 4201 atris
474 4137 540 4202 iam
562 4137 651 4202 senis
678 4135 887 4203 concubitum
916 4135 1091 4222 appetere?
1142 4137 1284 4220 coniugii
1301 4157 1336 4202 ιι
1354 4137 1510 4219 privatas.
1545 4138 1592 4203 Et
1612 4147 1701 4218 certe
1717 4140 1765 4205 ita
1786 4161 1932 4206 scorsum
1954 4136 2116 4222 degebant

119 4222 248 4288 Deinde
277 4155 373 4305 quodp
394 4221 508 4287 furtim
541 4230 672 4287 tantum
703 4243 771 4287 nna
804 4231 898 4289 nocte
925 4244 959 4289 sc
989 4223 1092 4289 maior
1142 4243 1160 4286 a
1194 4221 1326 4307 reliquis
1365 4222 1532 4306 gentibus,
1571 4244 1608 4289 ac
1641 4225 1671 4289 si
1702 4224 1737 4289 in
1772 4226 1940 4308 privatum
1973 4224 2115 4306 aliquem

118 4307 273 4387 insinuat,
290 4327 432 4376 sororem
446 4328 628 4373 verosuam
644 4309 794 4389 proxime
808 4317 903 4374 nocte
920 4309 1091 4392 supponit:
1140 4307 1301 4373 muudum
1323 4318 1432 4373 essent
1450 4307 1623 4393 relegatae.
1659 4308 1789 4392 Siquis
1809 4310 1949 4389 obiiciat,
1972 4309 2114 4392 potuisse

118 4395 274 4478 gravidae
302 4391 336 4458 in
369 4393 472 4476 patris
504 4394 691 4475 amplexum
725 4393 831 4459 redire
860 4415 927 4458 non
959 4405 1092 4460 curent:
1139 4411 1250 4478 petere
1268 4415 1287 4459 a
1304 4403 1398 4476 patre
1415 4394 1565 4460 maritos:
1587 4394 1776 4478 respondeo,
1800 4395 1882 4460 nihil
1900 4415 1970 4460 esse
1992 4394 2113 4460 mirum

117 4479 193 4545 inde
226 4475 411 4564 colligimus
438 4498 504 4545 non
529 4479 593 4544 alio
620 4487 785 4563 spectasse
814 4481 877 4545 nisi
904 4491 942 4546 ut
970 4489 1092 4546 matres
1142 4480 1171 4545 si
1189 4499 1307 4562 pavore
1328 4499 1511 4562 oppressae,
1533 4501 1600 4544 non
1620 4478 1711 4545 aliud
1732 4502 1829 4564 quam
1852 4479 1937 4564 qnod
1954 4479 1989 4544 in
2011 4499 2114 4544 manu

118 4566 243 4632 fiarent.
277 4566 390 4647 Neque
408 4564 776 4649 tamenmibiprobatur
793 4585 905 4631 eorum
924 4561 1091 4645 divinato,
1142 4579 1212 4632 erat
1245 4565 1313 4632 suis
1340 4564 1436 4630 malis
1471 4566 1651 4631 remedium
1688 4567 1895 4650 quaesierint.
1947 4564 2115 4631 Petebant

120 4652 173 4733 qui
196 4651 311 4718 dicunt
328 4671 564 4729 orassoerrcre
585 4650 685 4717 fuisse
707 4650 866 4735 deceptas,
888 4651 974 4735 quod
995 4660 1091 4736 puta·
1141 4651 1231 4716 enim
1252 4671 1287 4716 se
1310 4649 1437 4716 deserto
1459 4659 1584 4730 monte,
1613 4663 1648 4717 et
1676 4671 1836 4718 cavernae
1855 4650 1990 4716 latebris
2009 4649 2113 4716 inclu-

118 4748 192 4802 rent
221 4747 328 4802 totum
354 4735 514 4802 mundum
541 4757 608 4802 nna
634 4759 707 4803 cum
732 4734 874 4803 Sodoma
902 4737 1092 4821 absorptum
1141 4757 1204 4813 sas,
1227 4735 1310 4799 nihil
1332 4735 1473 4819 amplius
1494 4736 1614 4802 babere
1631 4757 1706 4804 cum
1723 4757 1843 4820 genere
1864 4736 2007 4802 humano
2025 4755 2113 4800 ccm-

119 4842 197 4888 esse.
242 4823 358 4906 Nuper
388 4822 477 4888 enim
510 4822 738 4889 habitaverant
765 4825 799 4888 in
824 4820 946 4888 Sohar:
974 4822 1092 4889 deinde
1140 4823 1263 4888 mercii.
1317 4821 1391 4888 Etsi
1430 4830 1538 4886 autem
1571 4823 1643 4888 fieri
1680 4833 1787 4906 potest
1826 4819 2113 4909 (quemadmodum

118 4908 178 4974 sub
207 4908 310 4975 oculis
337 4907 493 4991 patebant
525 4928 679 4973 amoenae
712 4909 862 4992 regiones
889 4908 1004 4974 incolis
1033 4930 1091 4973 nc-
1139 4909 1232 4990 prius
1258 4905 1426 4993 admonui)
1447 4918 1485 4972 ut
1506 4907 1606 4990 aliqui
1627 4927 1670 4972 ex
1691 4909 1797 4974 servis
1819 4907 1917 4976 simul
1945 4907 2112 4974 habitave-

117 5013 283 5076 quaquam
321 5013 459 5059 vacuae:
497 5007 667 5076 praeterea
699 5015 741 5060 cx
779 5009 871 5078 patre
910 4993 1092 5061 didicerant
1139 4995 1223 5072 rint,
1251 4992 1317 5057 imo
1337 4992 1372 5057 id
1393 4993 1655 5067 verisimile‘est,
1687 4994 1765 5076 quia
1787 4993 1843 5059 vix
1865 4993 1962 5060 aliter
1982 5003 2114 5076 poterat

116 5079 293 5163 specialem
322 5099 462 5162 poenam
483 5076 663 5145 Sodomitis
690 5089 723 5145 ιι
744 5080 817 5146 aliis
847 5079 963 5146 vicinis
986 5081 1090 5147 inflic·
1141 5078 1255 5144 vinnm
1285 5089 1456 5162 suppetere
1483 5079 1516 5143 in
1546 5098 1702 5159 caverna,
1731 5079 1796 5145 nisi
1824 5079 1969 5163 plaustro
1997 5079 2112 5144 fuisset

117 5177 184 5230 tam
203 5186 286 5232 esse.
320 5165 486 5231 Νιιιιιο
507 5166 642 5248 ignarae
662 5177 758 5231 erant
774 5162 861 5230 unde
879 5187 982 5250 genus
999 5178 1092 5249 pater
1140 5185 1215 5231 oum
1242 5163 1367 5246 reliqua
1393 5185 1525 5229 annona
1551 5166 1742 5242 advectum;
1771 5176 1881 5230 tamen
1903 5163 1978 5246 quia
2000 5184 2110 5229 servo·

119 5248 287 5318 dannot:
319 5260 354 5315 ct
387 5251 516 5334 qualem
556 5262 708 5334 patruum
741 5263 896 5334 sequutus
929 5263 1013 5316 esset
1047 5273 1091 5315 ex
1141 5270 1214 5315 rum
1236 5251 1366 5333 nuptias
1395 5258 1627 5333 aspernantur,
1656 5259 1779 5334 negent
1800 5249 1864 5316 sibi
1884 5250 2017 5314 maritos
2039 5269 2112 5314 esse

117 5337 235 5420 patria.
282 5335 370 5417 Quid
391 5335 515 5422 igitur?
537 5335 663 5420 Nempe
684 5356 785 5420 quum
813 5355 1005 5419 persuasum
1026 5335 1091 5405 illis
1142 5337 1341 5418 superstites.
1379 5336 1484 5403 Porro
1506 5356 1623 5400 nomen
1646 5344 1753 5400 terrae
1777 5336 1943 5418 inpriore
1964 5336 2111 5400 membro
