5000 6208
132 476 187 543 253
775 473 1146 544 COMMENTARIUS
1168 476 1219 542 IN
1241 475 1455 543 CENESIN.
2052 477 2116 544 aut

132 673 353 747 oonsumptum
392 666 492 730 luisse
531 665 637 730 eibum
677 684 743 732 una
781 685 855 730 oum
894 664 1092 747 corporibus.
1145 663 1359 730 admiratione
1392 673 1425 729 et
1459 664 1583 729 laetitia
1610 664 1746 730 effertur
1773 661 1857 732 Sara
1883 675 1922 730 ut
1948 663 2012 731 Dei
2040 685 2116 748 pro·

132 749 405 832 Quemadmodum
418 750 817 835 autemhasquaestiones
834 750 996 835 attingere
1014 750 1094 814 utile
1144 750 1330 816 missionem
1353 749 1520 816 admittat:
1543 749 1601 816 sod
1622 760 1660 815 ut
1681 750 1826 834 loquenti
1844 748 1917 816 Deo
1938 749 2037 817 fidem
2058 753 2115 818 ab·

132 849 189 913 est,
211 857 271 902 neo
292 836 360 900 ulla
377 837 492 920 religio
513 846 619 903 vetat:
649 837 696 902 sie
716 858 847 902 rursum
870 835 954 900 nihil
976 835 1095 905 melius
1144 846 1250 921 roget,
1272 856 1367 900 suam
1388 844 1421 901 et
1442 836 1553 902 mariti
1574 845 1713 901 aetatem
1733 855 1903 920 perperam
1925 837 1995 903 eius
2016 837 2115 904 verbo

130 942 220 1006 quam
242 921 350 988 sobria
366 922 528 988 solutione
548 943 609 988 nos
630 941 700 988 esee
722 931 899 987 eontentos.
1144 921 1286 1005 opponit.
1320 921 1434 1004 Neque
1455 930 1567 987 tamen
1586 921 1736 988 fallaoiae
1757 930 1816 988 aut
1838 921 1993 988 vanitatis
2005 921 2114 988 Deum

207 1007 237 1073 9.
285 1007 346 1074 Ubi
372 1014 417 1074 eet
445 1008 540 1074 Suro.
581 1007 754 1074 Hactenus
779 1028 894 1091 passus
922 1017 973 1072 est
1000 1003 1094 1073 Deus
1144 1009 1344 1090 exprofesso
1360 1008 1543 1074 insimulat:
1566 1007 1623 1073 sed
1641 1009 1717 1090 quia
1736 1009 1773 1072 in
1789 1008 1836 1073 rei
1856 1009 1977 1074 intuitu
1997 1007 2114 1089 delixa,

129 1093 292 1158 Abraham
321 1104 486 1176 praestare
507 1093 592 1176 quod
614 1094 711 1159 ollioii
735 1094 787 1158 sui
808 1102 887 1158 erat.
916 1094 1093 1176 Postquam
1144 1090 1223 1174 quid
1240 1093 1343 1176 possit
1362 1094 1557 1160 naturaliter
1578 1094 1660 1170 fieri,
1678 1102 1807 1158 tantum
1830 1094 2000 1177 expendit:
2023 1115 2115 1160 men-

128 1199 200 1244 sore
222 1181 293 1244 eius
314 1181 441 1246 oaritati
462 1179 568 1246 loeum
591 1177 698 1254 dedit,
720 1200 808 1244 nuno
829 1197 864 1244 se
885 1179 1093 1244 manifestare
1144 1188 1211 1242 tem
1234 1199 1311 1243 vero
1328 1198 1422 1243 suam
1444 1199 1512 1244 nou
1534 1178 1656 1245 attollit
1678 1178 1719 1244 ad
1742 1180 1959 1262 reputandam
1973 1181 2036 1245 Dei
2057 1201 2114 1265 po·

127 1264 237 1346 insipit
262 1265 298 1329 iu
328 1266 396 1331 suis
418 1265 554 1349 angelis.
599 1264 696 1346 Quod
718 1265 828 1330 Moses
849 1284 937 1330 nuno
959 1273 1026 1330 tres
1046 1263 1093 1327 lo·
1143 1263 1294 1342 tentiam,
1321 1264 1420 1328 fidem
1449 1265 1593 1348 loquenti
1618 1263 1691 1330 Deo
1719 1274 1842 1330 temere
1870 1265 2013 1350 abrogat.
2062 1265 2116 1331 Ita

127 1362 258 1432 quantes
285 1349 424 1427 inducit,
455 1371 542 1416 nuno
564 1351 622 1416 uui
643 1349 704 1416 soli
725 1341 876 1415 attribuit
896 1369 1092 1426 sermonem,
1143 1349 1269 1430 quoties
1291 1349 1355 1414 Dei
1380 1352 1612 1433 promissiones
1633 1361 1667 1416 ει
1689 1371 1788 1433 opera
1809 1354 1940 1435 proprio
1960 1373 2060 1418 sensu
2082 1359 2115 1417 et

126 1437 203 1500 ratio
234 1447 300 1512 εει,
329 1437 405 1519 quia
434 1444 501 1502 tres
523 1436 622 1500 simul
646 1435 743 1502 unius
764 1436 827 1501 Dei
849 1455 1022 1519 personam
1045 1456 1091 1500 re·
1143 1446 1279 1500 naturae
1290 1432 1416 1520 legibus
1428 1439 1591 1512 metimur,
1610 1456 1725 1502 sumus
1735 1437 1771 1501 in
1782 1456 1859 1504 eum
1876 1436 2112 1516 oontumeliosi,

126 1521 240 1586 ierunt.
285 1521 477 1586 Tenendum
508 1523 606 1586 etiam
629 1520 788 1587 memoria
809 1531 859 1587 est
881 1520 967 1605 quod
986 1540 1092 1605 nuper
1142 1520 1291 1603 quamvis
1309 1521 1392 1585 nihil
1411 1522 1475 1586 tale
1497 1522 1616 1588 animis
1636 1522 1757 1587 nostris
1776 1521 1931 1587 insideat:
1954 1523 2114 1606 quianon

124 1606 257 1682 adduxi,
287 1608 345 1671 uni
374 1607 444 1672 dari
475 1607 654 1691 prinoipem
678 1608 800 1686 loeum,
827 1608 904 1689 quia
926 1606 1088 1684 Christus,
1141 1606 1239 1670 aliter
1255 1627 1351 1672 suum
1369 1606 1419 1671 illi
1441 1607 1598 1673 honorem
1618 1607 1804 1686 deferimus,
1826 1628 1924 1690 quam
1946 1606 2025 1674 dum
2043 1610 2113 1674 eius

124 1694 173 1773 qui
201 1694 278 1756 riva
305 1707 356 1758 est
377 1695 480 1776 patrie
501 1693 625 1776 imago,
653 1691 714 1758 sub
736 1692 843 1776 angeli
865 1693 970 1758 forma
992 1693 1091 1776 patri·
1142 1692 1241 1757 verbo
1259 1692 1447 1758 suhiioimus
1464 1692 1620 1777 quidquid
1637 1693 1794 1760 obstaeuli
1812 1693 1954 1760 ooourrit
1969 1695 2004 1759 iu
2026 1696 2114 1760 eoelo

123 1775 182 1842 hus
205 1798 303 1861 saepe
331 1779 497 1861 apparuit:
532 1778 666 1863 angelos
690 1788 797 1844 autem
826 1798 963 1860 quorum
992 1786 1092 1862 eaput
1142 1788 1176 1840 et
1192 1778 1227 1842 in
1245 1787 1342 1842 terra.
1374 1777 1549 1844 Caeterum
1572 1780 1632 1844 etsi
1653 1779 1839 1844 exousanda
1859 1799 1926 1844 non
1948 1789 1999 1845 eet
2011 1778 2113 1846 Sarae

123 1871 183 1942 est,
212 1863 328 1929 habuit
349 1864 492 1930 oomites.
536 1863 633 1945 Quod
651 1875 760 1930 autem
783 1863 823 1929 de
845 1863 930 1930 Sara
951 1863 1090 1930 iuterro-
1141 1862 1362 1939 ineredulitas,
1379 1863 1701 1932 nontamendireote
1718 1862 1944 1948 repudiatDei
1963 1867 2111 1949 gratiam,

123 1959 206 2034 gant,
225 1948 378 2034 oolligere
393 1947 471 2014 iude
488 1950 563 2017 lieet
591 1971 705 2016 rursus
733 1950 787 2016 hio
814 1951 961 2033 promitti
984 1948 1090 2016 Abra·
1141 1949 1198 2014 sed
1220 1948 1345 2032 pudore
1361 1957 1492 2015 tantum
1514 1960 1549 2015 et
1569 1948 1767 2016 vereeundia
1788 1951 1957 2030 retinetur,
1978 1972 2020 2015 ne
2042 1972 2115 2035 pro-

123 2035 181 2098 bae
207 2035 330 2113 filium,
358 2037 513 2118 quoniam
542 2035 600 2100 illa
625 2035 743 2120 prieris
763 2035 887 2102 oraouli
910 2036 1003 2102 testis
1024 2055 1089 2101 non
1141 2037 1231 2098 tinus
1257 2035 1369 2100 eredat
1393 2036 1479 2118 quod
1502 2035 1603 2102 audit.
1643 2036 1688 2100 lit
1708 2034 1810 2102 verba
1831 2037 1929 2101 etiam
1951 2057 2114 2103 summam

120 2121 232 2185 luerat.
1141 2119 1333 2186 modestiam
1361 2130 1535 2190 testantur.
1580 2119 1763 2188 Pudioitiae
1791 2122 1879 2187 euim
1908 2122 2041 2206 signum
2063 2135 2114 2203 est

205 2206 256 2271 10.
311 2205 499 2273 Reosrteado
536 2211 673 2272 rebatur
704 2207 747 2272 ad
778 2211 813 2273 tt.
865 2206 1090 2291 Hieronymus
1140 2206 1226 2288 quod
1245 2204 1339 2272 dieit:
1354 2205 1524 2290 Postquam
1544 2209 1769 2286 matrimus,
1789 2208 1973 2274 dmunasae
1989 2228 2114 2289 ορενεεκ
2227 2213 2230 2218 “

120 2292 234 2357 vertit:
265 2291 345 2356 Vita
373 2293 492 2358 eomite
519 2300 685 2358 revertar:
713 2313 751 2358 ao
779 2294 807 2358 si
828 2293 922 2358 Deus
944 2292 1089 2356 humano
1138 2293 1187 2356 rei
1215 2291 1384 2358 mameae?
1435 2291 1546 2373 Quare
1574 2301 1726 2360 notemus
1754 2292 1836 2358 nihil
1868 2296 1978 2358 minus
2012 2293 2113 2360 fuisse

121 2398 206 2443 more
237 2378 386 2461 loquens,
414 2376 565 2444 dixisset:
594 2377 773 2458 Revertar,
803 2378 976 2445 sivixero.
1022 2375 1089 2444 Sed
1139 2375 1242 2443 Sarae
1258 2378 1458 2461 propositum
1476 2399 1573 2461 quam
1585 2377 1692 2444 Deum
1713 2379 1818 2446 laoere
1830 2379 2035 2445 mendaeem:
2055 2377 2113 2446 sed

120 2463 296 2529 absurdum
316 2475 410 2543 esset,
422 2465 532 2529 Deum
550 2464 606 2546 qui
627 2464 692 2528 iam
715 2465 888 2547 magnifiee
910 2464 1089 2547 potentiam
1139 2463 1176 2527 iu
1197 2468 1241 2529 eo'
1257 2471 1385 2527 tantum
1407 2483 1571 2548 peooasse,
1600 2459 1826 2547 quod'usitato
1846 2475 1984 2530 naturae
2005 2464 2114 2530 ordini

117 2568 208 2613 suam
237 2548 418 2633 praedieat,
447 2570 631 2615 sermonem
660 2549 701 2617 ab
727 2547 914 2616 hominibus
934 2549 1089 2629 mutuari,
1139 2548 1238 2614 nimis
1259 2549 1366 2626 affixa,
1379 2550 1450 2616 Deo
1472 2550 1609 2635 gloriam
1632 2572 1696 2616 non
1715 2549 1813 2632 dedit,
1833 2559 1872 2616 ut
1893 2550 1980 2634 quod
2001 2560 2113 2618 mente

116 2655 153 2699 ae
173 2636 202 2700 si
225 2635 373 2700 mortalis
394 2634 488 2702 foret.
533 2634 720 2716 Quaenam,
747 2635 894 2715 obseoro,
922 2643 1088 2702 oonstaret
1138 2635 1308 2718 oonoipere
1336 2654 1402 2701 non
1428 2644 1556 2718 poterat
1581 2635 1794 2716 miraonlum,
1823 2635 1864 2702 ah
1890 2657 1929 2702 eo
1955 2642 2112 2720 speraret.

116 2719 239 2804 insigni
257 2720 481 2788 huieoraoulo
499 2722 662 2798 maiestas,
684 2721 799 2786 ubido
817 2730 950 2786 aeterna
971 2719 1086 2787 muudi
1138 2718 1291 2785 Notanda
1323 2721 1423 2786 etiam
1455 2721 1635 2787 admonitio
1666 2731 1716 2788 est
1747 2742 1844 2804 quam
1877 2720 1955 2787 inde
1986 2721 2059 2788 ool'
2086 2721 2112 2787 ‘t

115 2805 221 2872 salute
255 2804 386 2889 agitur?
420 2806 556 2872 Probari
589 2807 691 2892 igitur
722 2807 813 2872 nullo
846 2805 940 2873 modo
979 2815 1087 2889 potest
1137 2807 1302 2888 apostolus
1327 2805 1371 2892 (1.
1394 2807 1466 2873 Pet
1495 2808 1533 2886 3,
1555 2805 1599 2894 6),
1628 2807 1714 2890 qnod
1743 2805 1828 2874 Sara
1854 2806 2023 2874 Abraham

116 2912 233 2957 sensns
268 2892 340 2970 ille,
376 2895 430 2975 qui
459 2893 685 2975 promissionis
711 2893 783 2957 vim
809 2901 844 2958 et
878 2893 1086 2958 autoritatem
1136 2892 1264 2957 minum
1296 2914 1393 2958 suum
1426 2903 1531 2960 voeat.
1583 2893 1669 2958 Nam
1703 2893 1855 2959 mulieres
1892 2892 2042 2958 hortatur
2075 2903 2112 2959 ut

113 2998 250 3062 prorsus
271 2987 417 3043 enervat.
461 2978 514 3042 Ad
537 2978 672 3044 verbum
695 2989 762 3044 est:
791 2979 980 3045 Seoundum
1003 2986 1085 3044 tem·
1136 2977 1226 3043 illius
1243 2979 1395 3060 exemplo
1411 2979 1537 3046 maritis
1554 2981 1622 3045 siut
1638 2979 1850 3061 obsequentes
1868 2986 1903 3043 et
1918 2978 2110 3063 morigerae.

114 3085 175 3147 pus
197 3063 300 3129 vitae:
331 3061 417 3147 quod
440 3064 588 3129 nonnulli
617 3062 658 3128 de
679 3062 765 3130 Sara
785 3075 969 3149 exponunt,
997 3085 1034 3130 ae
1057 3065 1085 3130 si
1137 3063 1264 3129 Multae
1282 3064 1412 3146 quidem
1431 3063 1519 3130 huno
1536 3065 1664 3130 maritis
1682 3065 1750 3131 suis
1771 3064 1904 3129 titulum
1926 3083 1991 3129 uon
2013 3085 2112 3150 aegre

115 3149 253 3215 dixisset
271 3149 417 3232 augelus,
435 3159 513 3216 tuno
531 3147 640 3215 edhuo
657 3152 863 3232 superstitem
874 3151 945 3216 fore
957 3149 1085 3216 Suram.
1137 3148 1332 3229 oonoedunt,
1355 3171 1435 3234 quos
1456 3161 1565 3216 tamen
1588 3151 1761 3234 imperioso
1782 3171 1842 3216 suo
1863 3153 1949 3215 laetu
1970 3151 2005 3215 in
2027 3150 2112 3216 ordi·

114 3233 180 3301 Sed
199 3235 322 3301 reotiua
340 3234 380 3299 de
396 3236 484 3300 foetu
502 3236 690 3318 exponitur:
713 3237 878 3319 promittit
894 3237 981 3301 enim
992 3231 1086 3302 Deus
1137 3256 1214 3300 nem
1225 3255 1263 3300 oo
1286 3255 1342 3300 ere
1358 3256 1427 3301 non
1445 3235 1609 3301 dubitant:
1628 3236 1686 3301 sed
1705 3236 1871 3320 apostolus
1888 3256 1946 3318 pro
1964 3237 2111 3303 ooniesso

113 3341 148 3386 se
179 3330 360 3387 venturum
393 3321 478 3385 iusto
511 3331 545 3386 ει
576 3321 722 3405 legitimo
753 3321 902 3406 pariendi
923 3330 1084 3405 tempore:
1138 3321 1247 3404 sumit,
1260 3257 1378 3387 Narem
1396 3342 1438 3386 ex
1457 3321 1558 3386 animi
1578 3342 1677 3388 sensu
1698 3329 1853 3388 testatam
1875 3341 1947 3386 esse
1969 3321 2049 3405 quid
2070 3320 2112 3386 de

112 3415 151 3470 ut
170 3405 257 3472 Sara
274 3405 384 3472 vitalis
406 3406 510 3472 foetus
531 3415 638 3472 mater
660 3408 725 3472 liat.
1137 3408 1254 3473 marito
1275 3408 1427 3472 sentiret:
1457 3426 1518 3472 neo
1538 3428 1617 3474 vero
1638 3406 1772 3473 dubium
1795 3417 1860 3485 est,
1890 3427 1988 3489 quam
2010 3406 2110 3474 verbo

200 3493 253 3558 11.
309 3491 413 3557 Erant
443 3512 531 3558 senes
562 3498 591 3557 et
615 3497 779 3574 provectae
809 3493 931 3558 edatis.
984 3492 1085 3558 Hune
1160 3491 1284 3558 refossa
1311 3502 1362 3558 est
1389 3487 1596 3571 modestiam,
1625 3493 1713 3558 veris
1740 3513 1867 3576 quoque
1893 3493 2009 3558 ultiniis
2034 3513 2110 3577 pro·

111 3597 248 3644 versum
277 3577 393 3643 inserit
413 3577 534 3655 Moses,
556 3589 595 3642 ut
615 3581 756 3644 seiamus
778 3578 894 3644 merito
916 3576 1018 3645 Sarae
1037 3578 1086 3643 vi·
1136 3514 1239 3644 basse.

111 3685 184 3728 enm
207 3664 311 3730 fuisse
331 3662 523 3728 inoredibile
544 3663 630 3746 quod
652 3663 780 3729 dioehat
801 3664 946 3748 angelus
990 3663 1087 3729 Libe-
1224 3665 1273 3730 13.
1303 3663 1349 3730 ut
1380 3664 1463 3729 dixit
1490 3662 1612 3729 IeJtooa.
1662 3663 1751 3745 Quia
1782 3664 1849 3728 iam
1882 3663 2045 3747 pateiaota
2072 3663 2109 3729 iu

110 3769 164 3815 ros
177 3750 270 3814 euim
287 3749 432 3832 promitti
449 3748 622 3832 deorepitis
639 3749 770 3816 senibus
785 3757 916 3831 praeter
932 3758 1085 3815 naturam
1136 3750 1262 3834 angelis
1280 3758 1351 3816 erat
1367 3749 1432 3814 Dei
1452 3750 1614 3828 maiestas,
1635 3749 1705 3814 eius
1727 3769 1846 3815 nomeu
1868 3749 2022 3832 exprimit
2040 3750 2111 3815 Mo-

110 3845 167 3901 est.
215 3833 271 3901 De
301 3833 468 3900 Abraham
496 3846 607 3900 tamen
635 3845 741 3917 potest
770 3836 895 3901 moveri
922 3835 1084 3918 quaestio:
1136 3857 1197 3902 ses.
1240 3836 1338 3901 Prius
1360 3846 1470 3900 autem
1492 3834 1662 3901 doouimus
1683 3856 1747 3918 quo
1768 3855 1866 3901 sensu
1888 3835 1930 3900 ad
1954 3835 2109 3920 angelum

109 3941 211 4004 quum
244 3919 408 3985 interdum
438 3921 519 3986 viris
547 3920 663 3986 ultimo
692 3921 783 3986 senio
810 3921 849 3986 ad
881 3921 1084 4005 gignendum
1136 3923 1352 3987 transferatur
1373 3919 1437 3986 Dei
1459 3940 1594 3986 nomen:
1617 3918 1689 3986 ideo
1706 3941 1795 3988 nuno
1813 3928 1960 4004 repetere
1977 3941 2110 3988 neeesse

109 4005 220 4072 adhue
257 4005 356 4071 mbur
383 4016 549 4089 suppetet:
584 4026 621 4072 ao
648 4007 839 4089 praesertim
869 4007 927 4071 illo
955 4008 1084 4072 saeoqu
1136 4028 1203 4073 non
1233 4017 1298 4072 est:
1329 4007 1391 4072 uisi
1421 4005 1505 4089 quod
1538 4026 1668 4090 semper
1689 4017 1804 4072 notare
1825 4028 1844 4072 o
1868 4027 1942 4072 erae
1964 4009 2109 4092 pretium

108 4114 160 4159 res
182 4111 254 4156 non
278 4092 325 4156 ita
345 4091 408 4156 luit
427 4091 626 4175 infrequens.
660 4090 728 4158 Sed
749 4093 859 4159 Moses
883 4092 936 4156 hie
957 4113 1086 4176 eompa-
1135 4104 1199 4172 εει,
1228 4103 1295 4158 tam
1325 4092 1504 4176 pretiosum
1530 4111 1602 4158 esse
1623 4091 1765 4157 Domino
1793 4027 1931 4158 verbum
1953 4113 2048 4159 suum
2072 4100 2109 4157 ut

107 4179 218 4244 ratius
243 4177 399 4260 loquitur:
428 4198 505 4242 nam
532 4179 609 4260 quia
628 4177 812 4253 Abraham,
840 4177 993 4260 quamdiu
1024 4199 1085 4262 per
1135 4186 1400 4262 repraesentem
1427 4178 1555 4244 oenseri
1584 4177 1681 4258 velit,
1709 4177 1836 4261 quoties
1856 4198 1917 4262 per
1939 4179 2107 4261 ministros

106 4275 254 4329 aetatem
277 4277 414 4347 vegetus
442 4273 527 4340 erat,
558 4284 631 4329 oum
661 4283 764 4328 uxore
786 4263 919 4330 vixerat
946 4265 1083 4330 sterilis:
1134 4285 1212 4331 suos
1233 4265 1385 4348 loquitur.
1430 4261 1559 4329 Deinde
1581 4263 1707 4345 quoties
1728 4283 1764 4328 se
1786 4263 1932 4346 patribus
1953 4264 2106 4330 manifes-

107 4350 163 4415 vix
183 4363 267 4416 tuno
285 4349 392 4431 potnit
408 4369 574 4429 generare,
596 4369 695 4432 quum
715 4351 780 4413 iam
799 4361 884 4415 esset·
901 4351 969 4415 fere
987 4350 1084 4416 semi·
1135 4351 1225 4428 tavit,
1249 4349 1420 4418 Christum
1441 4349 1543 4415 fuisse
1563 4350 1656 4433 quasi
1677 4348 1926 4427 intermedium,
1961 4350 2018 4432 qui
2040 4369 2107 4414 non

106 4445 272 4500 mortuus.
295 4433 468 4500 Ismaelem
479 4434 611 4518 quidem
622 4454 722 4500 senex
734 4444 903 4518 genuerat,
922 4435 979 4503 sed
990 4455 1082 4519 prae-
1134 4444 1261 4502 tantum
1284 4435 1377 4501 verbi
1404 4447 1552 4519 respeotu
1580 4434 1722 4501 sustinet
1742 4434 1806 4499 Dei
1835 4454 2022 4517 personam,
2048 4432 2106 4499 sed

106 4529 159 4586 ter
174 4521 463 4604 exspeotationem.
491 4519 884 4587 Nuneveroduodeoimo
903 4531 976 4605 post
996 4542 1085 4587 anno
1135 4542 1211 4588 vere
1243 4530 1276 4586 ει
1306 4521 1523 4587 essentialiter
1554 4520 1646 4585 Deus
1678 4531 1737 4586 εει.
1785 4517 1871 4601 Quia
1899 4528 2010 4584 autem
2039 4541 2106 4586 non

105 4619 241 4692 patrem
259 4627 301 4672 ex
318 4605 428 4671 uetula
446 4606 627 4688 effoetaque
648 4607 787 4671 muliere
808 4606 879 4672 lieri
901 4628 1003 4690 posse,
1026 4608 1084 4672 vix
1134 4607 1279 4673 humano
1312 4605 1431 4672 iudieio
1464 4604 1705 4690 dreprehonsus
1738 4605 1846 4670 fuerat
1877 4606 1964 4671 risus
1993 4604 2105 4684 Sarae,

105 4691 268 4758 eredibile
289 4701 369 4757 erat.
410 4692 590 4775 Praeoipue
611 4702 720 4758 mmen
744 4692 853 4758 Moses
874 4693 910 4756 in
931 4691 1017 4758 Sara
1036 4693 1085 4757 in·
1133 4693 1205 4758 ideo
1237 4691 1358 4758 diserte
1389 4699 1530 4758 testatur
1562 4691 1670 4757 Moses
1701 4691 1934 4773 reprehensum
1965 4691 2108 4758 fuiseea

103 4780 211 4845 sistit:
251 4777 330 4862 quia
358 4778 398 4843 ab
429 4798 469 4844 ea
496 4777 677 4842 maximum
705 4786 776 4842 erat
802 4776 1082 4860 impedimentum.
1135 4779 1215 4844 Deo.
1270 4778 1380 4862 Atque
1413 4779 1477 4843 huo
1504 4777 1671 4860 pertinent
1702 4777 1982 4856 eiroumstantiae,
2020 4775 2107 4859 quod

106 4864 306 4942 Οεεεαεεναι,
327 4862 443 4945 inquit,
462 4863 536 4944 fieri
559 4863 661 4928 Sorae
681 4864 850 4929 mandam
867 4865 954 4928 oium
975 4864 1083 4929 malie
1133 4864 1379 4931 tabernaoulum
1408 4863 1549 4928 fluenta
1576 4873 1668 4945 tergo
1697 4862 1824 4947 angeli,
1851 4869 1884 4926 ει
1907 4859 1991 4927 Sara
2016 4863 2105 4928 iutra

102 4971 186 5016 ram.
225 4947 302 5030 Quo
364 4969 443 5014 nere
463 4948 616 5030 loquendi
637 4947 820 5014 vereounde
841 4969 970 5014 menses
990 4959 1085 5014 notat
1133 4969 1177 5028 se,
1211 4971 1279 5014 non
1311 4969 1420 5016 eoram
1450 4948 1539 5026 ahie,
1572 4947 1690 5012 riserit
1733 4947 1960 5030 Reprehensio
1993 4959 2103 5013 autem

103 5037 161 5120 qui
183 5033 321 5100 mulieri
343 5055 383 5099 us
403 5035 518 5100 fluunt.
554 5033 631 5101 Una
652 5047 762 5099 autem
783 5056 859 5100 oum
878 5037 970 5100 fluxu
990 5055 1083 5098 men·
1132 5035 1276 5102 ostendit
1296 5057 1371 5102 oum
1388 5033 1619 5100 ineredulitate
1639 5033 1740 5099 luisse
1767 5033 1978 5099 ooniunotum
1999 5032 2103 5099 Sarae

102 5133 200 5188 struo
223 5120 347 5185 desinit
367 5119 567 5203 oonoipiendi
589 5118 738 5186 faoultas.
1131 5121 1244 5187 risum.
1287 5120 1402 5204 Neque
1426 5121 1515 5186 enim
1544 5119 1617 5185 leve
1645 5118 1757 5185 subest
1781 5117 1908 5202 pondus
1929 5118 2005 5186 huio
2026 5139 2101 5184 sen·

192 5207 250 5272 12.
300 5204 346 5270 Et
375 5207 450 5272 risit
483 5206 570 5270 intro
608 5225 642 5270 ee
675 5204 769 5270 Suro.
807 5204 952 5274 ,Risarat
979 5205 1079 5270 etiam
1129 5207 1268 5272 tentiae:

102 5295 201 5379 prius
231 5289 419 5370 Abraham,
447 5301 485 5356 ut
510 5291 659 5373 proximo
680 5290 784 5373 eapite
806 5289 913 5358 visum
935 5300 999 5354 est:
1022 5288 1080 5355 sed
1216 5292 1272 5357 Aa
1296 5290 1367 5357 Deo
1393 5291 1566 5374 qaidqteom
1585 5295 1687 5373 potest
1713 5308 1779 5355 esee
1804 5287 2000 5370 mirificatae?
2034 5289 2101 5356 Sed

100 5381 250 5447 minime
280 5377 398 5443 similis
426 5378 487 5442 luit
511 5376 680 5442 amborum
707 5375 803 5442 risus.
848 5375 964 5458 Neque
992 5375 1079 5441 euim
1131 5377 1270 5461 angelus
1293 5375 1408 5444 Sarum
1435 5377 1586 5462 obiurgat
1606 5374 1692 5460 quod
1714 5372 1778 5441 Dei
1805 5375 1984 5458 potentiam
2011 5376 2101 5443 iutra
