4988 6192
401 452 466 522 aar
668 423 671 429 '
1061 453 1432 524 oouunursarus
1451 456 1502 523 ιι
1524 455 1738 525 ιιιιιιιι.
2317 460 2368 527 ιιι
2458 516 2459 526 ι

405 661 423 706 ι
450 640 538 710 coelo
564 643 600 706 in
633 651 765 709 terram.
816 642 913 725 Quod
940 664 960 709 a
991 641 1185 725 quibusdam
1217 643 1378 710 Hebraeis
1428 644 1502 711 dem
1524 644 1694 724 maiestas,
1716 666 1798 729 quae
1819 665 1854 712 se
1875 643 1930 713 hic
1950 643 2159 728 conspicuam
2180 644 2299 728 profert
2316 655 2368 713 ter·

406 727 493 796 scala
515 729 671 812 accipitur
686 749 747 811 pro
765 729 871 814 ligura
888 727 1018 794 divinae
1040 730 1272 814 providentiae,
1295 750 1377 813 quae
1427 751 1534 796 rorem
1555 730 1703 799 incutere
1724 731 1828 810 debet,
1852 738 1889 796 ut
1910 750 2007 797 omne
2023 751 2111 815 genu
2127 750 2235 796 coram
2255 729 2370 800 Christo

404 812 484 880 coeli
501 821 535 880 et
552 822 657 881 terrae
675 815 942 899 gubernationem
960 813 1195 898 complectitur,
1215 814 1375 899 quadrare
1427 825 1591 894 curvetur,
1614 837 1689 882 eum
1711 816 1891 900 suspiciant
1902 825 1998 900 atque
2019 815 2155 883 adorent
2175 836 2285 882 omnes
2301 837 2370 884 creo

403 919 470 964 non
492 907 613 983 potest:
639 899 727 965 aliud
749 901 835 966 enim
858 901 990 984 signum
1011 901 1121 984 aptius
1144 900 1285 966 dedisset
1307 899 1377 964 Do·
1427 911 1529 980 turae,
1552 909 1586 968 ιι
1606 902 1700 968 ιιιιιι
1720 901 1756 968 ιι
1778 913 1953 986 conspectu
1973 902 2045 969 eius
2065 901 2172 968 omnis
2193 921 2276 968 caro.
2316 901 2370 970 Sed

404 985 526 1051 minus.
561 985 663 1052 Nobis
686 1006 764 1051 vero
782 986 835 1069 qui
857 986 1056 1070 principium
1078 985 1139 1052 hoc
1161 995 1319 1065 tenemus,
1342 987 1377 1050 in
1427 988 1531 1053 amica
1563 995 1597 1054 et
1629 988 1740 1054 suavis
1770 987 1840 1055 eius
1872 989 1980 1072 imago
2020 987 2116 1053 simul
2155 987 2310 1072 pingitur,
2341 995 2370 1054 ιι

405 1070 539 1137 christo
564 1070 738 1137 fundatum
767 1072 867 1137 fuisse
895 1072 959 1138 Dei
987 1070 1118 1148 foedus,
1146 1081 1179 1138 et
1207 1070 1376 1138 Ohristum
1427 1073 1569 1139 sciamus
1606 1075 1677 1140 eius
1712 1073 1870 1141 descensu
1903 1074 2032 1140 coelum
2067 1072 2161 1139 nobis
2195 1093 2267 1138 essa
2295 1093 2371 1156 aper·

404 1157 543 1222 eundem
572 1163 738 1222 aeternam
768 1157 865 1224 fuisse
898 1158 1075 1242 imaginem
1100 1158 1218 1242 patris,
1251 1158 1286 1222 iu
1313 1178 1377 1242 qua
1426 1165 1509 1237 tum,
1549 1167 1581 1222 et
1613 1159 1747 1244 angelos
1780 1160 1874 1226 nobis
1910 1158 2087 1224 familiares
2128 1177 2198 1223 esse
2238 1157 2370 1228 redditos

405 1242 527 1309 sanctis
553 1240 701 1326 patribus
729 1263 764 1307 se
791 1243 958 1328 patefecit,
990 1241 1074 1309 nihil
1103 1245 1136 1308 iu
1163 1242 1224 1308 hac
1252 1241 1377 1308 visione
1426 1242 1513 1310 Nam
1552 1243 1629 1310 inde
1673 1244 1766 1311 nobis
1811 1246 1956 1310 fraterna
2000 1263 2075 1310 oum
2112 1242 2192 1326 ipsis
2238 1244 2372 1324 societas,

405 1327 597 1411 perplexum
637 1334 687 1392 ιιι
719 1326 771 1393 ιιι
810 1328 1010 1412 ambignum.
1066 1328 1151 1394 Nam
1185 1348 1283 1411 quum
1317 1348 1375 1411 per
1425 1327 1512 1413 quod
1532 1349 1704 1396 commune
1724 1329 1896 1414 utriusque
1917 1336 2015 1412 capnt
2041 1329 2214 1395 stationem
2238 1327 2372 1395 habetin

404 1422 573 1498 peccatum
595 1413 727 1478 alienati
745 1413 814 1478 sint
829 1412 979 1480 homines
997 1435 1016 1480 a
1034 1412 1116 1494 Deo,
1139 1415 1288 1497 quamvis
1304 1413 1376 1496 ipse
1427 1423 1524 1480 terra.
2311 1479 2312 1482 ,

404 1501 514 1564 οιιιιι
544 1498 677 1581 impleat
709 1518 769 1564 sua
800 1498 924 1565 virtute
955 1508 990 1564 et
1021 1500 1197 1578 sustineat,
1231 1520 1251 1564 a
1283 1498 1375 1565 uobis
1514 1500 1564 1578 13.
1586 1499 1655 1585 Epo
1681 1499 1796 1566 Iebooa
1824 1497 1913 1566 Dorta
1938 1497 2110 1565 Abrohom.
2157 1497 2231 1565 Hoc
2257 1499 2374 1566 tertium

403 1591 513 1650 tamen
536 1605 603 1650 non
624 1584 806 1669 percipitur
827 1585 885 1650 illa
912 1584 1180 1662 communicatio,
1211 1604 1294 1666 quae
1315 1604 1376 1649 noa
1427 1591 1476 1650 est
1497 1594 1603 1669 caput,
1625 1586 1711 1671 quod
1729 1583 1910 1652 notandum
1927 1605 1999 1651 esse
2018 1575 2103 1650 dixi:
2125 1583 2284 1668 frigerent
2301 1586 2374 1650 enim

404 1670 548 1737 vicissim
559 1668 600 1734 ad
617 1670 726 1753 iprum
743 1669 878 1736 alliciat:
897 1671 978 1753 quin
995 1670 1104 1753 potius
1124 1669 1189 1737 tale
1206 1667 1375 1736 dissidium
1426 1679 1538 1736 mutae
1557 1673 1708 1738 visiones:
1731 1671 1842 1754 itaque
1863 1670 1998 1736 verbum
2009 1669 2146 1734 Domini
2167 1671 2260 1753 quasi
2281 1672 2375 1736 anima

403 1765 469 1835 ιιι,
498 1765 534 1822 ιι
563 1776 637 1821 curn
661 1777 680 1821 a
703 1755 798 1822 nobis
825 1775 977 1822 aversum
1005 1776 1076 1822 esse
1105 1763 1271 1839 putantes,
1301 1775 1375 1820 eum
1427 1764 1478 1822 est
1499 1776 1582 1839 qnae
1603 1778 1658 1824 eas
1676 1757 1829 1824 vivificat.
1862 1757 1990 1840 Figura
2009 1755 2111 1840 igitur
2128 1755 2234 1820 scalae
2256 1756 2375 1822 inferior

404 1841 550 1916 vicissim
574 1841 749 1926 fugiamus.
793 1840 897 1907 Porro
925 1840 1049 1926 angeli,
1077 1839 1194 1925 quibus
1222 1839 1377 1906 mandata
1427 1839 1591 1925 appendix
1625 1843 1687 1909 fuit
1718 1842 1816 1909 huius
1847 1839 2087 1926 promissionis:
2122 1841 2218 1906 sicuti
2246 1842 2376 1908 externis

403 1917 454 1994 ιιι
471 1925 607 1992 humani
624 1926 755 2011 generis
773 1925 927 2007 custodia,
944 1927 1073 1992 tametsi
1088 1926 1126 2000 in
1142 1946 1238 1992 sunm
1254 1945 1376 1991 munus
1426 1927 1581 2012 symbolis
1603 1927 1694 1995 Deus
1717 1929 1852 1995 verbum
1876 1947 1971 1993 snum
1991 1924 2135 1992 illustrat
2156 1933 2191 1990 ιι
2211 1937 2316 2004 ornat,
2341 1935 2374 1992 ιι

393 2023 535 2079 ιιιιιιιι
555 2011 758 2090 incumbunt,
781 2033 847 2077 non
865 2021 974 2080 tamen
995 2020 1111 2077 mutuo
1132 2011 1376 2078 communicant
1427 2012 1531 2078 maior
1551 2013 1597 2078 illi
1621 2023 1690 2079 tum
1704 2013 1835 2081 claritas
1853 2023 1925 2079 tum
1942 2011 2102 2078 autoritas
2119 2011 2262 2078 accedat.
2293 2011 2375 2078 Unde

402 2097 582 2177 nobiscum,
604 2105 641 2164 ut
662 2098 831 2163 familiaris
849 2097 894 2164 ιιι
911 2105 945 2163 ιι
962 2097 1053 2180 quasi
1075 2097 1238 2164 sensibilis
1260 2116 1374 2162 eorum
1426 2097 1526 2163 etiem
1546 2099 1723 2182 probamus
1752 2098 1869 2166 frivola
1889 2118 1960 2164 esse
1982 2105 2185 2164 sacramenta
2204 2097 2240 2162 in
2257 2107 2376 2181 papatu,

401 2183 636 2269 propinquitas.
682 2182 779 2250 Solus
808 2203 887 2269 ergo
908 2181 1060 2249 Christus
1087 2191 1139 2249 ιιι
1167 2183 1223 2266 qui
1248 2182 1376 2248 coelum
1427 2183 1503 2265 quia
1523 2184 1615 2250 nulla
1635 2185 1702 2252 illic
1721 2183 1787 2252 Dci
1809 2204 1874 2250 vox
1896 2181 2029 2248 auditur
2049 2202 2131 2265 quae
2153 2183 2283 2248 animas
2302 2181 2376 2249 aedi·

401 2277 511 2336 terrae
538 2269 724 2354 coniungit:
757 2267 811 2336 hic
833 2269 922 2335 solus
944 2278 993 2334 ιιι
1021 2267 1197 2346 mediator,
1226 2268 1282 2351 qui
1303 2289 1376 2351 per·
1426 2268 1511 2334 ficet.
1555 2270 1715 2336 Notemus
1742 2271 1870 2354 itaque,
1897 2269 2016 2348 Deum,
2041 2268 2167 2351 quoties
2189 2289 2225 2334 se
2247 2268 2378 2352 patribus

401 2355 547 2440 tingite
568 2354 656 2421 coelo
685 2375 788 2438 usque
815 2354 857 2419 ad
878 2362 1017 2420 terram:
1045 2353 1102 2418 ille
1124 2353 1210 2418 idem
1240 2359 1291 2419 ιιι
1317 2373 1377 2436 per
1427 2353 1578 2433 ostendit,
1599 2354 1770 2439 loquutum
1792 2376 1871 2434 esse,
1895 2375 1936 2419 ne
1956 2372 2132 2436 suspensos
2154 2362 2281 2420 teneret
2298 2361 2378 2418 muta

402 2462 500 2524 quern
523 2443 669 2505 omnium
699 2441 858 2505 bonorum
880 2438 1069 2510 coelestium
1091 2437 1261 2523 plenitudo
1282 2436 1376 2504 deor·
1427 2439 1518 2506 risio.
1540 2440 1683 2507 Nomine
1704 2454 1771 2510 mn*
1798 2439 1951 2507 admonet
1974 2440 2065 2504 Deus
2093 2459 2128 2505 ιι
2155 2437 2292 2506 unicum
2319 2458 2379 2504 ιιιι

404 2545 478 2592 sum
500 2523 541 2589 ιι
564 2545 623 2590 ιιι
650 2525 740 2604 fluit,
769 2545 893 2608 nosque
921 2525 1066 2592 vicissim
1097 2523 1138 2591 ιι
1160 2522 1270 2589 Deum
1299 2543 1377 2590 con·
1427 2524 1542 2592 mundi
1558 2526 1721 2610 opificem,
1750 2548 1792 2592 ne
1820 2527 1901 2591 alios
1933 2524 1994 2592 sibi
2024 2522 2100 2589 deos
2126 2533 2265 2607 quaerat
2285 2523 2379 2590 Iacob.

282 2627 287 2634 '
401 2610 598 2678 scandimus.
637 2608 730 2676 Idem
753 2631 853 2693 quum
875 2611 918 2678 sit
939 2622 1040 2694 caput
1059 2609 1260 2694 angelorum,
1277 2609 1377 2674 efficit
1428 2608 1495 2676 Sed
1518 2612 1595 2696 quia
1615 2633 1674 2696 per
1695 2633 1730 2679 ιι
1751 2609 2089 2695 incomprehensibilis
2110 2619 2161 2675 ιιι
2184 2610 2257 2676 ιιιι
2276 2611 2378 2674 ιιιιιι-

402 2705 440 2762 ιι
473 2696 627 2763 membris
659 2697 727 2762 sois
758 2695 900 2762 temonis
931 2696 1126 2762 ministrent.
1180 2695 1295 2778 Itaque
1325 2693 1377 2780 (ot
1428 2703 1487 2778 ιιι,
1509 2705 1547 2762 ιι
1567 2718 1603 2763 ιι
1624 2698 1666 2764 ιι
1688 2706 1822 2782 captum
1842 2696 1930 2763 servi
1952 2695 2003 2762 sui
2024 2697 2257 2774 accommodet,
2283 2697 2379 2762 statim

400 2781 541 2867 legimus
562 2782 679 2848 Iohau.
703 2782 739 2863 1,
771 2781 826 2868 51)
854 2781 943 2848 hunc
972 2781 1035 2848 sibi
1061 2781 1218 2848 bonorem
1245 2781 1376 2864 proprie
1427 2779 1574 2850 additae
1596 2804 1666 2850 osse
1688 2784 1797 2850 Deum
1820 2781 1977 2849 Abrahae
2003 2788 2036 2845 et
2056 2779 2159 2846 Ιιιιι.
2203 2781 2278 2848 Etsi
2305 2780 2380 2846 cuim

402 2867 556 2948 uindicat,
578 2867 663 2951 quod
685 2875 858 2951 postquam
880 2867 1109 2934 manifestatus
1125 2866 1225 2933 fuerit
1242 2865 1374 2946 mundo,
1426 2888 1560 2936 necesse
1580 2876 1632 2936 ιιι
1649 2877 1761 2936 ιιιιιι
1782 2869 1890 2935 Deum
1917 2887 2014 2951 quem
2042 2865 2195 2946 colimus,
2226 2889 2299 2934 eum
2321 2886 2382 2931 esse

402 2953 511 3038 angeli
545 2952 723 3020 ascendant
746 2973 791 3020 ac
824 2951 1030 3019 descendent.
1078 2953 1169 3037 Ergo
1197 2951 1226 3018 ιι
1255 2952 1375 3019 ιιιιιιι
1427 2955 1482 3039 qui
1504 2954 1592 3022 solua
1613 2965 1677 3021 est:
1703 2954 1779 3038 quia
1801 2962 1910 3020 tamen
1928 2951 2006 3018 dum
2028 2949 2069 3016 ad
2091 2951 2163 3016 eius
2185 2952 2381 3018 altitudinem

403 3038 541 3105 dicimus
563 3060 634 3104 esse
657 3037 783 3105 Christi
812 3037 970 3123 effigiem,
998 3037 1080 3104 haec
1108 3038 1265 3121 expositio
1292 3037 1375 3108 nihil
1427 3039 1573 3124 aspirant
1589 3061 1705 3107 sensus
1721 3039 1836 3120 nostri,
1853 3039 1939 3104 inter
1956 3038 2063 3121 prima
2073 3036 2168 3103 initia
2182 3047 2384 3114 evanescunt,

401 3124 503 3190 habet
517 3126 679 3190 'coactum
724 3123 809 3190 Nam
831 3124 936 3191 scolae
958 3123 1137 3190 similitudo
1158 3123 1279 3207 optime
1300 3144 1376 3189 con·
1427 3125 1563 3194 colenda
1580 3125 1672 3194 nobis
1694 3125 1807 3191 sedulo
1829 3132 1878 3192 est
1898 3124 1980 3189 haec
1997 3122 2166 3203 sobrietas,
2199 3145 2244 3190 ne
2261 3124 2332 3208 plus
2349 3120 2382 3186 ιι

402 3211 494 3277 ιιιιι
522 3209 707 3290 ιιιιιιιιιι,
735 3230 794 3293 per
821 3230 934 3294 quem,
962 3208 1145 3275 ministerio
1174 3208 1375 3293 angelorum,
1427 3212 1498 3296 ipso
1526 3213 1609 3278 scire
1635 3219 1827 3296 appetamus
1853 3231 1950 3294 quam
1971 3207 2065 3274 nobis
2081 3210 2241 3277 ostendit:
2272 3219 2306 3275 et
2325 3209 2384 3291 ipso

403 3295 527 3361 iustitia
560 3303 593 3360 et
626 3295 707 3376 vita,
739 3316 852 3362 omnes
874 3317 917 3360 ue
948 3294 1083 3380 spiritus
1114 3293 1220 3361 sancti
1250 3293 1377 3379 gratiae
1426 3317 1487 3382 pro
1508 3297 1669 3364 immensa
1690 3317 1749 3364 sua
1769 3296 1915 3363 bonitate
1936 3293 1978 3360 ad
1999 3301 2148 3360 nostrum
2170 3295 2339 3362 modulum
2355 3312 2385 3358 ιι

402 3382 565 3466 gradatim
589 3380 630 3446 ιι
651 3403 710 3446 ιιι
732 3317 943 3448 descendunt.
987 3381 1055 3447 Nos
1077 3381 1190 3460 etiam,
1245 3381 1280 3444 ui
1309 3400 1376 3445 non
1427 3381 1673 3448 accommodans
1704 3381 1787 3448 nihil
1816 3381 1938 3447 omittit
1958 3378 2044 3463 quod
2065 3379 2221 3464 expediat
2241 3381 2279 3446 in
2308 3377 2384 3446 saln-

403 3475 532 3533 tantum
556 3486 684 3534 eramus
707 3465 808 3534 defixi
829 3467 865 3532 in
886 3474 983 3545 terra,
1006 3465 1121 3533 sedin
1142 3400 1377 3532 maledictionis
1427 3475 1493 3534 tem
1516 3475 1670 3534 nostram.
1709 3467 1798 3550 Quia
1817 3475 1936 3534 autem
1965 3463 2104 3548 speciale
2125 3465 2244 3532 foedus
2265 3467 2386 3562 pcpige

405 3551 535 3634 abysso,
567 3553 711 3636 ipsisque
739 3553 853 3619 inferis
880 3550 1036 3632 demersi,
1069 3549 1110 3618 ad
1138 3551 1248 3616 Deum
1273 3569 1377 3635 usque
1426 3563 1479 3619 rat
1500 3573 1573 3619 cum
1591 3551 1759 3620 Abraham
1782 3552 1927 3631 etIsaac,
1945 3552 2056 3617 Deum
2076 3571 2112 3616 se
2132 3552 2269 3620 illorum
2292 3571 2384 3617 nonu·

404 3636 659 3704 conscendimus.
705 3636 820 3705 Scalae
847 3645 956 3703 autem
984 3635 1104 3703 insidet
1132 3636 1223 3703 Deus
1253 3636 1377 3701 exerci-
1427 3659 1520 3716 nans,
1542 3637 1709 3706 adversm
1719 3639 1798 3706 fidei
1814 3638 1977 3724 originem
1994 3643 2125 3703 revocat
2143 3659 2282 3704 serrum
2300 3656 2387 3703 suum

404 3734 516 3790 tuum:
536 3726 612 3806 quio
633 3724 669 3789 in
688 3723 820 3790 Christo
841 3723 969 3789 habitat
989 3720 1157 3807 plenitudo
1179 3721 1376 3787 divinitatis:
1427 3725 1533 3805 Iacob,
1557 3733 1590 3790 ιι
1609 3724 1646 3790 ιι
1667 3731 1823 3810 perpetuo
1844 3724 1972 3790 foedere
1993 3743 2069 3788 eum
2090 3724 2222 3790 retinet.
2248 3725 2322 3790 Hoc
2341 3742 2386 3787 sa·

405 3817 439 3876 et
466 3809 544 3876 hinc
576 3809 675 3874 etiam
705 3810 744 3875 lit
772 3819 811 3874 nt
837 3807 879 3875 ad
910 3809 1035 3876 coelum
1068 3828 1170 3890 usque
1202 3808 1376 3892 pertingat.
1427 3831 1520 3876 crum
1541 3820 1592 3876 est
1615 3811 1746 3894 piet-atis
1767 3803 1935 3878 ιιιιιιιιι
1964 3828 2027 3892 quo
2048 3808 2134 3874 inter
2160 3831 2196 3875 se
2219 3809 2389 3875 cohaerent

405 3895 551 3961 Tametsi
574 3894 661 3959 enirn
683 3892 846 3962 humanae
867 3894 966 3961 etiam
984 3895 1055 3960 eius
1076 3901 1215 3958 naturae
1233 3890 1311 3958 data
1327 3900 1378 3959 est
1427 3916 1541 3962 omnes
1562 3895 1622 3962 filii
1634 3895 1706 3974 Dei,
1729 3916 1830 3980 quum
1851 3915 1870 3960 a
1891 3895 1998 3978 primo
2021 3892 2063 3959 ad
2084 3893 2240 3960 ultimum
2260 3893 2387 3962 oandcm

407 3981 675 4048 aPatreomnis
701 3988 860 4064 potestas,
886 3987 1086 4046 nontamen
1107 3977 1205 4044 fidem
1232 3987 1377 4044 nostram
1426 3981 1543 4048 salutis
1573 3982 1821 4066 promissionem
1854 3979 2006 4059 audiunt,
2046 3987 2080 4043 et
2112 3983 2328 4048 consentiunt
2358 3978 2390 4044 ιι

402 4086 482 4133 rere
503 4064 641 4144 fulciret,
661 4065 726 4130 nisi
746 4077 833 4132 esset
851 4066 943 4133 Deus
965 4066 1000 4131 in
1021 4084 1119 4131 carne
1140 4063 1376 4130 manifestatus.
1427 4087 1518 4151 spem
1540 4088 1651 4134 unam.
1683 4069 1792 4150 Atque
1813 4066 1867 4133 ιιι
1887 4067 2012 4132 fructus
2033 4074 2084 4130 est
2104 4066 2175 4133 eius
2196 4065 2389 4133 benedictio-

406 4153 475 4218 Noc
497 4151 602 4218 obstat
625 4150 709 4235 quod
732 4150 858 4217 Christi
879 4172 997 4235 corpus
1018 4151 1147 4215 finitum
1171 4157 1229 4228 est,
1251 4158 1288 4214 ut
1308 4169 1378 4216 coe·
1427 4154 1480 4220 nia
1500 4174 1599 4237 quam
1617 4172 1722 4236 nuper
1743 4175 1762 4218 a
1784 4161 1877 4236 patre
1898 4158 2082 4235 acceperat:
2115 4152 2192 4234 qnia
2220 4154 2318 4219 Deus
2341 4169 2390 4214 oro

404 4237 475 4304 lum
496 4246 528 4301 ιι
549 4244 672 4302 terram
694 4237 828 4303 minime
850 4238 998 4322 impleat:
1021 4236 1097 4318 quia
1117 4235 1237 4318 ubique
1259 4234 1378 4304 diffusa
1428 4259 1488 4306 suo
1508 4239 1704 4321 pronunciat
1725 4258 1802 4303 eum
1823 4237 1962 4304 foederis
1984 4235 2168 4316 haeredem,
2195 4259 2240 4303 ne
2264 4246 2392 4322 putetur

407 4332 459 4390 est
480 4323 549 4388 eius
577 4323 683 4406 gratia
710 4329 745 4387 et
771 4323 885 4388 virtus.
928 4319 1024 4389 Unde
1051 4333 1084 4387 ιι
1112 4329 1195 4386 ιιιιι
1216 4320 1321 4386 Paulo
1342 4323 1376 4386 in
1427 4325 1525 4390 inane
1542 4323 1642 4390 fuisse
1663 4323 1806 4389 hominis
1827 4322 2046 4408 praeconium.

406 4407 512 4475 coelos
534 4405 681 4473 ascendit
702 4417 739 4472 ut
759 4407 911 4492 impleret
931 4407 1050 4474 omnia.
1094 4405 1163 4488 Qui
1184 4407 1375 4489 particulam
1516 4409 1648 4475 Turum
1672 4410 1709 4476 io
1736 4429 1799 4492 qua
1826 4409 1954 4476 dormis.
1998 4408 2135 4473 Terram
2157 4409 2228 4474 eius
2261 4407 2392 4494 posteris

406 4479 743 4576 51²,vertuntpropq
766 4503 869 4560 totum
888 4513 1021 4559 sensum
1042 4501 1264 4574 corrumpunt.
1307 4492 1377 4558 Ex·
1427 4494 1528 4562 fnisse
1550 4494 1658 4561 datam
1680 4495 1836 4579 legimus:
1865 4495 1936 4578 ipse
1963 4514 2041 4559 vero
2070 4515 2135 4559 non
2162 4494 2274 4561 solum
2297 4511 2393 4576 usqne

406 4580 549 4664 primore
567 4579 653 4643 enim
672 4578 897 4646 voluitMosee
914 4580 1045 4663 plenam
1062 4577 1217 4643 deitatem
1234 4576 1379 4644 residere
1428 4578 1470 4646 ad
1491 4593 1631 4646 mortem
1652 4580 1687 4645 in
1710 4600 1749 4646 ea
1765 4579 1828 4645 fuit
1849 4579 1983 4663 hospes,
2012 4579 2070 4645 sed
2091 4599 2134 4644 no
2156 4582 2243 4646 mori
2268 4579 2393 4664 quidem

406 4667 441 4731 ιι
463 4663 650 4729 mediatoris
679 4685 825 4748 persona.
870 4665 938 4731 Neo
966 4683 1044 4730 vero
1067 4662 1219 4729 Christus
1247 4671 1377 4730 tantum
1427 4666 1542 4749 potuit.
1591 4664 1688 4733 Unde
1715 4665 1913 4766 colligimus,
1946 4665 2006 4730 sub
2039 4673 2147 4730 terrae
2173 4666 2320 4751 pignore
2347 4661 2392 4728 rel

407 4749 449 4816 ad
465 4771 526 4815 nos
545 4748 688 4826 accessit,
711 4748 766 4815 sod
785 4751 893 4815 induit
910 4759 1062 4815 naturam
1085 4757 1242 4825 nostram,
1263 4757 1301 4814 ut
1318 4763 1377 4815 nos
1427 4751 1527 4818 arrha
1539 4749 1662 4835 aliquid
1672 4751 1703 4817 ei
1721 4750 1836 4817 melros
1853 4758 1887 4816 et
1906 4751 2125 4834 praestantius
2142 4751 2248 4818 fuisso
2269 4753 2395 4818 datum:

407 4857 512 4900 unum
531 4856 642 4900 secum
659 4836 810 4902 efficeret.
845 4834 944 4916 Quod
961 4845 1067 4900 autem
1086 4834 1174 4900 scala
1190 4833 1376 4918 symbolum
1427 4837 1522 4903 sicuti
1533 4836 1702 4903 Abraham
1721 4836 1899 4920 spiritualis
1917 4837 1980 4903 fuit
1995 4837 2066 4902 eius
2087 4845 2195 4902 terrac
2217 4855 2394 4921 possessor,

405 4921 505 4986 fuerit
522 4920 655 4998 Christi,
678 4920 759 4987 haec
777 4922 876 4986 otiam
894 4922 977 4986 ratio
999 4921 1178 5000 confirmat,
1200 4921 1277 5003 quia
1294 4920 1377 4986 nihil
1427 4944 1465 4988 ac
1486 4921 1575 4988 nudo
1592 4922 1662 4988 eius
1677 4922 1801 4988 intuitu
1819 4930 2000 4999 contentus,
2023 4921 2058 4986 in
2075 4921 2201 4988 coelum
2221 4923 2397 5007 praecipue

329 5009 341 5030 '
406 5027 461 5073 ma
487 5009 512 5072 's
535 5015 789 5072 consentaneum
811 5007 874 5071 fuit
896 5025 993 5090 qnam
1016 5019 1053 5070 ut
1070 5006 1162 5072 Deus
1179 5004 1214 5070 ιι
1232 5006 1300 5072 filio
1318 5028 1377 5073 ιιι
1427 5009 1583 5091 suspexit.
1628 5008 1786 5074 Notcmus
1814 5015 1937 5088 autem,
1967 5027 2077 5072 samen
2105 5006 2204 5073 Iacob
2239 5010 2298 5075 hic
2326 5007 2396 5073 reli·

405 5093 457 5159 foe
481 5115 519 5158 ιι
555 5101 706 5157 aeternae
737 5093 851 5158 salutis
881 5092 1022 5158 sanciret
1053 5110 1147 5156 servo
1179 5111 1237 5156 suo
1268 5090 1376 5158 Iacob.
1427 5094 1500 5177 quis
1527 5091 1680 5159 Abrahae
1704 5093 1782 5160 liliis
1806 5093 1943 5178 opponi,
1976 5093 2031 5174 qui
2058 5092 2243 5159 secundum
2268 5112 2395 5162 carnem

406 5181 517 5262 Atque
539 5176 615 5243 hinc
637 5175 678 5240 ad
701 5198 759 5243 nos
780 5179 928 5260 pervenit
949 5175 1184 5243 inaestimabile
1210 5176 1376 5262 gaudium,
1427 5201 1468 5244 ex
1490 5200 1528 5245 eo
1550 5179 1732 5262 promiscue
1753 5199 1857 5263 genus
1879 5176 2053 5259 ducebant,
2075 5177 2131 5246 sed
2155 5185 2286 5247 exsecti
2308 5189 2399 5246 erant

406 5262 463 5328 ubi
493 5260 643 5328 audimus
664 5262 835 5328 Christum
864 5265 912 5331 ita
943 5262 1101 5330 excellere
1133 5283 1233 5345 supra
1264 5284 1377 5329 omues
1427 5273 1565 5350 agente
1584 5271 1706 5330 sancta.
1741 5265 1795 5330 Ex
1817 5284 1880 5348 quo
1897 5283 1977 5330 vero
1998 5263 2140 5348 ingressi
2161 5273 2244 5331 sunt
2265 5267 2328 5333 filii
2347 5265 2397 5331 Ia·

407 5357 586 5430 creaturas,
608 5356 646 5412 ut
667 5348 711 5414 sit
732 5361 842 5414 ιιιιιι
864 5351 955 5416 nobis
977 5348 1181 5416 coniunctus.
1220 5348 1285 5415 Dei
1305 5349 1375 5432 qui·
1426 5351 1485 5417 ιιι
1506 5351 1543 5416 in
1563 5358 1688 5416 terram
1705 5349 1873 5432 chanaan,
1894 5355 2051 5434 perpetua
2071 5348 2137 5417 illis
2157 5350 2224 5416 fuit
2249 5352 2400 5420 haeredi·
