5000 6208
335 359 395 424 191
995 353 1367 423 COMMENTARIUS
1390 355 1440 420 IN
1463 355 1678 427 GENESIN.
2277 359 2340 424 192

329 546 416 612 nihil
440 546 559 610 mirum
581 545 610 610 si
630 561 726 627 saepe
748 543 784 608 in
807 545 949 610 ecclesiis
971 545 1163 610 exoriantur
1184 544 1308 620 turbae,
1335 547 1337 554 ’
1449 541 1499 608 10.
1530 542 1574 608 Et
1602 543 1714 608 hecolt
1743 543 1802 610 Lot
1833 543 1942 610 mulos.
1996 543 2103 611 Sicuti
2135 567 2201 611 non
2236 567 2339 629 parva

333 631 391 697 nbi
413 633 517 697 maior
542 637 591 694 est
618 629 788 694 hominum
816 650 982 696 numerus.
1027 629 1154 694 Habuit
1181 629 1309 695 circiter
1361 627 1457 694 lande
1476 628 1576 713 digua
1593 630 1654 695 suit
1673 630 1783 695 Abrae
1801 631 1954 712 aequitas,
1978 632 2023 696 ita
2039 631 2157 696 merito
2174 630 2339 714 culpanda

333 725 496 784 trecentus
513 735 626 781 serves
645 715 784 780 Abram:
803 714 961 780 familiam
974 716 1039 781 Lot
1056 715 1191 780 minime
1209 715 1308 781 luisse
1361 723 1412 778 est
1440 713 1690 780 inconsideratio
1717 716 1799 794 Lot,
1833 736 1932 798 quam
1958 716 2013 780 hic
2041 716 2197 783 describit
2217 717 2338 784 Moses.

333 823 446 888 parem
469 800 644 868 verisimile
667 813 730 865 cst:
754 800 832 884 quid
854 803 956 885 igitur
977 804 1034 866 fiet
1051 802 1138 865 inter
1156 802 1307 884 quinque,
1361 798 1528 866 Debuerat
1546 801 1654 883 potius
1672 800 1830 866 modestia
1851 811 1976 867 certare
1994 823 2070 868 cum
2093 811 2219 886 patruo,
2242 813 2340 888 atque

334 889 386 954 vel
408 909 467 952 sex
489 885 602 964 millia,
625 887 817 969 pracsertim
840 887 894 952 ubi
915 887 1001 952 inter
1023 906 1058 953 se
1076 886 1179 952 libera
1202 888 1310 970 capita
1361 885 1408 950 ita
1429 897 1568 951 naturae
1589 885 1668 951 ordo
1689 886 1822 962 ferebat,
1846 909 1958 952 verum
1979 888 2116 970 perinde
2133 907 2171 954 ae
2188 889 2218 954 ei
2235 889 2340 957 modis

333 971 536 1058 confligunt?
572 971 745 1038 Caeterum
778 981 816 1036 ut
847 993 908 1038 nos
949 971 1106 1038 eiusmodi
1146 972 1308 1038 scandalis
1360 972 1513 1037 omnibus
1534 979 1620 1037 esset
1641 972 1798 1055 superior,
1821 973 1946 1057 priores
1968 973 2030 1039 sibi
2052 983 2163 1058 partes
2184 987 2338 1059 usurpat:

333 1059 458 1125 turbari
480 1080 546 1124 non
572 1066 715 1140 oportet,
744 1057 792 1122 ita
813 1057 918 1124 modis
945 1058 1095 1123 omnibns
1125 1057 1309 1123 cavendum
1361 1064 1395 1121 et
1416 1057 1583 1140 regionem
1605 1077 1688 1141 quae
1709 1056 1842 1123 uberior
1864 1058 1994 1124 videtur
2011 1079 2050 1126 ac
2066 1061 2173 1144 magis
2192 1081 2340 1140 amoena,

333 1154 383 1211 est
404 1166 447 1210 ne
474 1145 699 1211 contentiones
727 1143 916 1209 efferveaut.
960 1144 1035 1209 Nisi
1062 1143 1150 1209 enim
1179 1152 1308 1208 mature
1360 1142 1424 1209 sihi
1445 1143 1546 1228 eligit.
1592 1145 1641 1211 Ac
1663 1143 1809 1226 profecto
1830 1163 1963 1210 neeesse
1985 1153 2049 1226 est,
2077 1147 2225 1230 quisquis
2248 1148 2339 1230 cupi·

332 1231 463 1297 obviam
485 1243 587 1310 eatur,
609 1249 686 1294 mox
706 1229 742 1293 in
763 1229 985 1312 perniciosum
1008 1228 1177 1295 dissidium
1199 1250 1308 1295 erum·
1360 1228 1434 1294 dius
1455 1228 1605 1294 intentus
1627 1229 1734 1294 estin
1755 1249 1814 1295 sua
1843 1228 2027 1310 commoda,
2057 1251 2135 1315 erge
2164 1231 2245 1298 alios
2267 1254 2339 1300 esse

332 1325 421 1401 pent.
1359 1313 1588 1381 inhumanum.
1633 1313 1702 1382 Neo
1729 1313 1864 1380 dubium
1886 1323 1937 1381 est
1964 1317 2045 1398 quin
2075 1315 2155 1382 haec
2183 1317 2338 1400 iniquitas

422 1399 629 1470 ΟΙιοιιαιιαθιιι
656 1406 685 1466 ct
712 1398 914 1467 Pbrrieaeas.
965 1398 1197 1483 Amplilioaudi
1230 1401 1308 1465 mali
1360 1400 1539 1484 pupugerit
1561 1400 1706 1465 animum
1729 1401 1847 1479 Abrae,
1871 1399 1928 1466 sed
1951 1403 2070 1469 taciem
2092 1401 2272 1488 devoravit,
2296 1424 2337 1469 ne

333 1508 432 1554 cansa
452 1487 514 1554 hoc
536 1485 662 1552 addidit
680 1487 799 1552 Moses.
845 1487 988 1552 'I'antum
1018 1486 1107 1552 enim
1129 1486 1308 1552 contentio-
1361 1506 1460 1568 quem
1481 1486 1564 1551 forte
1586 1506 1692 1552 novae
1715 1487 1885 1552 offensioni
1906 1487 2107 1553 occasionem
2132 1488 2233 1554 daret.
2280 1492 2339 1554 At

334 1574 385 1640 nis
409 1573 557 1640 ardorem
586 1573 686 1639 fuisse
714 1570 884 1652 admonet,
914 1581 951 1636 ut
973 1592 1014 1636 ne
1037 1573 1217 1656 praesentis
1238 1572 1308 1654 qui·
1361 1593 1425 1654 que
1457 1572 1591 1636 omnino
1623 1573 1670 1636 ita
1702 1572 1795 1638 nobis
1827 1572 1992 1656 agendum
2025 1583 2090 1652 est,
2124 1573 2251 1656 quoties
2282 1595 2338 1640 θοι

334 1661 408 1725 dem
430 1659 522 1724 exitii
544 1666 634 1725 metu
657 1657 817 1742 restingui
839 1659 967 1741 poterit,
986 1657 1038 1722 vel
1059 1657 1175 1723 sedari.
1220 1658 1309 1723 'Poti-
1361 1656 1477 1740 quibus
1509 1657 1671 1723 coniuncti
1703 1679 1831 1736 sumus,
1861 1656 2010 1725 videmus
2039 1679 2104 1724 non
2137 1661 2217 1726 satis
2239 1660 2340 1726 officii

333 1745 409 1810 dem
437 1745 536 1811 cincti
564 1752 659 1809 erant
693 1744 843 1809 hostibus
872 1752 952 1826 quot
979 1743 1144 1809 habebant
1173 1743 1308 1810 vicinos.
1361 1764 1432 1808 esse
1461 1762 1634 1809 memores:
1676 1743 1797 1826 alioqui
1826 1743 1936 1809 nullus
1963 1745 2026 1810 erit
2054 1746 2225 1810 turbarum
2253 1747 2339 1812 finis.

333 1830 427 1896 Nihil
454 1851 532 1914 ergo
558 1829 598 1894 ad
627 1850 681 1895 eos
714 1828 897 1912 perdendos
928 1828 1053 1909 deerat,
1087 1829 1152 1894 nisi
1184 1830 1309 1896 occasio
1362 1827 1459 1909 Quod
1493 1827 1644 1914 paradiso
1677 1829 1741 1893 Dei
1773 1837 1940 1912 comparat
1973 1829 2140 1912 planitiem
2176 1829 2340 1898 Sodomae

333 1935 430 1999 quam
453 1915 517 2000 ipsi
538 1915 606 1981 suis
633 1915 716 1980 rixis
743 1914 951 1998 praebebant.
998 1913 1053 1980 Sic
1082 1914 1232 1981 homines
1253 1915 1309 1980 de·
1362 1915 1519 1995 vicinam,
1539 1914 1635 1980 multi
1657 1915 1853 1997 interpretes
1876 1924 2060 1998 exponunt,
2083 1917 2176 1998 quasi
2199 1916 2341 1983 dixisset

332 2007 460 2067 maniat
487 2021 602 2069 caecus
629 2001 734 2079 furor,
762 2000 820 2065 nbi
841 2000 942 2065 semel
972 2001 1157 2083 praevaluit
1177 1999 1309 2066 rixandi
1361 2000 1526 2078 eximiam,
1550 2021 1588 2066 ao
1609 2002 1643 2065 in
1666 2001 1779 2084 primis
1801 2000 1960 2066 fertilem:
1984 2001 2060 2084 quia
2077 2001 2222 2068 Hebraei
2244 2003 2339 2086 quid·

332 2087 560 2172 intemperies,
594 2093 632 2152 ut
665 2095 812 2152 mortem
835 2087 940 2152 oculis
980 2086 1159 2152 subiectam
1197 2107 1310 2152 secure
1362 2085 1440 2168 quid
1462 2087 1600 2164 excellit,
1624 2085 1773 2152 divinum
1796 2087 1970 2170 appellant.
2008 2087 2079 2171 ligo
2097 2095 2207 2152 tamen
2230 2088 2341 2154 locum

332 2180 551 2240 contemnant.
604 2172 781 2239 Caeterum
809 2171 872 2238 etsi
906 2192 973 2237 nou
1002 2193 1132 2256 semper
1160 2171 1310 2238 obsident
1362 2172 1468 2236 notari
1498 2181 1591 2254 puto,
1622 2172 1679 2237 ubi
1708 2173 1801 2237 initio
1830 2171 1954 2238 locatus
1975 2173 2037 2238 fuit
2059 2170 2175 2238 Adam.
2221 2174 2340 2257 Neque

331 2280 391 2325 nos
410 2257 608 2338 Chananaei‚
631 2278 803 2324 versamur
825 2264 937 2324 tauma
958 2257 1047 2323 inter
1066 2258 1176 2324 hostes
1197 2272 1310 2341 quarn·
1362 2257 1451 2321 enim
1473 2257 1635 2341 generalis
1656 2257 1836 2323 similitudo
1858 2258 2033 2341 punitura
2055 2259 2156 2339 Mose,
2179 2259 2236 2325 sed
2260 2258 2342 2326 dicit

333 2345 390 2411 diu
412 2345 660 2429 peregrinamur
681 2344 714 2408 in
737 2343 869 2408 mundo.
911 2342 1023 2424 Quare
1044 2345 1072 2408 si
1093 2365 1159 2426 qua
1180 2351 1310 2408 nostrae
1362 2345 1528 2427 regionem
1560 2343 1650 2408 illam
1685 2343 1783 2409 luisse
1816 2343 1991 2428 irriguam:
2030 2345 2125 2415 sicuti
2159 2344 2199 2409 de
2232 2347 2340 2428 primo

332 2439 365 2496 et
400 2431 540 2495 fratrum
573 2428 688 2496 salutis
717 2449 798 2494 cura
826 2430 1008 2515 tangimur,
1041 2427 1205 2495 cavendae
1231 2435 1310 2494 eunt
1362 2429 1504 2494 hominis
1536 2427 1698 2494 domicilio
1729 2428 1817 2494 idem
1849 2429 2011 2507 narravit,
2039 2428 2125 2512 quod
2152 2431 2274 2498 fluvius
2302 2432 2342 2496 in

331 2516 565 2596 contentiones,
587 2534 669 2598 quae
686 2536 747 2581 noe
764 2513 907 2580 Satanae
924 2514 1120 2598 iugulandos
1141 2513 1308 2598 praebent.
1362 2521 1502 2596 quatuor
1531 2524 1641 2598 partes
1671 2513 1796 2580 divisus
1823 2515 1904 2579 illud
1932 2516 2098 2600 irrigaret,
2127 2515 2214 2581 idam
2238 2518 2341 2582 etiam

420 2601 448 2666 8.
483 2599 529 2666 Et
559 2601 642 2665 dicit
673 2600 796 2666 Abram
828 2601 871 2666 od
903 2600 969 2666 Lot.
1025 2598 1132 2666 Docet
1166 2601 1309 2683 primum
1362 2598 1454 2665 addit
1475 2599 1516 2665 de
1537 2607 1630 2682 parte
1651 2601 1805 2686 Aegypti.
1850 2600 1947 2666 Unde
1976 2601 2094 2667 clarius
2123 2602 2242 2684 liquet,
2272 2623 2341 2667 una

332 2688 453 2765 Moses,
476 2686 534 2752 ubi
554 2685 699 2770 iurgium
721 2696 829 2751 ortum
851 2707 921 2752 esse
942 2685 1034 2752 videt
1055 2686 1189 2764 Abram,
1212 2706 1309 2769 agere
1361 2695 1490 2750 tantum
1522 2686 1558 2750 in
1590 2687 1697 2770 specie
1730 2687 1836 2753 locum
1868 2685 1958 2752 hunc
1990 2708 2065 2752 cum
2100 2687 2172 2752 aliis
2209 2687 2341 2754 duobus

331 2774 474 2839 cllidum
505 2771 581 2837 honi
608 2771 712 2854 patris
739 2771 895 2852 familias,
923 2770 1009 2855 quod
1038 2792 1150 2854 pacem
1179 2793 1308 2856 compo·
1361 2772 1510 2837 conferri.

332 2881 410 2926 nere
432 2856 562 2924 studeat
587 2857 674 2922 inter
703 2856 909 2923 domesticos:
939 2856 1056 2922 deinde
1077 2877 1137 2922 sua
1158 2858 1308 2923 modera-
1447 2858 1497 2922 13.
1529 2856 1600 2922 Viri
1621 2862 1725 2923 oetan
1744 2857 1863 2924 dedan.
1899 2856 2045 2924 Putabat
2062 2859 2128 2923 Lot
2149 2880 2184 2924 ιι
2205 2858 2342 2925 beatum

332 2946 421 3011 tione
461 2963 617 3028 quaerere
656 2942 792 3008 tollendi
832 2943 910 3008 mali
950 2942 1138 3008 remedium.
1192 2942 1306 3024 Quan-
1361 2963 1441 3022 esse,
1465 2941 1551 3026 quod
1569 2951 1636 3008 tam
1655 2945 1763 3027 opima
1780 2943 1970 3028 contigisset
1991 2943 2164 3009 habitatio:
2188 2944 2246 3009 sed
2268 2954 2343 3009 tan-

332 3051 430 3114 quam
458 3039 569 3095 autem
591 3029 652 3095 soli
674 3029 760 3094 servi
782 3028 972 3112 litigabant,
1003 3050 1068 3094 non
1091 3041 1200 3094 tamen
1221 3030 1307 3112 frus·
1361 3028 1435 3093 dem
1457 3027 1555 3094 discit
1576 3029 1781 3108 electionem,
1808 3028 1969 3113 adquam
1992 3036 2115 3095 temere
2137 3051 2203 3094 nou
2225 3031 2341 3097 miuus

332 3126 386 3182 tra
408 3115 503 3194 dicit,
533 3113 583 3181 Nc
608 3134 691 3179 aune
711 3115 755 3180 eit
774 3116 920 3181 ramulo
941 3116 1022 3180 iader
1043 3135 1092 3179 me
1112 3120 1140 3179 et
1161 3119 1204 3179 te:
1232 3116 1309 3196 quia
1360 3134 1460 3197 quam
1489 3113 1604 3196 cupide
1633 3114 1859 3192 festinaverat,
1889 3115 2061 3181 infeliciter
2093 3115 2156 3179 sibi
2186 3117 2342 3181 cessisse:

333 3203 390 3265 vix
408 3201 479 3266 fieri
500 3207 609 3283 potest
629 3201 709 3284 quin
731 3222 752 3265 a
774 3199 961 3266 domesticis
982 3201 1131 3285 contagio
1153 3201 1246 3266 rixae
1267 3201 1308 3266 ad
1361 3201 1437 3282 quia
1454 3200 1620 3284 negotium
1639 3200 1739 3267 habet
1755 3222 1832 3268 oum
1850 3199 1998 3284 superbis
2015 3201 2244 3285 perversisque
2261 3201 2343 3267 hos-

333 3286 480 3352 dominos
510 3286 697 3371 perveniat,
726 3287 878 3369 quamvis
907 3285 1027 3369 alioqui
1054 3287 1137 3352 bene
1164 3287 1252 3351 inter
1273 3307 1308 3352 se
1362 3285 1494 3368 pitibus,
1511 3306 1649 3369 quorum
1665 3307 1773 3352 mores
1791 3287 1876 3352 ferre
1900 3286 1999 3370 longe
2017 3286 2131 3352 durius
2149 3297 2221 3351 erat
2237 3307 2343 3370 quam

332 3371 554 3438 consentiant:
590 3392 651 3438 nec
684 3370 817 3436 tandem
850 3391 943 3454 posse
975 3373 1137 3455 integram
1176 3393 1309 3438 manere
1360 3392 1436 3438 oum
1465 3381 1571 3437 terrae
1600 3371 1772 3437 sterilitate
1800 3373 1925 3438 luctari.
1972 3371 2025 3437 Ita
2055 3371 2133 3437 dnm
2162 3371 2232 3438 sola
2261 3393 2342 3455 pro-

334 3457 510 3524 amieitiam
531 3456 712 3540 praevidet,
733 3457 798 3521 nisi
818 3457 852 3521 in
874 3466 1020 3540 tempore
1036 3456 1162 3522 mederi
1180 3457 1310 3524 studeat
1361 3467 1490 3539 spectus
1513 3458 1708 3523 amoenitate
1731 3456 1874 3534 ducitur,
1896 3458 1953 3523 dat
1974 3479 2095 3541 poenm
2117 3457 2238 3522 stultae
2259 3480 2343 3525 suae

334 3543 478 3625 serpenti
499 3541 597 3607 malo.
641 3541 817 3608 Caeterum
841 3543 1010 3609 vinculum
1031 3543 1200 3628 sanguinis
1222 3565 1309 3610 oom-
1361 3543 1557 3626 cupiditatis.
1599 3546 1648 3609 Ao
1670 3543 1834 3610 diseamus
1855 3543 1918 3612 hee
1940 3543 2088 3627 exemplo
2110 3564 2177 3609 nou
2200 3543 2342 3610 creden·

333 3641 509 3694 memorat:
539 3649 605 3693 non
634 3627 710 3711 quia
737 3627 798 3694 hoc
825 3627 932 3694 solum
961 3629 1069 3694 valere
1098 3629 1247 3695 debuerit
1268 3629 1310 3695 ad
1361 3627 1439 3693 dum
1462 3650 1533 3695 esse
1561 3628 1662 3695 oeulis
1690 3631 1827 3710 uostris,
1857 3627 1913 3695 sed
1943 3627 2106 3695 cavendas
2136 3629 2247 3713 potius
2265 3651 2342 3698 esse

332 3714 506 3779 fovendam
527 3713 616 3780 inter
637 3734 691 3779 θοι
711 3732 842 3796 pacem,
868 3713 925 3780 sed
954 3721 992 3779 ιιι
1014 3714 1118 3800 magis
1144 3717 1255 3780 flectat
1276 3724 1309 3781 et
1361 3735 1473 3782 eorum
1495 3713 1681 3794 illecebras,
1709 3736 1750 3780 ne
1771 3716 1921 3782 incantos
1943 3715 2055 3780 multis
2077 3715 2173 3781 malis
2195 3715 2342 3782 circum·

333 3799 458 3865 molliat
485 3799 614 3882 nepotis
636 3800 687 3864 sui
714 3799 870 3865 animum.
915 3799 1001 3864 Nam
1023 3801 1078 3865 ubi
1106 3801 1216 3866 minus
1237 3801 1308 3866 elli-
1361 3800 1510 3865 veniant:
1540 3799 1811 3883 quamadmodum
1835 3802 1917 3880 Lot,
1946 3821 2048 3884 quum
2071 3821 2106 3866 ιθ
2123 3808 2257 3884 putaret
2278 3823 2341 3884 ps-

333 3905 396 3952 cax
418 3894 468 3951 est
490 3883 577 3969 apud
598 3906 658 3951 nos
685 3885 782 3950 timor
802 3885 867 3951 Dei
894 3906 992 3969 quam
1014 3907 1074 3971 par
1102 3895 1203 3968 esset,
1226 3886 1308 3952 ntile
1361 3885 1508 3952 radisum
1528 3886 1685 3966 incolere,
1715 3908 1816 3970 usqne
1838 3885 1879 3951 ad
1901 3887 2021 3952 inferos
2043 3906 2145 3970 prope
2167 3885 2343 3954 demersus

334 3981 386 4036 est
406 3970 471 4037 alia
492 3970 593 4036 etiam
622 3970 821 4036 adminicula
847 3971 998 4056 colligere
1020 3993 1103 4055 quae
1125 3992 1185 4037 nos
1203 3973 1238 4038 in
1259 3973 1308 4038 ol·
1361 3979 1420 4036 ιιι.
1462 3970 1528 4038 Sed
1551 3971 1680 4038 videtur
1701 3973 1832 4050 mirum,
1855 3993 1956 4055 quum
1979 3973 2137 4039 extremis
2158 3971 2342 4040 sceleribus

333 4057 408 4123 ficio
429 4058 626 4122 contineant.
669 4057 743 4122 Iam
767 4077 847 4122 vero
867 4079 969 4141 quum
986 4057 1049 4124 hae
1071 4059 1143 4142 lege
1164 4057 1310 4141 adoptati
1361 4055 1517 4123 damnare
1537 4058 1619 4124 velit
1642 4058 1752 4124 Moses
1774 4057 1977 4138 Sodomitas,
2000 4079 2059 4124 our
2079 4078 2133 4123 eos
2156 4057 2244 4124 dicat
2264 4077 2343 4124 ma·

334 4143 437 4208 simus
459 4163 573 4208 omnes
590 4143 624 4206 in
644 4139 706 4208 Dei
724 4141 817 4220 filios,
840 4153 877 4208 ut
896 4144 950 4209 alii
968 4142 1041 4210 aliie
1058 4151 1172 4208 mutuo
1190 4142 1309 4210 fratres
1361 4143 1409 4209 lus
1437 4143 1538 4210 fuisse
1566 4165 1676 4210 coram
1706 4141 1863 4223 Domino,
1891 4165 1950 4210 cur
1977 4164 2043 4209 nou
2071 4143 2197 4226 potius,
2226 4165 2344 4211 coram

334 4228 454 4307 umus,
483 4229 619 4294 minoris
641 4239 691 4293 est
711 4227 798 4310 apud
820 4249 879 4296 nos
908 4228 990 4294 hace
1010 4249 1103 4294 sacra
1126 4229 1308 4295 coniunctio
1361 4227 1570 4296 hominibus?
1604 4251 1680 4294 nam
1713 4251 1813 4312 quum
1846 4229 1887 4295 ad
1917 4229 1982 4295 Dei
2014 4229 2157 4296 tribunal
2194 4229 2342 4308 venitur,

334 4335 432 4398 quam
450 4313 570 4390 deceat,
594 4313 657 4378 uisi
675 4313 716 4378 ad
733 4313 894 4382 sedandae
910 4315 1136 4382 contentiones
1158 4315 1307 4382 sufficiat.
1360 4334 1457 4381 omne
1480 4335 1516 4380 οι
1530 4316 1659 4381 'obstrui
1688 4321 1831 4398 oportet,
1859 4335 1897 4381 ac
1927 4323 2033 4380 totum
2060 4313 2221 4379 muudum
2244 4314 2345 4380 dam-

420 4400 450 4466 9.
476 4399 640 4482 Numquid
671 4419 733 4464 oca
764 4400 866 4466 omnis
898 4406 990 4466 terra
1043 4400 1136 4465 Haec
1169 4399 1224 4465 illa
1257 4410 1309 4467 est
1361 4401 1487 4465 nationi
1517 4421 1588 4466 esse
1620 4401 1813 4482 obnoxium,
1843 4421 1943 4485 qnare
1971 4400 2103 4466 videtur
2132 4401 2346 4468 extenuandi

334 4505 433 4569 quam
456 4484 524 4550 dixi
547 4485 743 4562 moderatio,
772 4486 858 4567 qnod
879 4486 1005 4552 Abram
1034 4486 1131 4571 iurgii
1160 4486 1308 4570 placandi
1360 4505 1457 4551 causa
1489 4487 1536 4553 sic
1564 4487 1719 4570 loquutus
1746 4489 1867 4553 Moses.
1920 4485 1985 4553 Sed
2013 4507 2066 4551 res
2093 4483 2189 4550 aliter
2218 4486 2343 4554 habet:

333 4592 433 4636 cause
453 4572 524 4636 iure
546 4591 605 4636 suo
627 4579 743 4655 sponte
764 4570 858 4651 cedit,
882 4594 959 4638 nam
982 4581 1018 4640 ut
1040 4580 1144 4637 mater
1161 4573 1308 4637 omnium
1360 4570 1514 4656 intelligit
1545 4573 1635 4638 enim
1667 4594 1732 4638 non
1766 4573 1927 4639 laborasse
1966 4570 2195 4638 communibus
2237 4574 2345 4653 vitiis,

334 4657 549 4724 certaminum
567 4663 618 4722 est
634 4660 808 4740 φιλονεικία,
830 4658 892 4724 hoo
914 4666 964 4724 eet
981 4657 1133 4724 vincendi
1149 4657 1309 4742 cupiditas
1361 4678 1443 4742 quae
1460 4657 1582 4741 passim
1599 4665 1792 4742 grassantur
1809 4659 1895 4725 inter
1906 4659 2064 4736 homines,
2084 4657 2139 4722 sed
2159 4679 2346 4724 exsecran-

336 4751 369 4808 et
403 4741 551 4808 ambitio:
593 4743 640 4808 ita
671 4741 728 4807 ubi
755 4744 891 4826 quisque
918 4744 1045 4828 placide
1077 4764 1115 4809 ac
1141 4743 1309 4810 moderate
1361 4743 1410 4809 dis
1432 4743 1609 4810 sceleribus
1630 4745 1730 4810 fuisse
1752 4743 1890 4823 deditos,
1913 4764 2054 4827 quornm
2076 4742 2200 4808 clamor
2221 4764 2346 4810 ascen·

334 4827 458 4910 aliquid
475 4826 515 4893 de
532 4829 661 4912 proprio
681 4829 753 4894 iure
775 4829 870 4908 cedit,
892 4831 1063 4897 inventum
1081 4839 1132 4896 θιι
1148 4829 1308 4914 optimum
1361 4828 1452 4894 deret
1469 4850 1570 4913 usque
1587 4831 1621 4895 in
1638 4829 1765 4896 eoelum
1784 4829 1837 4916 (ut
1853 4837 1966 4913 postea
1990 4827 2187 4914 videbimus)
2209 4837 2243 4894 et
2260 4831 2346 4896 vin·

335 4913 514 4980 remedium
547 4915 635 4979 omni
674 4914 908 4982 amarulentiae
947 4916 1119 4983 tollendae.
1174 4916 1309 4982 Poterat
1361 4914 1482 4980 dictam
1504 4935 1524 4979 a
1545 4915 1616 4981 Deo
1638 4925 1834 4999 exposceret.
1880 4915 1977 4996 Quod
2005 4925 2117 4981 antem
2139 4934 2195 4980 eos
2218 4915 2346 4982 Domi·

334 4998 466 5082 quidem
497 4998 634 5066 honesto
666 5009 838 5084 praetextu
867 5000 990 5068 Abram
1017 5003 1070 5070 ius
1096 5022 1193 5068 sunm
1223 5002 1308 5085 quod
1361 5023 1423 5065 nus
1445 4998 1486 5064 ad
1509 5008 1637 5084 tempus
1658 5002 1751 5067 tulit:
1774 5022 1879 5086 neque
1900 5001 1933 5066 id
1957 5000 2068 5081 modo,
2091 4999 2149 5066 sed
2170 5000 2346 5069 fertilissi-

334 5085 474 5149 remittit
511 5085 710 5167 pertinacius
751 5089 852 5152 tueri:
890 5087 947 5153 sed
978 5087 1068 5173 pacis
1101 5087 1309 5153 redimendae
1362 5107 1448 5151 mam
1471 5088 1641 5170 regionem
1662 5088 1803 5152 incolere
1825 5108 1942 5171 passus
1964 5095 2027 5166 est,
2050 5087 2105 5170 qui
2128 5093 2239 5152 tamen
2261 5086 2346 5155 luee

334 5189 433 5235 caiisa
454 5170 537 5235 nihil
558 5171 730 5236 detrectat:
753 5170 826 5238 ideo
842 5174 1006 5258 optionem
1025 5175 1133 5258 nepoti
1154 5195 1213 5240 suo
1236 5195 1309 5258 per·
1361 5179 1394 5237 et
1414 5174 1483 5237 vita
1504 5173 1677 5257 plusquam
1698 5171 1826 5258 indigui
1849 5182 1958 5238 erant:
1982 5173 2060 5237 hino
2081 5171 2245 5238 diseamus
2268 5195 2346 5240 non

335 5256 445 5320 mittit.
1361 5275 1430 5324 esse
1452 5279 1511 5324 cur
1532 5257 1595 5324 sibi
1617 5259 1828 5325 blandiantur
1847 5258 1950 5342 impii,
1973 5278 2075 5342 quum
2095 5277 2151 5323 ecs
2168 5256 2349 5328 Dominus
