5022 6192
117 455 172 520 133
760 466 1129 540 COMMENTARIUS
1149 475 1199 541 IN
1220 477 1434 550 annuunt.
2032 503 2096 570 134

115 659 175 714 tem
198 671 305 716 saeva.
351 652 439 735 Ergo
461 653 579 730 Moses,
603 665 640 716 ut
661 675 774 719 ansam
798 656 964 737 praecidat
982 658 1074 723 vanis
1126 664 1234 729 minus
1264 667 1422 737 vivificet:
1451 692 1557 753 neque
1586 673 1673 738 enim
1703 651 1779 743 alibi
1810 687 1880 746 tuta
1905 687 2094 758 6666616616

113 735 398 836 speculationibus,
428 758 508 820 quas
537 739 631 837 nobis
663 741 830 806 curiositas
863 754 1074 842 nostraueug·
1124 752 1278 848 custodie.
1328 753 1471 822 Ridiculi
1499 778 1577 822 vero
1612 767 1691 825 sunt
1715 763 1878 847 papistae,
1908 771 1963 853 qai
1985 793 2094 843 arcam

113 835 205 907 gent,
224 842 290 888 666
312 823 410 888 verbo
431 835 643 906 pronunciat,
673 847 738 889 non
760 826 903 891 humano
925 829 1073 905 arellium,
1124 834 1216 902 nobre
1237 837 1308 904 sinc
1329 841 1429 908 verbo
1451 842 1621 910 fabricant.

112 909 164 975 ssd
193 908 304 974 divino
332 908 488 974 miraculo
510 911 629 974 factum
652 931 722 976 esse
743 921 779 975 ut
800 913 955 978 immunia
976 914 1075 979 tuerit

112 1015 183 1060 arca
203 1017 223 1057 6
244 994 376 1060 diluvio.
420 992 565 1059 Dubium
584 994 714 1077 quidem
737 1017 800 1061 non
823 1010 874 1063 est
895 999 974 1081 quin
996 1008 1074 1067 tunc

112 1100 192 1146 novo
219 1079 350 1164 ingenio
380 1087 413 1144 et
440 1081 638 1163 perspicacia
666 1080 807 1147 donatus
837 1083 938 1148 tuerit
967 1084 1072 1165 Noah,

111 1164 248 1250 nequid
278 1164 403 1231 deesset
424 1164 465 1230 ad
493 1177 691 1230 structuram
718 1187 827 1233 arcae:
859 1169 915 1234 sed
938 1191 979 1234 nc
1000 1190 1071 1236 suc-
1470 1163 1620 1234 CAPUT
1641 1167 1737 1238 VIII.

111 1274 198 1319 eessn
217 1261 342 1316 careret
360 1251 439 1317 haec
460 1252 531 1334 ipsa
551 1253 667 1336 gratie,
689 1273 819 1318 necesse
839 1255 901 1319 fnit
922 1253 1075 1321 accedere

110 1337 227 1421 aliquid
249 1336 363 1402 mains.
399 1335 510 1417 Quare
529 1359 570 1401 ne
588 1358 702 1402 sensus
720 1339 823 1402 nostri
845 1351 941 1422 coptu
962 1344 1074 1405 666616-
1142 1413 1148 1426 ,
1210 1330 1238 1394 1·
1252 1330 1443 1431 Rtttttlsstut
1458 1342 1504 1401 eti
1520 1345 1621 1404 661616
1637 1339 1728 1406 Dete
1745 1343 1845 1425 Nffltt
1863 1351 2006 1416 61666616
2028 1350 2092 1419 666·

109 1445 179 1488 mur
202 1421 334 1488 modum
352 1421 529 1487 servandae
546 1443 648 1501 areae,
667 1422 758 1488 docet
774 1425 971 1490 Moses'non
993 1426 1074 1510 pice,
1123 1418 1198 1493 1166,
1226 1420 1386 1518 61616616,
1410 1421 1561 1488 animatis
1588 1445 1667 1506 W
1689 1434 1777 1494 66661
1802 1449 1872 1496 tum
1892 1455 1926 1500 66
1944 1437 1980 1500 tu
2000 1459 2093 1505 arce:

108 1509 158 1575 vel
179 1509 340 1575 bitumine
361 1517 499 1586 tantum,
518 1507 575 1572 sed
592 1509 697 1591 magis
715 1529 833 1574 areana
854 1507 918 1576 Dei
942 1512 1072 1591 virtute,
1123 1503 1152 1563 61
1172 1504 1308 1568 transm
1327 1504 1398 1588 16611
1418 1505 1508 1572 Deus
1536 1515 1657 1576 ventum
1684 1533 1777 1594 super
1805 1521 1933 1599 1666666,
1954 1525 1981 1584 et
2005 1526 2092 1605 quie-

107 1607 139 1658 st
168 1594 316 1677 opposita
347 1593 416 1658 eius
444 1613 543 1658 manu
579 1593 738 1660 cohibitas
769 1595 869 1660 luisse
900 1616 999 1678 aquas
1031 1619 1073 1664 ne
1122 1592 1233 1650 ”emt
1253 1607 1361 1688 adme
1401 1591 1488 1658 2·Et
1504 1594 1682 1661 6166666666
1703 1618 1736 1663 66
1752 1600 1851 1681 fontes
1872 1603 2092 1689 6666661666·

106 1682 333 1760 irrumperent,
1123 1675 1263 1752 66666666
1288 1673 1376 1754 eceb,
1404 1681 1432 1748 et
1453 1677 1617 1759 prohibita
1637 1687 1682 1747 eet
1696 1685 1812 1763 pluvia
1833 1707 1848 1751 e
1869 1690 1955 1756 coelo.
1996 1693 2025 1759 3.
2047 1693 2093 1759 lu

190 1766 240 1828 17.
264 1763 307 1828 Et
325 1765 442 1846 factum
463 1767 508 1828 est
528 1763 691 1829 61166166.
737 1763 897 1847 Copiosus
917 1767 1015 1831 etiam
1037 1769 1071 1833 in
1122 1775 1262 1823 recusae
1278 1764 1349 1834 6661
1370 1781 1470 1842 equae
1491 1785 1512 1830 6
1533 1766 1697 1848 superficie
1716 1774 1831 1850 terroe,
1854 1774 1953 1842 66666
1973 1784 2001 1842 et
2020 1781 2090 1846 red·

107 1873 141 1914 eo
163 1861 215 1915 est
243 1850 369 1927 Moses,
399 1859 436 1912 nt
465 1856 570 1914 totum
599 1848 709 1914 orbem
743 1852 836 1932 aquis
868 1851 1070 1918 submersum
1122 1842 1234 1922 ande,
1264 1849 1292 1909 61
1325 1845 1497 1928 (1616666661
1531 1871 1630 1932 aqum
1658 1854 1693 1918 in
1721 1855 1783 1935 fine
1817 1860 2091 1946 quinquaqintoet

106 1937 202 2001 luisse
236 1935 444 1999 demonstret.
498 1935 601 1999 Porro
631 1935 695 2000 hue
729 1939 872 2002 narratio
903 1938 1073 2004 referenda
1120 1932 1239 2027 6661661
1260 1931 1391 2028 tetrum·
1413 1933 1465 2030 ,4.
1489 1933 1532 2000 Et
1551 1939 1702 2018 requievit
1728 1961 1803 2006 arca
1824 1963 1924 2009 666666
1951 1950 2088 2030 ceptione,

106 2032 165 2096 est,
204 2041 245 2086 no
278 2019 459 2085 tribuamus
497 2021 646 2086 fortunae
681 2020 840 2086 diluvium
873 2044 937 2104 quo
974 2025 1072 2106 periit
1119 2015 1436 2113 3661666616616666166
1451 2021 1576 2104 menete,
1593 2042 1687 2103 66666
1703 2028 1959 2096 montecArarat.
1995 2033 2024 2098 5.
2043 2034 2088 2099 Et

105 2106 261 2170 mundus:
304 2104 575 2188 quemadmodum
615 2105 799 2173 hominibus
840 2107 983 2174 solemne
1022 2119 1072 2175 est
1120 2119 1221 2196 66666
1235 2099 1374 2201 ,6666666
1396 2103 1576 2202 deliniebant
1595 2127 1692 2190 usqne
1714 2111 1756 2176 nd
1771 2131 1904 2178 menone
1921 2116 2088 2184 uenenum.-

104 2191 215 2256 velum
243 2190 372 2273 aliquod
403 2189 580 2256 obtendere
606 2192 667 2257 Dei
697 2192 863 2275 operibus,
895 2193 978 2276 quod
1000 2195 1069 2261 eius
1119 2204 1154 2282 ²2¹
1175 2185 1300 2266 (1661610,
1322 2207 1484 2268 1111111616
1503 2193 1618 2258 mentis
1638 2195 1707 2260 6166
1728 2202 1802 2261 tunt
1822 2203 1984 2268 eeeumtuu
2005 2224 2089 2270 mon·

103 2277 154 2342 vel
176 2279 372 2354 bonitatem,
405 2276 456 2340 vel
484 2275 602 2342 indicia
622 2277 656 2341 in
679 2277 744 2343 illis
765 2278 923 2344 obscuret.
968 2282 1070 2363 Atqui
1119 2273 1207 2368 tsum.
1253 2272 1282 2336 6·
1306 2272 1350 2336 Et
1368 2273 1447 2358 tuti,
1477 2277 1514 2340 tu
1532 2277 1595 2358 fiee
1615 2281 1825 2366 quauroqtnta
1853 2285 1989 2365 6116666,
2017 2311 2089 2372 ope-

103 2363 178 2426 dum
210 2363 297 2428 clarc
325 2363 520 2444 exprimitur
552 2362 694 2427 deletum
722 2364 822 2430 tuisse
850 2364 1005 2447 quidquid
1035 2367 1069 2431 in
1119 2360 1184 2420 1661
1202 2355 1295 2422 Noetu
1314 2358 1479 2440 1666616666
1499 2382 1591 2428 uoce
1612 2383 1706 2446 uuam
1720 2368 1842 2448 fecerat.
1887 2371 1916 2437 7.
1940 2373 1983 2438 Et
2003 2375 2090 2441 misit

102 2459 190 2511 terra
219 2448 364 2530 vigebat,
392 2448 469 2512 hinc
501 2447 683 2532 colligimus
719 2459 844 2514 certum
877 2458 911 2513 66
942 2450 1070 2516 illustre
1119 2460 1260 2538 6666666,
1283 2448 1472 2524 6166666646
1492 2451 1536 2512 eet
1556 2450 1737 2530 eprediendo
1759 2457 1787 2518 et
1806 2454 1972 2536 redeunde,
1996 2461 2088 2528 (16666

100 2536 198 2598 fuisse
232 2534 294 2597 Dei
322 2532 492 2599 iudicium:
518 2534 708 2615 praesertim
730 2555 829 2616 quum
858 2535 946 2601 solus
976 2536 1070 2601 Noah
1117 2533 1307 2626 6666166161
1322 2549 1516 2612 6166611466
1535 2539 1624 2598 erati
1639 2555 1736 2616 super
1751 2543 1875 2604 imm·
1912 2543 1941 2608 8·
1961 2543 2086 2612 Deinde

99 2617 250 2683 residuus
282 2629 425 2683 maneat:
459 2631 630 2701 propterea
652 2619 736 2702 quod
764 2620 909 2698 verbnm,
944 2621 978 2684 in
1007 2644 1070 2705 quo
1119 2617 1206 2676 mtttt
1231 2613 1400 2679 6616661666
1421 2637 1443 2716 u
1464 2622 1551 2682 6661
1575 2620 1693 2686 nuere
1715 2643 1758 2686 au
1785 2630 1965 2694 6616666666
1990 2637 2089 2697 essent

99 2705 328 2770 continebatur
353 2703 456 2782 salus,
486 2703 549 2770 fide
576 2704 747 2788 amplexus
776 2707 827 2770 sit.
878 2706 1006 2772 Deinde
1034 2709 1068 2772 in
1119 2717 1222 2796 adm?
1243 2720 1264 2763 a
1284 2701 1447 2782 3611661616
1467 2708 1576 2801 uerae.
1621 2705 1650 2770 9·
1670 2706 1795 2774 Eleon
1815 2711 2087 2782 tenerenturne

99 2790 290 2854 memoriam
313 2801 443 2855 revocat
464 2789 547 2872 quod
577 2791 669 2873 prius
696 2789 856 2870 diximus,
885 2813 982 2873 quam
1012 2791 1068 2858 de·
1118 2802 1255 2864 “tutem
1278 2786 1522 2883 6166666666
1548 2790 1616 2870 ⁸²⁴5,
1637 2796 1810 2860 tittverta
1834 2799 1942 2864 661661
1961 2803 2089 2867 eumin

98 2891 232 2957 sperata
259 2874 382 2941 scilicet
409 2876 507 2939 tuerit
536 2877 705 2940 hominum
729 2877 893 2958 impietas,
916 2889 949 2940 et
970 2899 1068 2960 quam
1119 2888 1241 2967 streete-j
1268 2889 1344 2950 dete
1370 2893 1471 2953 66666
1492 2876 1636 2941 ercutio
1664 2879 1826 2960 superficie
1849 2885 1949 2949 666616
1970 2890 2085 2952 terrae:

98 2962 216 3042 gravia
248 2960 371 3026 scelera
403 2961 519 3042 quibus
547 2959 587 3025 ad
615 2969 718 3026 totum
752 2961 863 3026 orbem
894 2962 1066 3029 delendum
1119 2957 1253 3019 umen
1272 2975 1402 3022 monum
1421 2979 1528 3037 66666,
1555 2965 1582 3024 et
1611 2964 1727 3043 ueeeptt
1747 2984 1831 3042 eam,
1856 2967 2085 3053 introduxitque

95 3044 253 3112 inductus
281 3056 332 3110 est
349 3046 455 3111 Deus:
485 3046 541 3128 qui
569 3059 657 3111 certe
684 3067 743 3129 pro
769 3069 828 3112 sun
856 3047 983 3131 ingenti
1003 3048 1068 3114 ole-
1118 3059 1187 3138 6666
1203 3041 1348 3139 6616616
1366 3063 1480 3109 aream.
1518 3046 1567 3111 10.
1587 3045 1631 3112 Et
1650 3051 1837 3132 6666666616
1853 3052 1954 3120 adine
1970 3061 2085 3137 septem

96 3132 225 3195 mentia
248 3131 376 3213 opificio
397 3151 456 3196 suo
485 3131 694 3214 pepercisset,
716 3131 743 3196 si
776 3132 896 3198 mitiori
925 3134 1067 3199 remedio
1118 3125 1185 3191 teet
1207 3127 1301 3206 61103,
1327 3133 1357 3193 ti
1385 3129 1509 3196 66161ίᾶ11
1528 3137 1562 3196 ut
1588 3133 1718 3200 mitteret
1746 3135 1914 3202 columbam
1942 3161 1981 3205 66
2000 3162 2084 3208 area.

97 3215 236 3282 vidisset
262 3217 330 3282 fore
362 3216 477 3282 locum.
526 3217 618 3282 Haec
649 3227 757 3282 nutem
791 3216 856 3282 duo
886 3239 905 3282 e
935 3219 1067 3303 regione
1121 3211 1405 3313 11-Ε16661166
1431 3235 1502 3280 eum
1529 3217 1666 3282 66166636
1693 3224 1826 3302 tempore
1853 3226 2035 3308 vespertine,
2056 3234 2085 3294 et

95 3302 185 3365 inter
218 3323 253 3366 ee
286 3303 431 3384 oppositu
464 3301 560 3366 simul
589 3303 772 3386 coniungit,
806 3303 890 3385 quod
924 3303 1066 3370 deletum
1118 3317 1189 3374 6666,
1209 3298 1318 3378 toltum
1335 3300 1434 3365 616666
1449 3306 1574 3382 raptum
1590 3307 1657 3369 crat
1675 3305 1711 3369 in
1733 3323 1786 3372 ore
1806 3307 1881 3388 6166,
1903 3313 1931 3374 et
1951 3315 2086 3395 connovit

94 3386 198 3451 fuerit
224 3395 330 3452 totum
359 3387 538 3453 humanum
566 3408 685 3470 genus,
715 3389 845 3452 interim
875 3409 951 3454 vero
971 3389 1067 3456 Ncah
1119 3381 1212 3447 Noae
1233 3384 1313 3464 quod
1334 3389 1513 3483 extenuatae
1530 3394 1629 3454 666666
1644 3409 1744 3471 aquae
1759 3413 1781 3456 a
1797 3393 1959 3474 superficie
1974 3401 2083 3464 terrae.

93 3493 171 3538 cum
195 3494 255 3538 sun
283 3472 405 3537 familia
428 3472 539 3538 salvus
564 3473 713 3539 evaserit.
757 3473 847 3538 Hine
876 3473 1065 3540 discendum
1120 3468 1169 3533 12.
1191 3468 1235 3533 Et
1255 3475 1438 3548 6666666666
1458 3472 1560 3537 adbuc
1579 3481 1692 3555 septem
1716 3475 1805 3558 61166,
1823 3483 1851 3544 et
1870 3480 1957 3545 661616
1972 3482 2085 3548 ectum·

93 3569 146 3621 est
167 3556 247 3640 quid
268 3557 317 3621 illi
339 3556 496 3640 profuerit
514 3556 621 3623 Deum
640 3579 739 3624 unum
759 3560 860 3641 sequi,
882 3561 1066 3642 posthabito
1117 3557 1205 3621 bam:
1225 3559 1254 3619 et
1274 3575 1335 3618 non
1356 3555 1478 3653 addidit
1498 3562 1534 3622 ut
1556 3565 1754 3626 reverteretur
1773 3563 1816 3626 ad
1836 3584 1906 3628 6666
1933 3567 2081 3647 ampliat.

92 3641 237 3708 mundo:
271 3642 356 3724 quod
391 3665 456 3708 non
492 3642 570 3708 iacit
596 3644 704 3710 Moses
740 3642 892 3709 laudandi
924 3645 1066 3711 hominis
1119 3642 1169 3706 13.
1188 3640 1232 3705 Et
1251 3641 1314 3720 tuit
1331 3661 1436 3722 66666
1453 3647 1481 3706 et
1496 3645 1710 3710 seneenteeimc
1728 3666 1817 3723 anno,
1830 3651 1936 3729 prim
1959 3673 2081 3734 mense,

91 3749 211 3807 causa,
234 3749 331 3811 qnam
361 3738 399 3793 ut
430 3749 489 3792 nos
516 3728 557 3793 ad
587 3731 658 3794 eius
690 3729 906 3794 imitationem
937 3732 1065 3799 invitet.
1117 3729 1152 3793 in
1175 3727 1285 3808 priora
1320 3727 1451 3806 mensis,
1482 3729 1614 3794 61666666
1641 3735 1714 3796 eunt
1747 3752 1846 3814 oquae
1873 3756 1894 3799 c
1920 3738 2083 3819 superficie

89 3814 272 3878 Caeterum
295 3835 336 3877 66
359 3811 466 3878 61)66
489 3835 547 3878 666
569 3813 708 3879 abducat
729 3816 932 3897 peccantium
953 3817 1065 3882 multi·
1117 3819 1231 3879 terrae:
1263 3813 1390 3878 rennuit
1420 3817 1523 3878 ouum
1553 3815 1646 3880 Noai
1671 3816 1889 3896 operimentum
1917 3842 2026 3901 orcae,
2054 3831 2083 3891 et

89 3898 183 3976 tudo,
207 3899 370 3983 patienter
392 3897 561 3964 terendum
584 3912 634 3964 est
659 3901 743 3981 quod
765 3923 824 3966 nos
846 3901 985 3968 ludibrio
1008 3904 1064 3968 ha·
1116 3899 1210 3974 cidit,
1236 3902 1264 3962 et
1290 3917 1354 3963 6666
1380 3898 1496 3965 siccata
1522 3905 1587 3964 erat
1613 3901 1710 3982 facies
1741 3906 1850 3968 terrae
1903 3905 1951 3971 14.
1975 3907 2020 3974 Et
2049 3912 2083 3976 in

88 3984 172 4050 bont
205 3985 312 4066 impii,
346 3984 502 4066 nobisque
536 3985 709 4050 insultant:
746 3985 848 4052 donoc
877 3989 967 4052 exitu
994 3989 1065 4070 ipsc
1115 4004 1217 4049 mense
1243 3985 1390 4062 secundo,
1422 3985 1456 4048 in
1488 3986 1618 4067 septima
1645 3990 1673 4050 et
1702 3987 1848 4053 61666666
1876 3990 1926 4056 die
1956 3997 2081 4074 mensis,

85 4069 243 4134 ostendat
254 4070 416 4134 Dominus
427 4070 486 4135 sibi
499 4069 714 4135 obedientiam
733 4081 879 4137 nostram
896 4073 1064 4156 probatam
1114 4071 1203 4136 cruit
1222 4074 1315 4134 terra
1361 4068 1410 4134 15.
1434 4069 1595 4152 Loquutus
1618 4077 1663 4136 eet
1683 4077 1785 4136 autem
1804 4073 1894 4140 Dens
1914 4077 1956 4142 cd
1979 4080 2081 4158 Necti,

87 4175 174 4221 esse.
230 4155 303 4219 Hoc
337 4175 435 4220 66666
464 4155 584 4220 Petrus
616 4155 769 4238 baptismi
797 4158 937 4240 figuram
964 4159 1064 4224 fuisse
1115 4153 1259 4222 dicenda:
1303 4155 1352 4219 16.
1375 4155 1530 4238 Ε9666666
1556 4177 1594 4221 en
1621 4175 1711 4232 arco,
1741 4162 1775 4220 tu
1801 4163 1828 4222 et
1855 4181 1937 4226 uxor
1961 4168 2082 4244 66666

86 4239 205 4318 docet,
237 4239 325 4322 quod
358 4241 453 4305 Ncah
487 4264 527 4306 ex
561 4239 683 4307 diluvio
724 4242 900 4308 universali
929 4246 1064 4309 emersit
1112 4241 1176 4323 neit
1192 4240 1247 4318 tui,
1266 4243 1294 4303 et
1310 4260 1422 4306 naeres
1440 4239 1577 4321 fitiorum
1599 4247 1721 4306 tucrum
1738 4247 1843 4308 unum.
1881 4247 1930 4311 11.
1955 4248 2081 4316 0666666

85 4324 130 4410 (1.
158 4327 231 4390 Ρ66.
254 4325 291 4405 3,
310 4325 381 4412 21);
405 4347 443 4392 66
466 4327 493 4390 61
515 4327 654 4403 diceret,
676 4327 809 4392 modum
833 4328 946 4394 salutis
965 4350 1061 4412 quam
1113 4326 1243 4392 bestiam
1259 4344 1337 4405 quoe
1354 4331 1398 4390 eet
1412 4329 1517 4402 666666,
1536 4347 1574 4391 en
1592 4327 1792 4404 6666166666,
1815 4333 1879 4394 tam
1899 4333 1937 4398 cte
1960 4335 2081 4401 volatili

82 4431 148 4492 per
180 4411 378 4495 baptismum
406 4413 648 4494 consequimur,
677 4432 856 4496 congruere
881 4433 954 4478 oum
982 4413 1062 4480 libe·
1114 4432 1209 4494 quam
1229 4411 1267 4476 de
1287 4411 1437 4488 animati,
1465 4417 1492 4476 et
1518 4413 1603 4476 omni
1628 4412 1734 4492 reptili
1760 4415 1840 4493 quod
1865 4423 1965 4497 reptat
1984 4439 2080 4502 super

82 4499 219 4562 ratione
246 4497 306 4562 illa
334 4496 443 4562 Noah:
473 4498 626 4581 qnoniam
648 4497 744 4562 hodie
773 4520 898 4581 quoquc
919 4500 1061 4566 mundus
1112 4504 1243 4572 6666666,
1272 4497 1347 4560 educ
1373 4501 1470 4562 666666
1491 4502 1526 4561 ut
1552 4517 1585 4561 se
1617 4503 1754 4562 moveant
1774 4500 1809 4563 in
1835 4504 1933 4580 terro,
1956 4509 2078 4571 666666-

81 4582 210 4664 plenus
244 4593 295 4649 est
323 4582 512 4661 incredulis,
550 4583 647 4649 sicuti
673 4583 731 4647 illc
765 4596 911 4667 tempore
940 4593 1061 4650 terrem
1112 4588 1201 4661 6666,
1228 4582 1531 4663 multipliceturque
1556 4603 1650 4664 super
1672 4588 1794 4647 enam.
1825 4585 1889 4680 18.
1913 4586 1956 4652 Et
1977 4609 2076 4674 eprae-

82 4667 311 4750 oceupabant:
343 4667 479 4751 ideoque
501 4687 561 4734 nos
584 4689 604 4733 a
630 4669 745 4733 maiori
770 4668 868 4735 turba
887 4690 1060 4753 segregare
1111 4688 1168 4734 eus
1188 4671 1233 4732 est
1262 4667 1416 4746 Noctua
1442 4666 1505 4747 nui
1532 4668 1614 4744 6166,
1641 4673 1669 4732 et
1696 4687 1777 4732 6666
1803 4688 1887 4748 uns,
1910 4677 1937 4736 et
1962 4693 2078 4741 666666

80 4774 224 4820 necesse
252 4756 312 4832 616,
341 4764 379 4818 66
414 4773 473 4818 666
498 4755 660 4819 Dominus
691 4754 731 4817 ab
763 4756 899 4821 interitu
932 4757 1058 4838 eripiet.
1111 4753 1249 4836 tiliorum
1278 4751 1346 4817 eins
1367 4772 1434 4816 cum
1462 4773 1503 4816 eo.
1550 4753 1600 4818 19.
1627 4751 1736 4817 Omnis
1763 4752 2075 4842 666616,6666666-

79 4840 218 4903 Eadem
246 4841 372 4904 ratione
394 4851 469 4922 apte
491 4847 524 4904 et
551 4840 667 4904 meritc
697 4862 772 4906 arca
803 4841 956 4907 ecclesiae
984 4863 1058 4907 con·
1111 4839 1165 4905 tile
1186 4843 1213 4903 et
1233 4857 1320 4902 mnne
1335 4838 1466 4914 botuile,
1485 4857 1572 4903 omne
1588 4838 1667 4919 quod
1687 4843 1823 4902 66666666
1836 4859 1932 4922 super
1951 4847 2075 4924 6666666,

78 4925 206 4990 fertur.
256 4924 324 4991 Sed
357 4924 497 4990 tenenda
533 4935 581 4990 est
612 4924 790 4990 similitudo
821 4948 885 5008 qua
912 4927 997 4992 inter
1024 4947 1058 4992 se
1110 4923 1279 4991 euundum
1295 4923 1439 5004 [66613166
1455 4942 1561 4987 eorum
1578 4942 1700 5006 epreeso
1715 4928 1838 4987 666666
1856 4946 1938 4991 orca.
1967 4928 2018 4994 20.
2032 4929 2076 4996 at

77 5023 208 5074 mutuo
225 5010 436 5093 respondent:
458 5031 497 5075 66
515 5024 622 5075 autem
641 5012 676 5075 16
697 5012 765 5076 6616
782 5012 845 5077 Dei
863 5013 961 5077 verbo
983 5033 1057 5076 con·
1111 5009 1287 5090 aedificavit
1308 5007 1401 5073 Nocti
1422 5008 1522 5073 attare
1543 5008 1681 5084 1616666,
1703 5013 1731 5072 et
1750 5008 1820 5072 tulit
1840 5029 1879 5074 66
1900 5016 1983 5076 omni
2005 5017 2074 5080 oni-

78 5097 195 5160 sietit:
218 5097 295 5180 quia
316 5097 412 5160 sicuti
429 5095 525 5160 Noah
542 5096 605 5161 Dei
629 5097 873 5180 promissionem
891 5109 1056 5179 sequutus,
1109 5095 1187 5160 mati
1206 5094 1329 5170 mundo,
1347 5099 1375 5157 et
1396 5113 1433 5157 en
1455 5095 1538 5160 nani
1553 5093 1673 5160 volatili
1689 5094 1810 5172 mundo,
1830 5100 1857 5158 et
1873 5097 1979 5162 obtutu
1994 5099 2072 5166 bole·

76 5181 222 5264 collegit
250 5203 285 5245 se
307 5202 380 5247 oum
409 5201 512 5246 uxore
540 5189 575 5246 66
605 5181 732 5260 liberis,
762 5192 800 5247 ut
831 5182 890 5247 sub
919 5180 1056 5266 quadem
1107 5185 1217 5248 caresta
1235 5179 1269 5243 in
1286 5179 1391 5244 altari.
1437 5180 1489 5243 21.
1516 5178 1729 5259 odoratusque
1750 5184 1793 5243 est
1814 5178 1927 5247 lebena
1950 5184 2072 5250 adorea

77 5266 352 5349 mortisspecica
373 5277 478 5332 morte
495 5277 691 5351 emergeret:
717 5270 763 5334 sic
784 5289 844 5334 nos
861 5268 983 5333 mundo
1005 5290 1055 5333 re·
1107 5265 1228 5348 quietis.
1264 5263 1308 5329 Et
1324 5265 1405 5330 dicit
1426 5265 1540 5330 Ieboea
1561 5267 1596 5330 in
1612 5265 1700 5330 corde
1720 5285 1791 5329 etto:
1812 5265 1885 5330 Non
1905 5268 2021 5334 addam
2038 5276 2073 5335 ut

75 5353 261 5430 nunciare,
285 5360 318 5418 et
338 5353 421 5418 mori
444 5353 626 5428 conveniet,
646 5363 685 5417 ut
707 5376 765 5420 noe
786 5352 886 5419 verbo
906 5374 965 5418 suo
987 5354 1054 5418 Do·
1106 5351 1290 5417 6661661666
1306 5349 1390 5417 uua
1406 5355 1507 5416 666666
1518 5355 1646 5433 propter
1661 5349 1810 5415 bominem
1820 5352 1923 5504 :9quio
1932 5355 2073 5439 copiotio
