4988 6192
115 452 178 518 413
375 499 378 506 ,
768 453 1143 524 COMMENTARIUS
1163 455 1215 524 IN
1237 454 1452 524 GNNESIN.
2051 464 2116 532 414

116 639 254 706 moriam
275 638 317 705 eb
337 639 458 706 effeotu
480 639 574 706 nobis
597 639 764 707 desoribit:
793 641 872 725 quia
888 641 990 708 talem
1012 663 1088 707 enm
1141 643 1302 727 plaeidius
1334 652 1456 729 gerunt
1488 664 1526 710 eo
1564 645 1704 712 ferocius
1733 646 1880 714 insultat.
1936 648 2113 717 Caeterum

116 724 333 809 oonoipimus,
360 725 466 809 qualis
487 725 618 808 reipsa
639 732 784 811 apparet.
828 726 934 793 Porro
955 747 999 792 an
1020 748 1090 793 om·
1141 731 1292 812 quamvis
1309 730 1422 796 ovium
1438 731 1553 810 instar,
1571 731 1724 815 luporum
1743 732 1918 801 violentiae
1935 742 1969 800 et
1985 735 2114 803 iniuriis
2195 795 2199 803 .

115 810 210 876 nium
231 817 398 894 postrema
420 813 605 895 oonoeporit
625 811 764 892 Reohel,
786 821 876 879 serto
893 813 1002 918 oolligi
1023 833 1089 879 non
1139 813 1176 880 in
1198 815 1260 882 hoo
1282 815 1405 882 mundo
1435 837 1549 882 sumus
1579 816 1736 902 expositi,
1759 819 1974 887 metiendum
2002 832 2113 888 tamen

116 902 225 982 potest
252 916 294 961 ex
323 895 433 963 verbis
461 896 574 964 Musis.
631 896 698 978 Qui
725 900 761 963 in
787 898 849 964 hoe
869 898 941 965 looo
968 919 1090 983 uereque
1140 921 1208 966 non
1230 910 1280 967 est
1300 922 1343 967 ne
1363 902 1509 968 lacerent
1525 921 1596 980 nos,
1615 903 1668 970 vel
1686 903 1877 990 deglutiant,
1901 905 2031 990 quando
2053 928 2113 976 nos

115 978 259 1066 πρότερον
278 1001 350 1047 esse
371 981 547 1062 affirmant,
568 991 743 1051 moventur
761 983 823 1050 heo
843 984 981 1064 rationo,
1003 983 1090 1068 quod
1141 987 1291 1054 eoelestis
1312 995 1424 1070 pastor
1445 1007 1504 1054 suo
1525 988 1689 1071 praesidio
1712 995 1831 1056 tuetur.

116 1067 146 1133 si
166 1079 266 1132 natus
284 1072 370 1132 esset
387 1067 507 1151 Ioseph
525 1076 601 1150 post
616 1069 759 1154 reliquos
775 1070 907 1149 frenes,
929 1090 995 1135 non
1013 1090 1090 1136 oon-
1226 1072 1278 1138 27.
1303 1071 1342 1138 a·
1358 1093 1472 1156 quaeso
1489 1073 1598 1139 moeni
1611 1074 1758 1158 paeon
1791 1075 1881 1143 Hine
1897 1076 2113 1161 perspicimus

179 1159 251 1218 eret
279 1161 386 1233 aetas,
412 1173 510 1236 quam
532 1153 643 1222 Moses
671 1155 798 1222 notabit
825 1156 931 1239 eapite
958 1155 1010 1236 41,
1036 1155 1089 1221 46.
1140 1178 1240 1241 quam
1260 1179 1328 1224 non
1344 1178 1501 1225 onerosus
1522 1158 1622 1224 fuerit
1643 1159 1762 1244 hospes
1783 1161 1897 1242 Iuoob,
1919 1183 2015 1245 quem
2038 1163 2111 1230 istis

116 1174 185 1305 Neld
201 1237 238 1302 in
255 1257 294 1305 eo
309 1236 470 1304 falluntur
487 1238 574 1323 quod
595 1240 726 1322 nuptias
748 1240 902 1308 Raohelis
923 1241 964 1310 ab
986 1241 1090 1308 altero
1139 1239 1310 1310 blanditiis
1332 1243 1495 1310 demulcet
1516 1245 1643 1324 Leban,
1665 1253 1703 1310 ut
1726 1267 1849 1312 moram
1867 1246 2049 1332 longiorem
2070 1250 2111 1315 ab

116 1323 288 1407 septennio
327 1333 514 1390 numerent.
580 1327 690 1409 Atque
725 1347 770 1392 ex
806 1335 963 1393 contextu
1001 1337 1089 1393 eerto
1139 1329 1210 1412 ipso
1230 1329 1395 1414 impetret.
1426 1329 2024 1415 Nam,utsordidusettena1erat,
2047 1333 2112 1400 nisi

115 1408 295 1493 evinoitur,
324 1411 476 1492 quamvis
497 1429 614 1494 operes
643 1431 720 1478 sues
749 1420 863 1496 pastus
884 1421 970 1480 esset
993 1413 1089 1480 laoob
1140 1423 1268 1481 eertum
1296 1436 1337 1481 ex
1368 1416 1438 1484 eius
1464 1416 1652 1500 praesentia
1678 1415 1807 1484 luorum
1841 1419 2013 1498 sensisset,
2043 1440 2111 1486 non

115 1515 175 1578 pro
203 1493 365 1576 Baebelo,
394 1495 495 1562 fnisse
520 1504 633 1562 temen
660 1517 700 1564 ea
726 1517 804 1563 mox
830 1499 985 1581 potitum,
1013 1499 1090 1582 quia
1138 1499 1255 1566 fuisset
1270 1521 1388 1584 passus
1404 1509 1572 1567 momento
1589 1503 1745 1586 temporis
1763 1503 1851 1570 domi
1868 1524 1948 1570 suae
1964 1503 2110 1572 haerere.

115 1581 156 1646 ab
177 1579 274 1645 initio
294 1581 403 1664 erupit
424 1581 598 1648 aemulatio
614 1584 701 1650 inter
723 1584 804 1650 dues
825 1603 962 1650 sorores.
991 1583 1089 1651 Oerte
1140 1584 1239 1666 Quod
1260 1606 1339 1672 ergo
1356 1607 1422 1652 non
1440 1587 1655 1671 modoipsum
1670 1608 1737 1654 non
1755 1590 1911 1670 extrudit,
1933 1590 1991 1657 sed
2012 1591 2112 1663 anxie

114 1666 227 1732 Moses
248 1665 310 1732 hoo
329 1665 399 1733 loeo
420 1667 586 1751 signifieat
613 1688 721 1735 serem
742 1669 808 1735 Dei
828 1669 1088 1736 benedictionem
1139 1671 1281 1737 retinere
1302 1672 1429 1752 studet,
1452 1673 1531 1740 hino
1551 1673 1735 1758 oolligimns
1752 1687 1904 1741 sanetum
1927 1675 2037 1742 virum
2058 1677 2111 1742 in-

114 1751 225 1830 fuisse,
248 1771 349 1835 quum
372 1749 413 1818 de
434 1751 546 1822 liberis
566 1755 633 1819 iam
652 1753 855 1838 desperasset
865 1754 1001 1833 Reehel,
1019 1755 1089 1822 diu·
1139 1755 1309 1824 eredibiles
1331 1757 1457 1824 labores
1478 1759 1672 1842 sumpsisse,
1695 1759 1752 1843 qui
1773 1781 1839 1826 non
1861 1759 1957 1826 modo
1979 1760 2111 1846 populo·

114 1857 179 1920 que
196 1837 316 1920 probro
333 1836 445 1904 habita
458 1837 575 1904 fnisset
590 1841 660 1906 eius
677 1840 843 1907 sterilitas.
865 1841 969 1906 Porro
986 1841 1088 1908 fausti
1138 1862 1194 1908 sae
1216 1843 1359 1909 familiae
1376 1844 1541 1911 alimentis
1562 1844 1757 1926 suffioerent,
1779 1846 1837 1911 sed
1854 1847 1990 1914 uberem
2011 1849 2111 1914 etiam

112 1920 235 2072 gminis
257 1942 355 2074 oasa
371 1923 510 2014 imponit
527 1944 650 1992 nomen
666 1925 743 2006 filio,
765 1925 827 1992 sibi
849 1947 890 1992 ex
912 1948 980 1992 uno
996 1947 1089 2011 spem
1138 1938 1310 2080 qufflum
1343 1928 1814 2081 affirmatnwpmtquutm
1845 1952 1927 2082 {riouf
1943 1932 2110 2032 immerito

135 2027 254 2073 norum
327 2028 408 2074 rens.
1292 2035 1371 2080 uere
1449 2036 1486 2080 se
1539 2035 1570 2080 es
1590 2035 1645 2082 aes
1733 2037 1752 2082 e
1783 2038 1844 2084 noo
1873 2040 1889 2083 s
2000 2041 2016 2086 s
2079 2040 2110 2083 r-

200 2095 254 2162 25.
286 2094 421 2162 Dimitte
441 2114 505 2176 ote,
526 2095 630 2162 elido.
675 2095 789 2177 Quum
810 2097 978 2182 proposita
998 2096 1088 2163 labo·
1137 2033 1493 2183 pedissequarum
1515 2101 1649 2167 minime
1671 2102 1809 2168 dubium
1831 2112 1881 2168 est
1902 2039 2108 2187 qlrlrilquplpuqis

113 2201 188 2247 rum
216 2179 366 2247 merosde
394 2189 544 2247 retentus
571 2179 675 2247 fuerit
695 2179 808 2261 Iooob,
845 2182 949 2248 videri
977 2191 1088 2266 posset
1137 2185 1307 2269 quibusvis
1339 2185 1503 2252 laboribus
1529 2186 1628 2252 fuerit
1656 2187 1721 2252 Dei
1749 2187 1947 2268 benedietio,
1976 2199 2013 2254 ut
2034 2211 2108 2274 per·

114 2267 179 2334 hoo
201 2275 309 2334 astute
330 2274 488 2350 oeptasse,
511 2266 590 2332 dum
611 2268 801 2334 missionem
823 2268 908 2351 petit
925 2289 946 2335 a
966 2287 1086 2334 seuero
1137 2271 1275 2354 spioeret
1303 2270 1421 2337 Labsn
1449 2271 1547 2338 Ieoob
1575 2291 1646 2338 esse
1672 2272 1778 2338 veluti
1805 2272 1966 2358 quoddam
1996 2275 2108 2359 oopiae

113 2354 189 2438 Ego
210 2361 322 2418 tamen
343 2372 410 2418 non
431 2351 543 2418 dubito
561 2353 642 2437 quin
662 2353 729 2418 ium
749 2362 828 2419 tune
845 2353 880 2417 in
898 2354 1007 2420 animo
1027 2353 1087 2419 ha·
1136 2376 1255 2422 oornu:
1283 2356 1371 2439 quod
1399 2357 1501 2423 etiarn
1529 2357 1599 2441 ipse
1620 2358 1756 2424 latetur:
1784 2380 1891 2443 neque
1920 2360 2008 2425 euim
2036 2361 2108 2429 eius

113 2440 227 2506 buerit
246 2439 376 2517 reverti,
396 2445 429 2503 et
447 2459 544 2504 sunm
566 2437 738 2506 eonsilium
759 2438 904 2524 ingentu
920 2439 1086 2523 professus
1135 2441 1233 2508 modo
1249 2442 1348 2508 fidem
1369 2450 1402 2509 et
1419 2441 1473 2512 dil‘
1517 2442 1621 2508 utiam
1643 2444 1860 2525 sommendat,
1883 2444 1940 2510 sed
1958 2446 2107 2511 nomine·

113 2527 167 2592 sit
211 2525 340 2604 Primo,
362 2524 439 2608 quia
459 2524 575 2590 multis
595 2524 702 2591 modis
723 2533 879 2608 expertus
900 2534 972 2590 erat
988 2545 1086 2608 quam
1136 2527 1197 2591 tim
1218 2527 1385 2612 praedioat
1405 2549 1470 2613 quo
1514 2529 1549 2594 in
1571 2529 1642 2595 sius
1659 2529 1800 2614 gratiam
1820 2529 2015 2598 benediotus
2035 2531 2107 2596 fue·

112 2609 1084 2779 lNsttmeidildliiiffildvill‘„inibit
1137 2612 1253 2764 ibi„
1266 2613 1623 2768 {mesisti
1644 2615 1832 2769 ,ittet
1852 2615 1997 2768 litut
2013 2636 2108 2786 tt}

113 2783 193 2850 data
219 2789 270 2848 est
300 2781 447 2848 leonitas.
501 2781 642 2861 Deinde,
674 2801 774 2866 quum
802 2781 900 2867 longo
927 2782 1084 2865 temporis
1137 2783 1274 2850 visibilis
1303 2793 1468 2868 quaestus.
1520 2750 1624 2851 Porro
1656 2787 1732 2870 quia
1757 2785 1894 2852 verbum
1922 2799 1990 2856 unu
2019 2787 2107 2871 apud

111 2868 220 2954 spatio
246 2866 458 2951 interposito,
489 2874 637 2950 speraret
669 2867 835 2952 planatum
869 2887 941 2936 esse
972 2867 1083 2936 notus
1136 2869 1306 2936 Hebraeos
1327 2870 1415 2936 idom
1432 2871 1520 2938 valet
1542 2879 1640 2956 atque
1661 2872 1807 2956 auguriis
1829 2872 1881 2937 vel
1899 2870 2104 2939 divinatione

113 2955 279 3034 smmum,
300 2953 373 3019 fieri
401 2971 469 3018 non
490 2953 598 3036 potuit
617 2953 698 3037 quin
724 2951 833 3018 redire
860 2952 1083 3037 adparentes
1136 2973 1340 3040 eognoseers,
1357 2954 1510 3023 divinant
1531 2956 1663 3041 quidam
1682 2957 1880 3041 interpretes
1896 2957 2031 3044 magieis
2053 2977 2106 3024 ar·

111 3058 314 3126 magnopere
351 3045 500 3122 superet:
538 3039 732 3123 praesertim
775 3045 824 3104 tot
859 3037 1082 3105 molestiarum
1135 3039 1224 3108 tibus
1245 3041 1397 3108 edootnm
1418 3042 1519 3110 fuisse
1540 3040 1672 3122 Labau,
1705 3042 1768 3109 sibi
1794 3044 1911 3109 utilem
1940 3063 1978 3110 ao
1998 3043 2106 3110 luoru-

154 3139 299 3204 rteesus,
326 3133 364 3191 nt
389 3125 447 3190 vix
469 3123 611 3190 deterior
632 3124 711 3190 alibi
731 3123 879 3190 timenda
900 3132 985 3191 esset
1007 3143 1083 3190 oon·
1135 3146 1205 3194 sum
1223 3126 1323 3194 fuisse
1343 3129 1565 3211 praesentiam
1585 3127 1694 3196 Iaoob.
1722 3127 1791 3194 Alii
1807 3136 1918 3194 tamen
1935 3138 2108 3214 exponunt

111 3147 204 3279 Notio.
259 3209 328 3278 Sed
358 3209 424 3276 Dei
455 3210 626 3293 promissio
658 3209 700 3275 ad
731 3209 858 3276 reditus
886 3209 1083 3276 desiderium
1134 3211 1329 3295 simplioius,
1350 3211 1437 3296 quod
1459 3212 1685 3298 experimento
1706 3212 1905 3300 probaverit.
1948 3215 2035 3281 Mihi
2057 3216 2107 3280 vi·

109 3297 291 3364 aoerrimus
311 3295 375 3362 fuit
394 3295 559 3362 stimulus.
581 3295 696 3380 Neque
717 3296 806 3362 enim
823 3294 1081 3362 benedietionem
1134 3296 1231 3364 detur
1248 3318 1320 3365 esse
1339 3299 1529 3366 mandetio:
1555 3319 1593 3367 ao
1614 3300 1643 3367 si
1665 3297 1817 3379 dixisset,
1837 3320 1907 3366 non
1927 3320 2023 3368 seous
2043 3301 2107 3369 sibi

110 3383 284 3463 abieoerat,
304 3401 386 3465 quae
407 3381 457 3446 illi
502 3383 610 3466 ropria
630 3383 702 3447 vite
721 3381 830 3448 fuerat
851 3382 965 3448 serior.
1003 3380 1083 3446 Hue
1133 3390 1338 3467 perspeotam
1359 3405 1430 3451 esse
1451 3382 1518 3451 Dei
1538 3384 1813 3466 benediotionem,
1839 3407 1877 3453 ao
1898 3386 1928 3452 si
1948 3387 2105 3452 votioinio

109 3471 214 3537 mem
235 3469 377 3552 pertinet
398 3401 597 3552 qnoNdieit,
618 3466 749 3534 Vadam
770 3466 813 3533 ad
833 3468 941 3535 looum
962 3486 1083 3547 meum,
1133 3476 1253 3536 testata
1272 3470 1366 3550 foret,
1388 3469 1442 3536 vel
1463 3470 1603 3556 augurio
1625 3477 1800 3556 eomperta

108 3565 144 3622 et
166 3565 289 3622 terram
311 3572 434 3620 meam:
463 3573 530 3618 non
551 3553 640 3620 enim
661 3552 734 3619 ideo
757 3561 887 3620 tanturn
908 3553 956 3621 sio
977 3552 1083 3618 nomi·
1219 3554 1272 3622 29.
1307 3556 1358 3621 Tu
1384 3557 1467 3622 nosti
1486 3556 1620 3638 qualiter
1643 3557 1807 3623 seram
1827 3555 1892 3622 titt.
1936 3556 2029 3622 Haeo
2057 3577 2105 3622 re·

106 3651 170 3709 nat
187 3651 311 3706 terram
322 3638 494 3718 osanam,
512 3638 599 3724 quod
618 3639 686 3707 illio
699 3647 796 3706 natus
810 3646 903 3720 esset,
924 3637 984 3705 sed
1006 3637 1083 3721 quie
1132 3643 1266 3725 sponsio
1285 3639 1386 3709 Iaoob
1407 3663 1475 3708 non
1495 3663 1533 3709 eo
1554 3641 1672 3718 tendit,
1695 3650 1733 3708 ut
1753 3641 1912 3709 meroedis
1933 3659 2012 3708 sues
2033 3662 2105 3724 pre-

107 3727 271 3794 divinitus
291 3724 355 3792 sibi
376 3723 487 3790 dotem
509 3745 580 3792 esse
601 3733 749 3791 noverat.
792 3725 880 3791 Nam
909 3725 938 3791 si
962 3723 1082 3790 natalis
1131 3728 1216 3792 tium
1238 3734 1371 3812 sugent:
1394 3727 1453 3794 sed
1470 3728 1681 3810 expostulans
1697 3747 1773 3794 oum
1794 3727 1920 3807 Laban,
1941 3725 2051 3810 inique
2070 3735 2104 3793 et

105 3814 174 3880 soli
195 3820 349 3896 respeotu
371 3809 508 3877 dixisset
529 3831 565 3878 se
581 3811 724 3882 reditum
746 3817 915 3895 appetere,
941 3808 1082 3876 ludibrio
1131 3811 1358 3878 inhumaniter
1378 3829 1456 3880 eum
1476 3814 1583 3878 faeere
1606 3812 1709 3892 donet,
1731 3812 1818 3896 qnod
1835 3811 1944 3879 edhuo
1961 3811 2001 3877 de
2019 3820 2103 3878 tem·

106 3899 220 3985 exoipi
240 3904 386 3981 poterat,
409 3894 494 3981 quod
515 3904 609 3979 pater
638 3897 709 3965 eius
729 3897 902 3964 erretioem
924 3904 958 3961 et
977 3896 1081 3962 insta·
1131 3917 1210 3982 pore
1231 3897 1436 3983 prorogando
1457 3899 1589 3983 sateffl't.
1638 3897 1752 3981 Neque
1778 3898 1866 3964 enim
1895 3897 2029 3964 dubium
2051 3905 2102 3964 est

104 3985 210 4052 bilem
232 3983 334 4083 vitum
347 3982 495 4082 egisset,
520 3982 557 4048 in
583 3981 677 4048 varia
698 3981 1003 4084 subindenhlospitia
1018 3980 1080 4045 mi·
1131 3984 1212 4136 guin
1232 3983 1382 4051 omnibus
1404 3984 1506 4050 animi
1532 3983 1584 4084 sui
1613 3984 1698 4084 votis
1723 3984 1951 4083 raperetur-'in'
1978 3989 2101 4084 terram

102 4067 324 4237 &iasii
339 4076 782 4240 tifilsi‘idlffilsl
808 4065 1081 4221 ilbbffli
1130 4068 1318 4238 dett.
1344 4067 2103 4254 Iuttttttllttlllltttittt

103 4244 176 4310 Dei
208 4241 395 4320 mesalum,
434 4260 498 4325 quo
528 4248 619 4306 terre
647 4240 808 4308 chanaan
837 4240 887 4306 illi
918 4239 1083 4306 destinata
1132 4247 1201 4306 tam
1217 4239 1285 4304 doli
1295 4260 1394 4324 quem
1405 4239 1656 4306 inhumanitatis
1665 4239 1845 4318 1ns1mulat,
1866 4246 1904 4305 ut
1921 4239 2041 4324 ahquid
2060 4240 2101 4307 ab

104 4339 190 4396 eret.
221 4326 319 4410 Quod
336 4334 447 4393 autem
463 4326 585 4394 inisota
602 4334 653 4393 est
671 4325 722 4391 illi
738 4325 781 4393 ad
791 4334 922 4412 tempus
943 4343 1080 4402 remora,
1131 4346 1171 4391 eo
1199 4333 1409 4410 extorqueat,
1437 4326 1467 4392 si
1494 4325 1617 4392 diutius
1644 4325 1845 4393 monendum
1876 4325 1928 4391 sit.
1987 4325 2102 4409 Neque

102 4413 248 4484 oonsilio
267 4411 429 4480 disomsus
448 4434 517 4478 non
538 4420 714 4498 repugnat:
732 4432 811 4478 nem
828 4413 891 4479 hoo
901 4408 1081 4497 purtimilli
1131 4410 1220 4478 enim
1242 4431 1374 4495 sperare
1417 4420 1523 4477 oterat
1543 4420 1581 4477 ut
1602 4432 1638 4477 se
1657 4412 1745 4476 ultro
1766 4412 1807 4476 ad
1825 4412 2022 4494 aequitatem
2045 4412 2101 4477 de·

102 4499 249 4570 extorsit
270 4500 465 4582 nenessitas,
487 4498 564 4582 quia
585 4519 621 4565 se
642 4498 804 4566 sxnionre
824 4519 891 4564 non
912 4503 1041 4581 poterat
1062 4515 1081 4561 e
1131 4496 1278 4564 mitteret
1298 4498 1381 4581 psrfi
1403 4519 1443 4564 us
1459 4496 1515 4564 ille
1537 4503 1710 4571 veterator,
1731 4515 1793 4562 neo
1810 4517 1888 4562 vero
1909 4495 2102 4580 simplioiter

101 4587 216 4656 soseri
233 4585 373 4669 laqueis:
391 4585 512 4670 partim
528 4583 626 4651 etism
640 4583 827 4650 voluntarie
842 4585 949 4663 oessit,
964 4590 1002 4648 ut
1017 4580 1081 4648 sibi
1131 4581 1333 4667 diligentiam
1361 4602 1456 4650 suem
1484 4581 1597 4649 laudat
1617 4581 1732 4660 Iaeob,
1759 4581 1816 4648 sed
1844 4583 2013 4666 negotium
2038 4581 2101 4649 sibi

102 4683 142 4741 et
170 4665 316 4738 familiae
338 4668 461 4755 aliquid
489 4671 685 4754 aequireret,
715 4691 757 4736 ne
784 4670 878 4753 inops
906 4689 944 4735 eo
970 4669 1081 4733 nudus
1130 4669 1229 4735 fuisse
1246 4667 1387 4734 ostendit
1407 4687 1482 4734 eum
1503 4667 1637 4734 homine
1657 4667 1780 4734 iniusto
1798 4675 1833 4733 et
1853 4667 1985 4734 erudeli.
2025 4667 2100 4734 Hoo

99 4759 234 4828 rediret
263 4757 300 4822 in
329 4757 479 4840 patriam.
529 4755 596 4823 Hio
620 4776 698 4822 vero
733 4755 897 4841 detegitur
925 4753 1080 4819 immanis
1129 4754 1257 4820 interea
1277 4753 1457 4821 notandum
1479 4762 1543 4833 est,
1565 4772 1750 4837 quenquam
1779 4763 1914 4819 strenue
1935 4751 2101 4818 laborave-

98 4845 215 4932 ipsins
232 4842 348 4909 Leben
365 4840 567 4926 improbitas.
599 4841 779 4925 Postquam
801 4847 951 4925 nepotem
972 4859 1079 4917 suum,
1129 4847 1197 4919 ret,
1222 4839 1332 4923 ipsum
1357 4847 1470 4906 tamen
1496 4838 1581 4906 nihil
1604 4838 1788 4906 adsoribere
1807 4838 1911 4906 labori
1939 4858 2013 4918 suo,
2042 4837 2099 4904 sed

99 4945 140 5000 et
166 4949 324 5017 generum
345 4927 437 4994 duris
451 4934 486 4993 et
502 4926 640 4999 assiduis
657 4925 903 5011 quatuordeeim
918 4944 1080 4991 annorum
1130 4925 1194 4992 Dei
1215 4924 1433 4992 benedictioni
1454 4923 1515 4992 hoo
1536 4925 1622 4992 ferre
1643 4933 1829 5009 aeoeptum,
1851 4923 1937 5008 quod
1958 4923 2099 5007 loeuple-

96 5015 276 5086 laboribns
296 5015 365 5081 fere
385 5011 532 5094 oonieoit,
555 5011 639 5078 nihil
660 5022 771 5078 tamen
792 5010 951 5078 meroedis
971 5011 1006 5076 in
1028 5010 1079 5075 fu-
1129 5018 1219 5077 tatus
1239 5010 1338 5076 fuerit
1359 5011 1486 5078 Laban.
1530 5011 1604 5077 Etsi
1626 5011 1714 5077 enim
1735 5030 1836 5094 quum
1857 5009 1942 5075 bona
1962 5008 2027 5075 fide
2048 5010 2099 5075 in-

98 5115 225 5171 surum
241 5101 348 5166 offert.
390 5099 536 5166 Evanuit
551 5099 618 5165 iarn
639 5097 699 5165 illa
718 5099 873 5182 aequites,
894 5117 995 5183 quam
1015 5095 1080 5160 ini-
1130 5095 1288 5163 oumbunt
1300 5096 1451 5163 homines
1467 5097 1503 5161 in
1524 5117 1645 5164 munus
1665 5115 1774 5174 suum,
1793 5115 1863 5162 non
1883 5094 2005 5161 ludunt
2025 5115 2100 5178 ope·

97 5192 154 5257 tio
178 5205 257 5272 pree
279 5205 314 5252 se
335 5184 466 5252 tulerat
517 5183 603 5250 Nam
630 5205 695 5268 quo
715 5185 820 5250 maior
846 5184 954 5250 fuerat
974 5181 1080 5249 senati
1129 5201 1216 5262 ram,
1245 5181 1409 5266 profeotus
1436 5191 1548 5248 tamen
1573 5203 1616 5248 ex
1646 5181 1716 5248 sola
1741 5180 1806 5247 Dei
1834 5182 1942 5266 grstia
1970 5180 2100 5264 pendet.

97 5275 176 5342 viri
192 5272 384 5351 tolerantia,
412 5291 451 5337 eo
471 5269 546 5355 plus
567 5280 704 5354 usurpat
731 5270 767 5335 in
789 5272 899 5354 ipsum
919 5268 1079 5335 liuentiae.
1131 5265 1228 5349 Quod
1257 5267 1357 5334 etiam
1380 5267 1420 5334 do
1449 5267 1593 5334 effioaoia
1613 5266 1782 5334 doetrinae
1803 5267 1929 5335 Paulus
1948 5273 2098 5344 testatur,
2122 5353 2126 5358 Δ

96 5363 170 5432 Sia
195 5359 326 5444 piorum
353 5356 509 5424 fusilitate
536 5355 681 5422 abutitur
707 5355 866 5424 mundus:
895 5362 928 5422 et
956 5374 1020 5440 quo
1044 5372 1080 5420 se
1130 5351 1261 5437 longius
1289 5359 1393 5436 patet,
1424 5374 1498 5418 eum
1527 5354 1583 5437 qui
1611 5353 1755 5438 plantat,
1783 5360 1914 5420 eteum
1936 5352 2101 5438 quirigat
