5022 6192
144 443 203 506 105
793 436 1163 506 COMMENTARIUS
1187 437 1234 502 IN
1254 436 1468 503 GENESIN.
2065 444 2127 510 106

228 630 257 693 1.
276 627 344 694 late
360 633 405 694 eet
423 627 499 693 liber
514 627 746 711 emeratiomtm
756 627 872 694 Adam.
904 628 980 693 Hoc
1001 629 1107 710 eapite
1243 625 1272 691 3.
1300 625 1345 691 Et
1368 628 1476 710 genuit
1501 628 1544 694 od
1564 626 1801 694 similitudieem
1823 649 1924 695 amm.
1970 630 2127 700 Diximus

141 715 286 781 breviter
309 713 466 780 recitatur
488 726 648 795 quantum
668 713 889 780 intercesserit
911 713 1065 797 temporis
1088 733 1107 778 a
1156 733 1260 795 nuper
1282 713 1398 778 Mosen
1429 721 1558 778 tantum
1587 715 1622 776 in
1645 713 1733 778 linea
1757 711 1839 779 Seth
1862 717 2013 800 prosequi
2034 717 2127 784 Adae

141 800 255 866 mundi
284 800 449 868 erratione
476 821 578 880 usque
606 797 647 862 ad
675 799 852 877 diluvium,
879 807 911 864 et
940 799 1038 865 simul
1064 820 1106 864 ex
1157 798 1317 876 sobolem,
1347 805 1383 862 ut
1412 798 1529 864 seriem
1559 799 1712 865 eeclesiae
1742 799 1834 864 nobis
1856 801 2126 869 considerandam

140 887 209 952 sius
231 883 389 968 temporis
410 883 546 950 historia
568 882 689 967 aliquid
712 883 834 950 delibat
855 883 969 950 Moscsss
993 883 1106 964 Quen·
1157 893 1326 966 proponat.
1360 881 1457 965 Quod
1478 892 1587 951 autem
1610 883 1689 950 dicit
1710 886 1862 968 genuisse
1884 885 1925 951 ad
1947 888 2124 972 imaginem

140 992 238 1056 quam
268 981 378 1037 autem
406 969 574 1037 eonsilium
604 969 740 1054 spiritus
762 991 828 1035 non
850 981 1019 1051 tenemus,
1047 988 1107 1034 eur
1157 989 1266 1047 suam,
1295 969 1436 1034 refertur
1465 969 1594 1052 quidem
1622 977 1778 1053 exparte
1800 969 1841 1034 ad
1864 972 2004 1054 primam
2026 975 2124 1058 origi·

139 1079 192 1122 ras
212 1078 360 1140 magnas,
383 1067 416 1121 et
438 1054 533 1121 valde
553 1055 781 1121 memorabiles
802 1054 931 1120 silentio
953 1056 1107 1120 transmi·
1157 1075 1232 1119 nem
1261 1063 1415 1120 naturae:
1445 1054 1543 1120 simul
1572 1063 1684 1120 tamen
1713 1053 1858 1120 notanda
1884 1069 1934 1124 est
1961 1062 2125 1142 corruptio

140 1141 237 1209 serit:
259 1151 408 1208 nostrum
426 1149 537 1208 tamen
555 1150 605 1206 est
626 1139 730 1206 multa
752 1153 903 1225 reputare
926 1162 1007 1224 ques
1030 1142 1105 1207 sub·
1157 1151 1191 1206 et
1199 1139 1376 1206 vitiositas:
1395 1160 1478 1223 quae
1496 1141 1537 1206 ab
1555 1141 1625 1224 ipso
1644 1148 1810 1206 contracta
1826 1163 1886 1224 per
1911 1140 2125 1212 defectionem

140 1229 291 1294 ticentur.
340 1225 585 1310 Speculationes
612 1224 743 1309 quidem
769 1246 850 1310 quas
878 1226 942 1293 sibi
970 1227 1107 1310 quisque
1156 1223 1198 1290 ad
1228 1244 1342 1290 omnes
1369 1236 1513 1308 posteros
1542 1224 1689 1291 defluxit.
1736 1224 1774 1292 Si
1795 1229 1967 1295 mansisset
1989 1233 2123 1316 integer,

139 1335 183 1381 ex
204 1312 332 1379 levibus
354 1313 548 1378 coniecturis
570 1311 721 1390 fabricat,
743 1311 878 1378 minime
899 1313 1017 1396 probo:
1045 1331 1106 1378 nec
1156 1310 1292 1376 daturus
1331 1319 1403 1376 crat
1440 1311 1516 1377 liliis
1556 1312 1625 1378 suis
1653 1311 1802 1378 omnibus
1831 1313 1916 1396 quod
1943 1327 2123 1399 acceperat:

139 1409 234 1464 autor
252 1420 307 1464 ero
330 1406 369 1463 ut
393 1398 454 1464 sibi
479 1397 541 1464 hac
564 1397 601 1463 in
622 1407 716 1480 parte
736 1396 928 1482 indulgeant
949 1398 1103 1464 lectores:
1157 1417 1244 1462 nunc
1273 1418 1352 1462 vero
1375 1394 1457 1462 Seth
1488 1418 1554 1463 una
1583 1418 1656 1464 eum
1689 1397 1762 1464 aliis
1793 1397 1946 1466 vitiatum
1975 1402 2123 1487 legimus,

138 1484 197 1550 sed
216 1505 258 1550 ex
275 1483 365 1550 nuda
381 1493 414 1550 et
431 1483 523 1549 velut
540 1482 631 1548 arida
648 1484 835 1549 narratione
853 1491 1018 1567 utcunque
1040 1483 1105 1548 col-
1155 1482 1232 1563 quia
1241 1481 1349 1547 Adam
1368 1483 1425 1565 qui
1442 1485 1482 1548 ab
1500 1483 1626 1568 origine
1644 1503 1704 1549 sua
1722 1482 1913 1565 desciverat,
1935 1507 1999 1552 non
2018 1490 2123 1571 potuit

136 1569 197 1653 ligi
226 1577 333 1653 potest
360 1567 466 1652 qualis
493 1569 594 1634 fuerit
620 1567 751 1634 illerum
775 1579 959 1652 temporum
988 1579 1102 1648 status,
1156 1566 1219 1632 nisi
1238 1568 1288 1633 sui
1306 1569 1429 1634 similes
1469 1569 1591 1652 ignere.
1616 1567 1737 1652 Siquis
1756 1569 1896 1654 obiiciat,
1914 1571 2015 1638 inisse
2026 1596 2124 1658 pecu-

138 1652 413 1738 quemadmodum
435 1655 504 1720 suis
523 1655 603 1721 iocis
627 1654 818 1720 videbimus.
852 1655 964 1736 Liber,
986 1676 1102 1720 sccun-
1156 1653 1231 1718 liari
1241 1652 1307 1718 Dei
1329 1591 1527 1736 gariudos
1550 1674 1623 1721 eum
1646 1655 1741 1721 domo
1758 1675 1817 1720 sua
1839 1655 1994 1722 electum:
2019 1660 2123 1728 facilis

138 1745 217 1806 dum
231 1740 366 1824 phrasin
377 1740 548 1807 hebraicae
560 1740 699 1824 linguas,
719 1761 778 1825 pro
796 1741 943 1825 catalogo
954 1740 1103 1807 sumitur.
1156 1752 1206 1804 est
1234 1759 1272 1806 ac
1294 1749 1444 1823 prompta
1461 1741 1643 1824 responsio,
1671 1742 1919 1826 supernaturale
1943 1745 2123 1812 remedium

137 1826 377 1893 Generationes
409 1825 595 1891 continuam
628 1827 863 1892 successionem
891 1828 1021 1911 generis
1051 1826 1104 1890 vel
1155 1844 1222 1889 non
1251 1823 1381 1891 obstare
1408 1827 1487 1907 quin
1515 1825 1683 1910 generatio
1713 1826 1853 1892 carnalis
1875 1828 1980 1911 sapiat
2001 1832 2123 1914 peccati

135 1913 328 1995 progeniem
358 1911 554 1994 significant.
598 1911 703 1977 Porro
724 1911 800 1978 finis
834 1910 931 1978 huius
967 1912 1105 1996 catalogi
1155 1910 1381 1994 corruptelm
1404 1912 1495 1996 Ergo
1512 1910 1690 1978 secundum
1708 1932 1838 1979 carnem
1858 1922 1956 1980 uatus
1976 1924 2026 1981 est
2037 1914 2122 1984 Seth

136 1996 272 2062 texendi
291 1996 353 2062 fuit
366 2005 404 2061 ut
422 1998 577 2074 sciamus,
597 1997 631 2060 in
649 2017 768 2080 magne
784 1998 836 2063 vel
853 1999 961 2082 potius
977 1998 1105 2082 ingenti
1155 2009 1318 2077 peccator:
1342 1995 1458 2062 deinde
1480 2005 1656 2063 renovatus
1677 2007 1726 2064 est
1747 1997 1882 2082 spiritus
1905 2001 2018 2082 gratia.
2048 2001 2122 2070 Hoc

135 2081 311 2148 hominum
339 2081 450 2162 turba,
480 2103 609 2165 semper
630 2083 730 2148 luisse
755 2080 898 2167 aliquem
920 2103 1105 2160 numerum,
1155 2091 1223 2146 tam
1254 2083 1345 2148 triste
1377 2082 1563 2165 exemplum
1600 2085 1705 2150 saneti
1740 2083 1943 2167 patriarchas
1978 2087 2122 2170 amplam

135 2167 217 2234 licet
242 2168 408 2252 exiguum,
435 2168 490 2250 qui
515 2167 623 2233 Deum
647 2168 780 2234 coleret:
809 2189 950 2252 eumque
974 2168 1105 2235 coelesti
1154 2166 1247 2232 nobis
1264 2166 1481 2251 deplorandae
1498 2169 1648 2234 rumesiae
1666 2176 1794 2234 nostrae
1812 2169 1982 2235 materiam
2003 2193 2121 2257 suppe-

136 2253 304 2338 pracsidio
331 2252 528 2319 mirabiliter
555 2263 724 2319 servatum
752 2253 869 2333 fuisse,
898 2274 941 2320 ne
974 2275 1105 2338 prorsus
1156 2252 1247 2317 ditat.

136 2339 328 2406 aboleretur
345 2339 407 2404 Dei
429 2359 559 2420 nomen,
581 2349 616 2404 et
632 2339 786 2405 ecelesiae
807 2361 919 2405 semen
942 2339 1103 2406 deficeret.
1241 2339 1270 2404 4.
1301 2337 1345 2404 Et
1364 2338 1494 2421 fuerunt
1513 2338 1581 2406 dire
1603 2339 1710 2405 Adam
1725 2345 1891 2420 ροιιιιιιιιιιι
1910 2343 2016 2424 genuit
2038 2341 2119 2409 Sera.

227 2424 270 2490 Ie
291 2425 342 2490 dic
362 2445 425 2506 qua
446 2426 561 2490 creamt
581 2422 680 2490 Deus.
719 2424 794 2491 Non
817 2426 987 2509 restringit
1005 2447 1104 2510 gene·
1154 2423 1195 2490 In
1233 2444 1370 2490 numero
1400 2444 1561 2489 annorum
1589 2425 1645 2508 qui
1675 2423 1728 2491 bie
1756 2428 1913 2502 rel'ertur,
1943 2429 1978 2492 in
2007 2429 2120 2510 primis

133 2512 283 2576 rationes
305 2509 347 2575 ad
367 2510 455 2575 diem
477 2510 661 2588 creationis,
684 2509 742 2576 sed
759 2511 953 2594 principium
977 2519 1103 2576 tantum
1155 2509 1425 2576 considerandum
1460 2519 1508 2576 est
1537 2508 1690 2592 quamdiu
1719 2510 1816 2574 simul
1847 2512 1990 2578 vixerint
2016 2514 2121 2580 sancti

134 2597 307 2680 designat:
335 2604 370 2660 et
398 2595 496 2660 simul
527 2595 649 2680 primos
672 2596 821 2663 homines
840 2619 859 2662 a
881 2596 1015 2679 reliquis
1037 2595 1103 2662 dis·
1156 2595 1369 2680 patriarchae.
1414 2594 1498 2660 Nam
1522 2617 1580 2680 per
1601 2617 1661 2662 sex
1685 2597 1856 2663 continuas
1877 2606 2000 2664 aetates
2021 2620 2120 2683 quum

133 2684 252 2758 cernit,
271 2701 352 2764 ques
363 2682 453 2747 Deus
472 2682 631 2765 singulari
648 2681 743 2748 modo
759 2684 795 2746 in
813 2683 915 2747 vitam
932 2683 1102 2766 produxit:
1154 2682 1220 2745 iam
1256 2681 1379 2747 familia
1408 2679 1491 2747 Seth
1520 2681 1555 2746 in
1584 2701 1741 2765 magnum
1770 2682 1925 2764 populum
1952 2687 2120 2764 crevisset,

133 2789 241 2852 quum
280 2766 336 2831 alii
369 2789 410 2831 ex
443 2767 551 2832 altiori
583 2769 684 2850 stirpe
713 2778 746 2832 et
779 2768 968 2850 parentibus
999 2767 1104 2851 geniti
1154 2766 1298 2848 quotidie
1325 2787 1477 2832 resonare
1504 2767 1613 2849 potuit
1635 2789 1699 2833 vox
1721 2767 1812 2832 Adae
1834 2768 1875 2834 ad
1898 2769 2121 2836 renovandam

132 2853 272 2918 fuerint
328 2853 430 2918 Porro
460 2854 579 2918 iterum
613 2855 733 2937 repetit
764 2854 875 2919 Moses
907 2850 994 2936 quod
1025 2863 1103 2918 ante
1155 2851 1328 2918 creationis
1345 2861 1379 2917 et
1395 2851 1505 2936 lapsus
1524 2862 1557 2917 et
1573 2872 1695 2935 poenae
1713 2853 1911 2928 memoriam,
1934 2855 1975 2920 ad
1998 2863 2120 2921 testan-

131 2939 300 3014 doenorat,
321 2937 420 3004 fuisse
432 2937 539 3005 Adam
561 2939 737 3004 formatum
760 2939 801 3005 ad
822 2939 1000 3024 imaginem
1020 2939 1103 3004 Dei:
1156 2940 1232 3003 dam
1258 2959 1348 3022 spem
1378 2937 1509 3016 salutis,
1536 2957 1619 3020 quae
1645 2945 1719 3021 post
1740 2939 1985 3023 castigationem
2006 2939 2121 3007 relicta

132 3025 292 3109 quianon
304 3031 411 3107 potest
422 3025 500 3090 satis
512 3023 638 3090 laudari
655 3024 752 3091 buius
768 3025 891 3108 gratiae
909 3023 1104 3090 excellentia
1155 3023 1280 3107 fuerat,
1310 3032 1343 3090 st
1371 3023 1412 3089 ad
1433 3024 1600 3090 recitanda
1620 3022 1684 3089 Dei
1705 3022 1840 3102 iudicia,
1868 3025 1985 3108 quibus
2007 3047 2119 3093 omnes

132 3124 167 3178 ct
180 3110 335 3194 dignitas.
358 3109 493 3175 Homini
512 3110 691 3194 prinoipem
713 3111 820 3176 locum
840 3109 911 3176 dari
928 3111 1015 3176 inter
1035 3130 1102 3176 cre·
1155 3107 1372 3176 erudirentur.
1416 3110 1574 3176 Poterant
1604 3108 1735 3193 quidem
1766 3130 1804 3176 eo
1832 3121 1961 3177 mortuo
1990 3111 2120 3178 tradere

130 3205 249 3263 sturae
275 3195 342 3260 iam
370 3216 524 3278 magnum
548 3208 635 3273 erat,
662 3194 720 3260 sed
741 3196 805 3262 ista
826 3196 979 3262 nobilitas
1001 3196 1104 3262 multo
1154 3196 1215 3261 filii
1244 3196 1414 3279 nepotibus
1450 3195 1542 3279 quasi
1569 3216 1627 3279 per
1656 3216 1773 3262 munus
1801 3196 1887 3280 quod
1911 3197 2117 3265 didicissent:

131 3282 368 3367 praestantior,
387 3280 630 3364 quodlictorem
648 3301 744 3347 suum
762 3283 855 3365 quasi
872 3283 959 3348 filius
977 3295 1103 3366 patrem
1156 3281 1214 3347 sed
1241 3281 1338 3366 longe
1363 3281 1526 3348 efficacior
1550 3283 1613 3346 tuit
1640 3280 1786 3348 doctrina
1814 3302 1856 3348 ex
1885 3283 1954 3348 eius
1982 3303 2037 3348 ore
2063 3285 2119 3367 qui

130 3366 351 3435 similitudine
388 3365 518 3431 referat.
563 3366 633 3432 Nec
662 3386 739 3433 vero
767 3367 934 3433 liberalius
962 3389 1037 3434 cum
1065 3388 1104 3434 so
1156 3366 1304 3434 oculatus
1325 3367 1432 3432 fuerat
1452 3367 1598 3433 omnium
1620 3368 1722 3433 testis.
1766 3368 1853 3433 Mira
1874 3376 1992 3447 autem,
2023 3369 2119 3435 adeo·

131 3474 237 3538 agere
266 3451 358 3517 Deus
393 3462 522 3534 poterat
555 3472 655 3534 quam
684 3452 732 3518 illi
762 3453 898 3536 gloriam
928 3475 1021 3519 suam
1041 3455 1103 3518 im·
1155 3473 1219 3535 que
1230 3462 1413 3518 monstrosa
1423 3453 1621 3534 pervicacia:
1640 3453 1726 3536 qnod
1738 3474 1779 3519 ne
1797 3454 1845 3519 sic
1861 3451 1991 3537 quidem
2009 3454 2120 3522 sanior

130 3537 328 3623 primendo,
362 3551 400 3600 ut
432 3546 518 3603 esset
549 3539 640 3620 quasi
673 3539 751 3604 viva
774 3537 904 3605 divinae
925 3539 1105 3622 sapientiae
1155 3559 1231 3622 pars
1264 3537 1393 3622 generis
1426 3537 1563 3604 humani
1596 3539 1631 3604 in
1659 3539 1724 3604 Dei
1756 3540 1908 3622 obsequio
1935 3548 1970 3604 et
2003 3541 2119 3607 timore

130 3637 167 3690 et
191 3623 338 3690 iustitiae
361 3624 492 3706 effigies.
537 3622 638 3688 Valet
660 3625 757 3689 etiam
781 3624 843 3690 hoc
864 3625 905 3689 ad
927 3645 1103 3706 coarguen-
1154 3623 1290 3691 reducti
1311 3623 1424 3706 potuit.

131 3711 196 3776 das
236 3710 411 3790 impiorum
450 3708 647 3784 calumnias,
688 3712 743 3793 qui
781 3709 920 3775 libenter
960 3711 1104 3776 malitiae
1240 3708 1270 3774 5.
1309 3709 1354 3773 Et
1383 3713 1523 3775 ηιονιιιιιι
1556 3715 1609 3775 eat.
1668 3708 1827 3777 Clausala
1861 3709 1925 3776 ista
1959 3731 2042 3793 quas
2077 3708 2118 3777 de

131 3817 216 3862 suae
250 3793 377 3876 culpam
416 3795 451 3859 in
484 3795 633 3876 opificem
663 3797 862 3872 conferrent,
894 3796 959 3862 nisi
985 3795 1105 3862 diserte
1154 3797 1312 3878 cuiusque
1332 3805 1436 3860 morto
1454 3796 1644 3879 apponitur,
1675 3796 1811 3861 minime
1831 3816 2036 3878 supervacua
2057 3805 2116 3862 est.

130 3901 329 3965 expressum
363 3887 466 3957 esset,
506 3879 606 3945 alium
645 3895 762 3946 natura
801 3881 967 3948 eonditum
1005 3881 1105 3948 luisse
1154 3881 1322 3949 Admonet
1339 3883 1427 3946 enim
1445 3901 1510 3945 non
1528 3881 1651 3946 frustra
1669 3880 1898 3946 denunciatum
1915 3882 2014 3948 fuisse
2032 3903 2117 3948 mor-

131 3967 306 4033 homincm
337 3985 435 4049 quam
463 3987 550 4032 nune
571 3967 615 4031 sit
636 3966 741 4033 faetus
763 3968 893 4051 proprio
914 3964 1104 4034 deiectionis
1155 3978 1220 4033 tem
1240 3966 1443 4032 hominibus:
1466 3973 1499 4031 et
1517 3967 1581 4031 iam
1601 3987 1659 4032 nos
1680 3965 1911 4050 maledictioni,
1932 3967 1985 4032 eui
2007 3966 2117 4034 addic-

130 4053 228 4118 vitio.
1155 4064 1209 4118 tus
1230 4051 1285 4118 iile
1308 4052 1378 4130 luit,
1400 4072 1472 4118 esse
1494 4051 1667 4132 obnoxios,
1696 4052 1760 4116 nisi
1777 4051 1908 4118 aliunde
1930 4052 2115 4118 liberemur.

226 4137 256 4202 2.
272 4134 448 4201 Messalam
458 4135 655 4217 eserinam.
676 4137 768 4204 Haec
778 4136 940 4222 particula
954 4148 1104 4205 sanctum
1155 4139 1292 4204 interim
1305 4137 1487 4220 reputanda
1498 4135 1590 4202 nobis
1603 4147 1654 4202 cst
1665 4137 1813 4203 luctuosa
1830 4145 1941 4204 nostra
1957 4137 2115 4203 conditio:

133 4223 286 4306 coniugii
314 4220 480 4287 vinculum
509 4232 544 4288 et
570 4221 772 4288 individuam
800 4225 911 4289 mariti
937 4237 969 4288 et
992 4227 1104 4291 uxoris
1155 4223 1242 4308 quod
1274 4222 1382 4288 deleta
1413 4224 1448 4288 in
1476 4222 1587 4297 nobis,
1619 4222 1673 4289 vel
1705 4221 1821 4290 saltem
1850 4222 2027 4288 obliterare
2053 4223 2115 4288 Dei

134 4311 326 4375 societatem
372 4307 587 4373 commendat.
648 4308 824 4391 Postquam
870 4309 957 4376 enim
995 4310 1104 4376 Moses
1155 4310 1315 4395 imagine,
1339 4310 1396 4373 vix
1418 4318 1550 4374 tenuem
1573 4309 1752 4374 retinemus
1769 4309 1857 4373 vitas
1879 4308 2045 4386 umbram,
2073 4327 2115 4372 ex

133 4415 243 4460 unum
277 4393 461 4458 neminavit
492 4396 645 4460 continuo
673 4405 746 4476 post
772 4393 852 4460 duos
877 4395 1017 4461 includit
1043 4397 1104 4463 snb
1154 4417 1219 4480 qua
1245 4393 1286 4460 ad
1315 4405 1453 4459 mortem
1476 4394 1715 4477 properandum
1735 4403 1793 4460 est.
1838 4396 1887 4460 Ae
1909 4393 1989 4458 utile
2007 4403 2058 4458 eat
2078 4393 2114 4456 in

133 4501 206 4544 nno
219 4479 360 4543 nomine.
384 4479 430 4542 Et
441 4499 558 4543 nomen
571 4499 744 4546 commune
762 4481 913 4546 attribuit
924 4482 1104 4564 promiscue
1155 4490 1204 4546 tot
1231 4480 1435 4546 sacculorum
1464 4480 1591 4563 pictura
1617 4499 1748 4545 cernere
1776 4500 1842 4544 uno
1871 4479 1990 4543 intuitu
2011 4477 2114 4544 conti·

132 4566 312 4631 ambobns:
340 4583 406 4647 quo
434 4569 579 4630 sanctius
599 4567 688 4630 inter
709 4586 745 4630 se
765 4568 886 4650 posteri
910 4566 1014 4636 colere
1037 4569 1102 4634 dis·
1154 4589 1259 4633 nuum
1288 4565 1418 4630 divinae
1447 4564 1610 4630 vindictae
1638 4585 1769 4631 cursum
1798 4583 1835 4628 ae
1857 4575 2016 4629 tenorem:
2040 4563 2116 4645 quia

133 4661 252 4716 cerent
279 4649 481 4726 societatem,
511 4672 611 4733 quum
635 4652 785 4716 viderent
807 4654 930 4736 primos
952 4664 1104 4735 parentes
1154 4652 1275 4736 alioqui
1307 4651 1414 4716 Deum
1446 4649 1681 4733 quodammodo
1716 4648 1909 4716 obliviosum
1945 4648 2114 4732 fingimus:

132 4737 294 4805 constitui
315 4733 378 4799 sub
400 4755 465 4799 una
485 4756 634 4819 persona.
678 4735 774 4818 Quod
796 4748 965 4822 nugantur
981 4738 1104 4817 Iudaei,
1154 4749 1187 4803 et
1205 4737 1288 4802 nihil
1306 4735 1482 4819 proclivius
1500 4745 1550 4800 est
1567 4756 1663 4818 quam
1680 4734 1956 4800 immortalitatem
1974 4731 2009 4796 in
2028 4742 2115 4798 terra

131 4825 226 4888 solos
247 4823 402 4902 coniuges
424 4821 665 4902 voeariAdam,
689 4822 850 4890 refellitur
871 4825 1104 4892 excreationis
1154 4823 1333 4900 somniare,
1372 4822 1437 4887 nisi
1475 4841 1563 4887 mors
1602 4819 1739 4887 subinde
1771 4828 1847 4886 ttnte
1878 4817 1990 4886 ocnles
2021 4817 2115 4884 nobis

133 4909 296 4983 historia,
330 4927 390 4972 use
420 4928 499 4972 sane
526 4907 616 4973 aliud
647 4908 753 4973 voluit
781 4910 916 4992 spiritus
944 4910 1006 4976 boe
1034 4912 1104 4978 leco
1154 4917 1312 4976 occurrat.
1902 4965 1908 4980 ,

131 5015 237 5080 quam
267 5001 340 5075 post
366 4990 551 5059 ordinatum
581 4994 787 5079 coniugium,
818 4995 918 5060 fuisse
942 4997 1049 5061 virum
1072 5007 1105 5060 et
1240 4993 1292 5059 22.
1315 4991 1496 5058 Ambalcvit
1518 4990 1644 5058 Hertcch
1671 5009 1740 5056 cum
1760 4989 1836 5058 Dm.
1879 4990 1954 5055 Non
1979 4989 2113 5056 dubium

132 5100 276 5146 uxorem
303 5078 409 5142 instar
434 5078 531 5144 unius
553 5078 703 5145 hominis.
746 5080 851 5144 Porro
874 5082 1106 5148 benedictionis
1155 5090 1206 5146 est
1223 5083 1301 5162 quin
1323 5077 1480 5162 peculiari
1500 5074 1597 5142 laude
1618 5075 1899 5142 orneturHenoch
1920 5075 2008 5140 inter
2027 5085 2114 5140 aeta·

130 5163 299 5244 meminit,
319 5163 411 5228 utin
432 5184 471 5229 eo
487 5165 711 5230 admirabilem
739 5175 927 5248 reputemus
950 5168 1012 5233 Dei
1032 5187 1106 5252 gra·
1156 5167 1199 5232 tis
1220 5185 1297 5230 suae
1319 5163 1485 5240 homines,
1514 5163 1570 5226 ubi
1591 5161 1713 5228 dicitnr
1733 5183 1806 5228 cnm
1828 5160 1900 5228 Deo
1921 5159 2113 5227 ambulasse.

132 5257 230 5326 tiam,
248 5248 333 5332 quod
351 5249 537 5316 continuate
554 5252 631 5316 fuit:
650 5253 790 5317 sciamus
807 5263 918 5317 tamen
936 5252 1106 5319 hominnm
1157 5249 1323 5317 Vivebant
1352 5261 1462 5314 tamen
1491 5258 1524 5312 et
1545 5245 1628 5314 Seth
1657 5257 1690 5312 et
1709 5245 1849 5314 Henoch
1878 5254 1912 5311 at
1933 5245 2059 5312 Oainan
2080 5254 2115 5310 et

130 5335 303 5422 pravitate
329 5343 362 5399 et
388 5335 513 5402 malitia
535 5337 636 5404 luisse
652 5337 857 5419 aliquatenus
878 5339 1105 5424 interruptam.
1157 5335 1327 5415 Malaleel,
1356 5347 1390 5400 et
1410 5331 1522 5400 Iored:
1551 5353 1687 5416 quorum
1704 5333 1808 5416 pietas
1830 5331 1989 5417 superiori
2010 5332 2116 5415 capite
