4988 6192
399 433 462 498 507
1059 431 1425 502 COMMENTARIUS
1447 432 1498 497 IN
1525 433 1738 500 GENESIN.
2331 441 2381 509 508

398 631 478 694 citer
500 623 665 708 negligere
688 643 747 687 uos
771 622 858 702 velit,
884 622 941 688 sed
964 625 1039 706 quia
1060 623 1234 707 iudignum
1258 631 1308 687 est
1329 640 1367 685 ac
1420 641 1585 688 carcerem
1614 622 1767 688 detrudit.
1813 623 1959 690 Decebat
1980 633 2067 690 certe
2088 627 2198 693 miuus
2220 648 2292 694 esse
2313 650 2381 697 uxo·

397 711 573 780 absurdum
607 731 671 774 non
705 709 861 791 praeferri
895 729 970 774 eum
999 708 1194 775 homiuibus.
1245 708 1369 773 Procu·
1420 709 1515 772 rium.
1560 709 1676 791 Itaque
1698 710 1818 774 iustam
1841 710 1959 775 stultae
1981 733 2059 776 suae
2083 713 2250 778 facilitatis
2273 736 2382 782 merce·

396 808 471 865 rent
492 818 586 880 crgo,
609 805 770 878 quantum
792 796 827 858 in
848 816 883 872 se
906 804 968 872 est,
991 793 1117 873 fideles,
1142 804 1179 859 ιι
1202 794 1368 878 proximos
1420 793 1494 858 dem
1524 795 1650 872 retulit,
1684 795 1769 878 quod
1798 805 1942 862 scortum
1971 797 2149 865 honorifice
2178 799 2261 864 aluit
2283 804 2381 868 uxoris

396 884 567 951 aedificent
585 882 703 964 probae
722 879 810 945 vitae
827 879 991 962 exemplo:
1011 879 1252 964 atqueiuhuuc
1269 880 1368 944 finem
1419 880 1506 958 loco,
1535 899 1573 944 ac
1594 881 1828 964 propemodum
1858 882 1985 956 lenonis
2009 882 2157 967 partibus
2180 887 2313 952 functus
2333 901 2380 956 cst.
2473 871 2474 898 ³

396 971 437 1035 ab
459 969 548 1034 omni
571 969 704 1032 sinistra
727 977 803 1032 nota
824 965 1003 1049 prudenter
1026 973 1178 1032 caveant:
1202 986 1317 1032 verum
1341 964 1370 1029 si
1420 966 1469 1030 Ac
1489 987 1661 1031 commune
1689 967 1819 1050 quidem
1849 967 2000 1033 omnibus
2024 977 2073 1034 est
2102 970 2164 1036 hoe
2192 972 2380 1055 exemplum:

395 1074 529 1123 necesse
551 1055 595 1119 sit
616 1051 731 1118 mundi
753 1050 924 1118 infamiam
947 1051 1072 1131 subire,
1102 1074 1159 1135 per
1180 1051 1267 1117 hauc
1289 1071 1369 1132 quo·
1420 1048 1577 1116 docentur
1599 1061 1710 1117 tamen
1739 1053 1914 1138 praecipue
1936 1054 2062 1131 mariti,
2093 1053 2313 1122 adhibendam
2332 1059 2383 1125 sibi

395 1165 458 1227 que
487 1141 703 1206 mutationem
726 1139 759 1202 in
787 1149 876 1204 recto
902 1139 1082 1204 vocationis
1111 1137 1241 1203 divinae
1271 1155 1369 1202 cursu
1420 1157 1490 1202 asse
1518 1137 1742 1220 prudentiam,
1776 1161 1817 1204 ue
1839 1155 1987 1205 “uxorum
2014 1140 2148 1207 arbitrio
2179 1149 2302 1208 temere
2327 1145 2381 1213 buc
2473 1173 2474 1196 ι

395 1237 544 1313 pergant.
1420 1223 1498 1289 illuc
1518 1225 1675 1289 ferantur.
1711 1225 1757 1289 Et
1773 1231 1861 1290 ιιιιι
1878 1245 1979 1307 quum
2000 1227 2122 1310 passim
2145 1228 2295 1295 videmus
2314 1229 2383 1296 ludi·
2473 1229 2474 1252 ³

483 1311 810 1378 tractaretis
832 1309 936 1374 ιινιιι
959 1307 1146 1373 Hebraeum.
1190 1308 1256 1372 Hic
1279 1305 1368 1372 vide·
1418 1309 1490 1374 bric
1511 1307 1623 1374 haberi
1646 1311 1700 1393 qui
1722 1310 1878 1377 uxoribus
1900 1312 1997 1378 nimis
2019 1311 2258 1396 obsequuntur,
2291 1317 2383 1382 scien-

394 1421 468 1465 mus
490 1397 568 1483 quid
593 1398 691 1462 faciat
720 1395 910 1478 desperatio.
955 1394 1040 1458 Nam
1065 1415 1105 1457 ex
1128 1413 1238 1458 amore
1259 1394 1294 1457 in
1317 1393 1367 1458 fu·
1420 1394 1498 1459 dum
1520 1404 1571 1460 est
1592 1416 1704 1460 eorum
1732 1397 1905 1461 stultitiam
1928 1398 2013 1463 iuste
2035 1399 2098 1464 Dei
2118 1398 2236 1466 iudicio
2258 1401 2382 1484 madoci,
2473 1407 2474 1480 ἶ

393 1488 460 1552 rias
492 1483 677 1569 prorumpit
704 1481 860 1548 scelerata
883 1480 1009 1545 mulier.
1054 1478 1150 1545 Unde
1172 1480 1257 1544 clare
1279 1485 1369 1562 patet
1418 1487 1456 1546 ut
1477 1482 1628 1564 spiritum
1649 1483 1824 1567 gravitatis
1846 1491 1879 1547 et
1905 1483 2137 1549 moderationis
2158 1495 2268 1568 petere
2292 1487 2383 1554 disca·

394 1593 492 1655 quam
522 1568 681 1635 belluinos
708 1568 850 1650 impetus
880 1587 989 1633 secum
1018 1565 1130 1630 trahat
1162 1564 1280 1644 libido,
1312 1565 1368 1629 ubi
1419 1587 1501 1631 mus.
1553 1567 1623 1633 Nec
1655 1589 1733 1633 vero
1766 1568 1902 1634 dubium
1934 1577 1985 1634 est
2017 1570 2097 1652 quin
2131 1571 2240 1638 Moses
2274 1570 2382 1639 diserte
2473 1623 2474 1660 ,

393 1658 523 1722 laxatae
556 1661 633 1720 sunt
663 1655 818 1719 habenae.
874 1652 972 1718 Certe
1005 1652 1062 1716 ubi
1096 1652 1194 1716 semel
1229 1671 1368 1735 regnum
1418 1651 1610 1736 Putipharis
1633 1652 1827 1719 condemnet
1843 1654 2022 1735 levitatem,
2046 1654 2131 1738 quod
2150 1657 2263 1722 statim
2282 1659 2381 1725 audita

394 1742 565 1825 occupavit
597 1739 700 1806 Satan
730 1741 763 1804 in
792 1739 920 1804 miseris
948 1734 1152 1814 hominibus,
1191 1738 1255 1803 huc
1287 1736 1367 1803 illuc
1419 1759 1530 1816 uxore,
1554 1739 1759 1804 excandescit
1781 1740 1815 1803 iu
1833 1738 1962 1823 Ioseph,
1984 1759 2023 1805 ac
2044 1761 2109 1805 nou
2132 1763 2226 1809 secus
2247 1746 2381 1826 quamsi
2473 1793 2474 1808 ι

394 1827 564 1914 raptaudis
592 1826 720 1891 nullum
754 1826 851 1890 finem
885 1824 997 1902 faeiat,
1031 1821 1132 1888 donec
1165 1845 1219 1888 eos
1251 1823 1368 1904 spiritu
1418 1825 1588 1890 convictus
1616 1825 1712 1904 foret,
1741 1825 1929 1891 iracundiae
1950 1846 2028 1891 suae
2050 1827 2214 1913 indulget:
2244 1851 2325 1896 nam
2342 1831 2383 1897 ita

393 1913 567 1998 vertiginis
596 1920 629 1977 et
657 1912 820 1976 amentiae
847 1910 1040 1993 praecipites
1073 1915 1157 1993 agat.
1209 1907 1368 1973 Videmus
1419 1909 1604 1975 excluditur
1636 1911 1742 1975 omnis
1775 1913 1935 1993 aequitas,
1969 1912 2059 1977 nulla
2092 1911 2278 1980 admittitur
2309 1917 2384 1982 iusta
2473 1977 2474 1992 ,

394 2003 493 2067 etiam
527 1997 686 2081 quomodo
716 1996 757 2061 ad
788 1996 1001 2079 pertinaciam
1032 1997 1187 2078 reprobos
1220 1993 1366 2072 obduret,
1418 1995 1579 2074 defensio,
1609 1995 1747 2079 denique
1777 1997 1898 2062 veritas
1921 2006 1954 2063 et
1976 2018 2092 2064 causae
2114 2001 2259 2084 cognitio
2281 2002 2382 2084 procul
2473 1997 2474 2064 l

394 2107 475 2172 quos
503 2084 638 2166 imperio
666 2104 724 2148 suo
753 2090 843 2148 tenet
871 2082 1047 2147 devinctos.
1099 2079 1204 2164 Saepe
1236 2079 1367 2164 quidem
1419 2082 1572 2148 reiicitur.
1626 2080 1691 2147 Sed
1721 2085 1889 2165 quaeritur
1916 2082 2077 2167 quomodo
2105 2085 2270 2170 zelotypia
2300 2088 2383 2152 effer·

393 2175 485 2239 Deus
513 2170 681 2237 sceleratis
714 2176 872 2234 terrorem
901 2167 1021 2245 iniicit,
1054 2173 1091 2231 ut
1120 2168 1244 2232 crimen
1272 2187 1367 2232 suum
1418 2167 1527 2233 buerit
1560 2168 1736 2251 Putiphar:
1768 2169 1835 2232 imo
1867 2168 2026 2252 quomodo
2059 2191 2196 2236 uxorem
2227 2172 2382 2252 habuerit,

392 2256 610 2343 trepidatione
637 2254 786 2338 prodant.
831 2257 880 2319 Ao
909 2254 981 2318 fieri
1009 2261 1116 2336 potest
1143 2261 1181 2317 ut
1207 2254 1242 2316 in
1272 2252 1367 2316 vultu
1418 2275 1514 2337 quem
1542 2253 1635 2337 prius
1662 2252 1747 2318 dixit
1768 2254 1878 2320 Moses
1900 2255 1999 2320 fuisse
2029 2256 2227 2322 eunuchum.
2274 2259 2384 2326 Facilis

393 2354 425 2410 ct
448 2343 558 2410 verbis
581 2343 679 2406 huius
700 2342 849 2423 impurae
870 2340 1010 2404 feminae
1041 2338 1135 2423 sigua
1164 2338 1269 2402 malae
1293 2358 1368 2403 con·
1418 2339 1535 2405 solutio
1558 2349 1617 2418 est,
1641 2339 1808 2406 eunuchos
1825 2341 1860 2405 iu
1879 2340 2004 2405 ouante
2025 2342 2137 2407 vocari
2159 2343 2273 2410 solitos
2295 2345 2383 2410 fuisse

393 2429 547 2496 scientiae
570 2428 794 2509 apparuerint:
829 2445 867 2490 ea
890 2433 1000 2490 tamen
1023 2423 1142 2490 duritie
1163 2425 1269 2507 ipsam
1291 2444 1367 2488 con·
1419 2447 1483 2490 non
1501 2425 1598 2490 modo
1615 2425 1670 2508 qui
1689 2426 1822 2492 castrati
1840 2433 1960 2507 essent,
1983 2426 2036 2493 vel
2060 2437 2178 2492 natura
2199 2429 2321 2514 frigidi,
2337 2430 2387 2496 sed

392 2517 504 2581 firmat
527 2512 646 2592 Satan,
675 2519 712 2578 ut
734 2512 903 2578 consilium
931 2509 1088 2595 perdendi
1110 2511 1215 2577 sancti
1238 2510 1368 2575 iuvenis
1418 2511 1551 2595 quosvis
1571 2519 1721 2593 satrapas
1743 2519 1777 2577 et
1797 2519 1977 2596 magnates.
2022 2511 2134 2594 Quare
2155 2522 2288 2580 tantum
2310 2517 2388 2582 valet

393 2601 549 2668 audacter
566 2599 681 2682 capiat,
700 2605 798 2680 atque
816 2620 857 2663 ex
875 2603 1021 2678 tempore
1038 2596 1185 2661 fraudem
1204 2597 1368 2680 excogitet
1419 2597 1480 2662 hoc
1508 2617 1627 2661 nomen
1655 2617 1692 2662 ae
1720 2597 1749 2663 si
1780 2595 1914 2663 dixisset
1937 2599 2060 2676 Moses,
2090 2621 2195 2664 uuum
2224 2602 2325 2668 fuisse
2350 2623 2387 2668 ex

393 2708 459 2772 qua
479 2686 645 2750 insontem
668 2686 838 2766 opprimat,
861 2703 927 2748 non
950 2703 1043 2748 secus
1062 2703 1099 2748 ac
1117 2682 1146 2746 si
1167 2681 1223 2746 diu
1244 2683 1280 2746 in
1302 2683 1367 2746 otio
1419 2683 1514 2749 aulae
1538 2684 1734 2765 proceribus.

392 2771 550 2839 meditata
567 2771 617 2835 illi
639 2769 722 2835 foret
739 2770 885 2835 exitium.
918 2768 1017 2833 Prius
1036 2776 1197 2833 secretum
1215 2775 1366 2850 captara-
1505 2769 1557 2834 20.
1581 2767 1625 2832 Et
1639 2772 1750 2851 posuit
1767 2789 1837 2834 eum
1855 2770 1890 2833 ia
1907 2770 1995 2835 dome
2016 2771 2158 2836 carueris.
2194 2769 2387 2856 Quanquam
2473 2799 2474 2804 ¹

392 2867 445 2925 rat
467 2879 509 2924 ue
528 2857 600 2940 quis
622 2856 751 2922 adesset
773 2855 874 2933 testis,
897 2875 985 2919 nuuc
1006 2852 1144 2919 advocat
1166 2852 1367 2933 domesticos,
1418 2875 1485 2920 nou
1518 2855 1672 2937 exprimit
1692 2855 1802 2921 Moses
1835 2875 1931 2938 quam
1965 2854 2091 2921 duriter
2121 2856 2215 2922 initio
2254 2859 2388 2925 afflictus

392 2953 431 3010 ιι
452 2945 514 3010 hoc
537 2942 641 3009 veluti
670 2940 868 3025 praeiudicio
897 2948 1048 3005 sanctum
1076 2939 1229 3005 iuvenem
1256 2959 1366 3004 coram
1418 2941 1517 3007 fucrit
1540 2940 1676 3022 Ioseph,
1707 2941 1860 3025 colligere
1889 2948 2001 3007 tamen
2030 2962 2123 3024 prom
2147 2951 2217 3008 tum
2249 2955 2301 3010 est
2329 2966 2387 3009 nou

392 3031 511 3096 marito
544 3027 749 3096 condemnet.
795 3024 889 3091 Adde
921 3023 1006 3108 quod
1038 3025 1194 3090 maritum
1226 3025 1368 3091 involvit
1417 3028 1454 3092 in
1477 3027 1579 3093 libera
1602 3025 1748 3092 custodia
1770 3026 1912 3110 positum
1938 3027 2056 3104 fuisse,
2086 2963 2199 3094 sedin
2223 3030 2387 3096 obscuram

392 3117 453 3183 sub
475 3123 585 3193 reatu,
616 3125 654 3178 ut
674 3112 798 3196 pudore
820 3119 915 3196 cogat
937 3110 977 3176 de
997 3111 1127 3176 insonte
1148 3132 1288 3195 poenam
1311 3133 1367 3177 su·
1419 3115 1563 3197 aliquam
1604 3113 1732 3178 foveam
1772 3113 1952 3178 detrusum.
2029 3113 2179 3181 Pollebat
2218 3118 2388 3182 autoritate

392 3222 491 3267 mere.
527 3200 598 3265 Tua
620 3197 753 3284 (inquit)
775 3199 871 3282 culpa
892 3197 1014 3264 factum
1034 3204 1083 3262 est
1101 3204 1139 3261 ιι
1154 3218 1208 3262 me
1225 3196 1367 3262 ludibrio
1418 3199 1590 3283 Putiphar,
1612 3197 1808 3264 insularium
1830 3198 1973 3264 habebat
1993 3199 2030 3263 in
2052 3221 2152 3265 mauu
2174 3223 2233 3268 sua
2258 3210 2294 3267 et
2315 3201 2391 3268 arbi-

392 3285 529 3354 haberet
550 3285 605 3350 hic
626 3284 818 3369 alienigena.
855 3282 945 3365 Quid
967 3282 1129 3366 reliquum
1146 3284 1226 3349 facit
1246 3283 1367 3348 marito
1418 3287 1497 3351 trio:
1529 3283 1606 3369 quid
1633 3284 1826 3351 clementiae
1855 3284 1896 3351 ab
1923 3283 2056 3350 homine
2084 3286 2234 3371 zelotypo
2265 3296 2301 3353 ιι
2328 3290 2389 3353 irae

392 3374 457 3439 nisi
478 3380 517 3437 ιι
538 3371 657 3438 clausis
680 3371 782 3436 oculis
804 3368 967 3454 purgandi
988 3369 1040 3434 sui
1063 3389 1161 3434 eausa
1179 3367 1220 3435 ad
1245 3367 1368 3434 vindic-
1418 3373 1546 3438 fervore
1579 3372 1715 3454 abrepto
1748 3371 1873 3454 sperari
1905 3370 2035 3453 potuit?
2068 3371 2137 3438 Nec
2172 3371 2313 3438 dubium
2345 3379 2391 3440 ιιι

391 3467 462 3525 tam
483 3455 659 3541 properet?
683 3455 843 3538 Quamvis
876 3476 954 3538 ergo
981 3453 1093 3540 pavidi
1122 3455 1188 3520 sint
1216 3455 1367 3521 scelerati
1418 3459 1497 3543 quin
1522 3478 1580 3540 per
1614 3478 1732 3522 manus
1764 3455 1923 3522 traditum
1951 3477 1971 3520 a
1999 3456 2147 3541 patribus
2176 3459 2280 3524 fuerit
2312 3459 2390 3543 quod
2473 3517 2474 3532 ,

392 3566 520 3622 omues,
544 3543 640 3610 simul
664 3551 775 3608 tamen
797 3540 917 3608 callum
939 3563 981 3606 ex
1003 3547 1135 3624 stupore
1157 3561 1217 3607 suo
1238 3548 1367 3607 coutra-
1417 3544 1560 3610 refertur
1588 3544 1623 3608 iu
1645 3541 1779 3609 Psalmo
1801 3543 1873 3622 105,
1903 3542 1943 3607 18
1966 3543 2175 3626 compedibus
2206 3544 2313 3612 fuisse
2344 3546 2389 3610 iu·
2473 3563 2474 3578 ¹

391 3631 492 3708 hunt,
522 3651 564 3695 ne
586 3629 658 3712 quis
681 3650 735 3694 eos
756 3627 913 3712 impediat
935 3634 1043 3692 metus
1072 3628 1246 3711 quominus
1268 3635 1367 3694 ruant
1417 3630 1559 3709 clusum,
1600 3639 1633 3694 et
1671 3629 1795 3694 ferrum
1833 3635 2022 3711 penetrasse
2060 3630 2096 3694 iu
2129 3629 2279 3696 animam
2318 3633 2390 3696 eius.
2473 3687 2474 3690 ,

391 3715 626 3783 contumaciter
642 3714 678 3778 in
700 3734 797 3779 omne
818 3715 1054 3797 praecipitium,
1078 3723 1111 3778 ιι
1128 3713 1221 3779 bouis
1238 3721 1271 3779 et
1288 3714 1366 3778 aim·
1418 3715 1524 3798 Quale
1546 3735 1623 3782 vero
1643 3714 1851 3780 innocentiae
1872 3715 2077 3798 praemium?
2111 3737 2187 3781 nam
2211 3717 2391 3784 secuudum
2473 3737 2474 3768 ι

390 3803 529 3886 plicibus
561 3810 696 3883 potervc
729 3798 897 3866 insultent.
942 3798 1095 3864 Notanda
1129 3807 1239 3865 autem
1272 3799 1367 3866 nobis
1417 3823 1549 3869 caruem
1571 3799 1723 3884 probitati
1746 3821 1826 3866 suae
1848 3811 2016 3884 acceptum
2034 3801 2155 3867 referre
2172 3805 2287 3886 potuit
2304 3803 2393 3887 quid·
2473 3795 2474 3816 ¹

392 3895 441 3953 est
463 3888 544 3952 haec
567 3886 670 3952 saneti
693 3886 756 3951 riri
778 3885 935 3969 probatio,
958 3893 996 3950 ιι
1018 3883 1113 3950 nobis
1134 3904 1233 3950 curae
1255 3885 1298 3950 sit
1315 3886 1365 3950 in·
1418 3888 1494 3972 quid
1517 3888 1717 3971 patiebatur:
1747 3887 1782 3951 in
1803 3886 1864 3952 hac
1885 3907 1965 3952 vero
1993 3890 2176 3954 tentatione
2197 3889 2302 3955 valde
2322 3909 2392 3972 per·
2473 3885 2474 3956 i

392 3972 492 4038 duere
520 3972 674 4056 spiritum
703 3970 916 4049 fortitudinis,
950 3971 1006 4055 qui
1034 3991 1075 4035 ue
1100 3971 1207 4036 ferrea
1234 3970 1366 4054 quidem
1417 3974 1550 4057 plexum
1579 3983 1677 4056 atque
1705 3974 1840 4037 anxium
1869 3991 1979 4040 coram
2002 3971 2075 4039 Deo
2104 3995 2237 4059 gemere
2264 3995 2393 4042 necesse
2473 3969 2474 3990 ¹

391 4060 567 4142 impiorum
606 4057 726 4124 duritie
766 4059 948 4142 frangatur.
1003 4056 1096 4120 Haec
1131 4059 1228 4122 etiam
1262 4057 1366 4123 altera
1416 4059 1488 4126 fuit.
1533 4058 1729 4141 Quanquam
1752 4067 1861 4123 autem
1883 4079 1996 4142 preces
2017 4060 2088 4125 eius
2110 4080 2176 4125 non
2198 4081 2394 4127 commemo·
2473 4069 2474 4094 ¹

391 4143 531 4210 tentatio
554 4165 619 4208 non
642 4143 723 4209 levis
744 4143 822 4223 fuit,
852 4143 936 4226 quod
960 4151 1027 4208 tam
1055 4140 1225 4226 indignam
1246 4143 1364 4208 huma·
1416 4154 1469 4212 rat
1486 4146 1610 4211 Moses:
1631 4145 1708 4228 quia
1729 4151 1840 4209 tamen
1863 4151 1989 4210 eertum
2011 4152 2062 4210 est
2083 4166 2179 4212 eruce
2201 4167 2273 4212 non
2297 4148 2394 4213 fuisse
2473 4163 2474 4212 t

392 4231 506 4295 nitatis
528 4250 606 4295 suae
628 4227 811 4296 mercedem
834 4237 986 4312 reportat.
1033 4228 1194 4294 Probrum
1216 4228 1365 4294 mulieris
1415 4251 1637 4316 oppressum,
1656 4251 1763 4313 neque
1784 4228 2063 4310 obmurmurasse,
2096 4231 2195 4297 simul
2224 4232 2394 4316 probabile
2473 4233 2474 4262 ³

391 4316 522 4382 silentio
550 4324 694 4396 texerat,
724 4324 761 4380 ut
788 4316 956 4399 integrum
985 4322 1072 4380 esset
1101 4314 1306 4396 resipiscere,
1337 4317 1365 4380 si
1416 4325 1467 4383 est
1487 4316 1674 4382 recubuisse
1695 4316 1730 4380 iu
1753 4337 1844 4400 spem
1874 4316 1977 4382 divim
2005 4317 2128 4384 auxilii.
2172 4318 2284 4384 Porro
2315 4318 2395 4384 haee
2473 4377 2474 4384 ,

390 4402 507 4470 fuisset
527 4401 696 4466 sanabilis:
719 4423 808 4468 nune
826 4400 886 4466 sibi
905 4423 946 4465 ex
965 4400 1123 4465 modestia
1141 4421 1200 4465 sua
1218 4410 1364 4465 creatum
1415 4424 1483 4469 una
1507 4410 1558 4468 eat
1586 4403 1708 4467 fultura
1736 4421 1819 4486 quae
1846 4423 1906 4467 uos
1933 4403 1969 4467 in
1996 4403 2092 4469 malis
2121 4403 2287 4470 sustinet:
2318 4405 2394 4470 haec

390 4488 506 4554 mortis
529 4486 704 4552 discrimen
727 4485 827 4552 videt.
872 4485 970 4568 Quod
994 4508 1058 4552 non
1081 4485 1264 4565 succubuit,
1287 4486 1364 4552 iude
1416 4490 1515 4554 etiam
1534 4507 1626 4552 arma
1642 4495 1755 4554 nostra
1772 4496 1859 4570 suut,
1878 4506 1961 4572 quae
1975 4509 2034 4555 uos
2051 4488 2191 4556 invictos
2209 4498 2394 4573 praestant,

390 4574 618 4658 cognoscimus
649 4575 775 4639 sincere
807 4572 856 4637 illi
888 4571 989 4637 fuisse
1025 4574 1228 4657 propositum
1260 4573 1363 4657 gratis
1416 4575 1457 4641 ad
1478 4575 1589 4640 Deum
1611 4575 1796 4658 coningere.

391 4661 463 4726 Deo
480 4659 613 4726 servire.
648 4662 755 4742 Atque
772 4657 861 4723 idem
879 4657 972 4724 uobis
989 4658 1153 4742 agendum
1161 4659 1227 4724 est:
1247 4680 1288 4726 ue
1299 4679 1364 4742 qua
1502 4661 1553 4725 21.
1574 4659 1619 4724 Et
1638 4661 1702 4742 fait
1718 4658 1835 4727 Ietae
1855 4679 1925 4726 arm
1942 4658 2065 4742 Ioseph.
2105 4660 2179 4726 Hoc
2202 4681 2277 4726 non
2302 4663 2398 4728 fuisse

390 4747 561 4811 homiuum
582 4744 783 4829 ingratitudo
807 4765 867 4810 uos
889 4744 929 4810 ab
951 4743 1057 4810 officio
1079 4744 1253 4810 dimoveat.
1415 4746 1521 4830 primo
1544 4745 1597 4811 die
1618 4747 1757 4825 factum,
1786 4765 1849 4827 quc
1871 4765 1891 4810 a
1913 4747 1980 4811 suis
2002 4747 2164 4831 augustiis
2190 4746 2334 4814 levatus
2354 4755 2399 4813 est

480 4831 529 4896 19.
556 4831 659 4913 ριιιι
691 4831 832 4896 eadbert
862 4830 1010 4896 dominus
1037 4831 1105 4895 eiua
1132 4830 1226 4896 verbe
1253 4831 1365 4896 ιιινιι
1415 4831 1546 4916 Ioseph,
1565 4851 1607 4896 ex
1623 4831 1808 4896 testimonio
1825 4831 2003 4915 prophetae
2021 4852 2127 4916 nuper
2143 4831 2247 4899 citato
2258 4843 2397 4900 constat.

390 4937 476 4984 auae.
514 4914 625 4997 Quum
644 4927 711 4980 tam
733 4914 908 4998 probabilis
929 4923 1015 4982 esset
1037 4915 1133 4996 color,
1156 4936 1221 4980 non
1244 4915 1364 4981 mirum
1415 4919 1460 4984 Et
1482 4917 1646 4983 Dominus
1667 4937 1742 4982 eum
1764 4917 1913 4984 consulto
1935 4915 1977 4982 ad
1998 4925 2146 4983 extrema
2178 4918 2307 4987 deduci
2330 4943 2400 5004 pas-

392 5012 443 5070 est
464 5009 594 5067 tantum
615 5001 757 5068 valuisse
779 5002 988 5086 zelotypiam,
1022 5002 1114 5068 cuius
1144 5001 1242 5067 nimis
1264 5002 1365 5068 vehe·
1417 5026 1473 5070 ιιι
1491 5012 1549 5084 ιιι,
1572 5011 1610 5069 ιι
1627 5024 1703 5068 eum
1721 5003 1813 5086 quasi
1831 5023 1850 5068 ι
1867 5002 2017 5086 sepulcro
2039 5003 2202 5070 educeret.
2264 5005 2398 5072 Scimus

391 5096 519 5154 mentes
541 5107 578 5154 ac
600 5087 715 5153 fervidi
737 5093 818 5153 sunt
838 5097 961 5166 motus,
989 5094 1028 5152 ut
1049 5108 1085 5152 ae
1106 5095 1175 5152 tam
1197 5086 1365 5153 credulum
1417 5099 1528 5156 autem
1551 5089 1648 5156 sicuti
1671 5088 1747 5155 solis
1770 5088 1882 5155 lumen
1903 5088 2024 5156 clarius
2044 5089 2081 5154 in
2103 5089 2244 5158 obscuro
2269 5093 2399 5176 conspi-

391 5173 578 5257 praebuerit
616 5173 781 5256 Putiphar
818 5175 932 5239 uxoris
971 5171 1151 5239 calumniis.
1205 5174 1367 5240 Excusari
1416 5177 1516 5257 citur,
1545 5175 1649 5242 sicin
1678 5176 1885 5242 miseriarum
1913 5175 2054 5260 caligine
2078 5176 2198 5241 melius
2218 5177 2399 5260 splendere

392 5269 504 5325 ιιιιιι
525 5260 640 5343 nequit
661 5260 729 5325 aius
750 5259 875 5340 levitas,
897 5258 982 5343 quod
1000 5279 1141 5339 servum,
1165 5280 1261 5343 quem
1279 5260 1366 5345 frugi
1417 5263 1482 5328 Dei
1514 5262 1671 5347 gratiam,
1702 5260 1780 5326 dum
1812 5267 1945 5346 praeter
1971 5281 2063 5346 spem
2091 5261 2184 5328 uobis
2217 5264 2400 5331 succurrit

392 5353 425 5411 et
447 5344 583 5428 probum
606 5366 677 5411 esse
698 5355 904 5430 cognoverat,
930 5344 1054 5413 indicta
1075 5365 1175 5412 causa
1196 5345 1307 5412 statim
1329 5348 1365 5412 in
1416 5349 1520 5416 Porro
1544 5347 1622 5414 dicit
1644 5347 1769 5416 Moses:
1791 5347 1896 5416 Deam
1918 5346 2060 5434 ιᾱίιιιιι
2079 5367 2167 5414 servo
2187 5367 2250 5414 stro
2277 5349 2400 5434 Ioseph,
