4988 6192
375 373 438 440 571
1029 369 1402 439 COMMENTARIUS
1424 370 1474 437 IN
1498 371 1711 438 GENESIN.
2310 367 2375 433 572

375 561 500 640 3619.
534 559 709 626 Caeterum
732 561 760 626 si
782 581 841 627 nos
862 559 971 626 166116
993 559 1130 642 probare
1152 560 1232 626 66111
1243 559 1343 640 Dens,
1397 580 1466 627 mes
1492 560 1613 625 multos
1635 560 1819 638 abstulerit,
1848 560 1912 626 nisi
1940 560 2141 626 subventum
2168 559 2212 625 sit
2234 556 2277 623 ab
2299 555 2374 622 aliis

373 647 474 714 simul
494 645 659 730 rogandus
682 654 732 712 est
756 655 792 711 61
814 646 933 712 66661
956 645 1159 712 tolerandam
1189 668 1290 729 aequo
1313 656 1346 712 61
1398 644 1593 730 regionibus,
1605 645 1660 710 vel
1679 645 1789 712 herbis
1804 665 1842 710 ac
1863 644 2028 712 reditibus
2045 646 2163 711 misere
2180 643 2373 712 victitariut

373 741 543 798 mansueto
565 733 673 797 animo
695 733 837 798 esuriem
859 732 987 810 formet,
1010 753 1053 797 ne
1082 732 1205 798 similes
1234 742 1345 797 trucn·
1396 733 1553 797 11116616
1580 752 1646 797 666
1674 732 1942 797 16616111161611
1972 731 2144 815 sterilitas,
2167 731 2246 814 quin
2275 729 2374 794 dimi-

372 817 479 898 lentis,
503 817 570 882 imo
588 817 723 883 rabiosis
746 817 832 894 feris,
855 818 1102 883 tumultuamur.
1147 816 1344 900 Quanquam
1397 817 1484 883 diam
1506 817 1561 882 vel
1583 816 1714 882 tertiam
1738 819 1843 883 616166
1869 818 1921 884 661
1948 827 2077 901 666166
2099 839 2140 883 66
2170 814 2374 900 6661666111-

373 913 482 970 autem
504 903 657 969 credibile
674 913 732 983 est,
751 902 939 970 efferbuisse
957 925 1076 988 graves
1093 913 1201 969 motus
1223 904 1259 967 in
1277 902 1346 967 diu·
1398 911 1524 988 gerent.

373 997 471 1054 16666
497 990 636 1072 6666616
661 987 769 1074 (616611
791 990 897 1054 fertur
919 990 1023 1054 veteri
1050 990 1231 1072 proverbio:
1254 989 1345 1054 Ven-
1484 990 1533 1054 16.
1565 987 1648 1054 Data
1666 989 1948 1071 6661666166.
1993 986 2183 1054 1116661116
2204 987 2269 1053 1611
2291 986 2376 1051 11161

374 1083 459 1140 1666
481 1097 544 1139 666
568 1073 687 1140 habere
713 1073 820 1160 66666)
848 1075 1023 1158 6166116166
1051 1086 1162 1140 tamen
1190 1076 1272 1139 mihi
1296 1073 1344 1139 vi·
1396 1075 1628 1158 spectaculum,
1641 1083 1674 1140 et
1692 1073 1778 1157 quod
1797 1074 1918 1140 1666666
1936 1074 2061 1139 661666
2079 1075 2211 1140 flectere
2230 1073 2374 1151 deberet,

374 1161 473 1226 detur
500 1182 633 1240 sensus,
655 1161 739 1244 qnod
764 1160 844 1225 fami
872 1159 1105 1226 succubuerint
1125 1161 1283 1245 Aegyptii
1312 1169 1345 1226 et
1395 1160 1509 1228 videre
1527 1158 1645 1226 divites
1667 1159 1835 1244 agricolas,
1857 1161 1912 1242 qui
1930 1162 2023 1243 prius
2041 1159 2115 1225 aliis
2136 1180 2265 1244 qnoque
2282 1179 2378 1242 repo-

374 1247 685 1329 Ohanauaai,atque
699 1248 745 1312 116
763 1247 1033 1312 6616166661666
1050 1247 1220 1312 iacuerint.
1243 1246 1345 1311 Porro
1396 1247 1494 1312 sitam
1517 1247 1681 1312 habebant
1703 1247 1737 1309 in
1760 1247 1828 1311 suis
1850 1245 1978 1312 horreis
2000 1265 2175 1324 annonam,
2198 1246 2377 1311 6666616-

374 1331 559 1397 16661166
581 1333 714 1398 consilio
737 1333 847 1398 Moses
868 1332 963 1397 famis
985 1332 1154 1398 historiam
1177 1332 1341 1415 prosequi·
1397 1340 1469 1396 tum
1480 1333 1675 1398 mendicare.
1706 1331 1821 1414 Itaque
1839 1332 1980 1397 crudelis
1998 1330 2104 1396 videri
2121 1337 2231 1414 posset
2241 1330 2376 1413 Ioseph,

376 1427 447 1495 tur,
468 1426 506 1482 nt
528 1417 604 1482 inde
633 1429 743 1502 pateat
764 1424 884 1483 eventu
912 1418 1012 1484 161666
1035 1418 1208 1500 66616166
1232 1417 1346 1483 vatici·
1397 1417 1483 1501 quod
1499 1418 1651 1500 inopibus
1669 1427 1703 1482 61
1720 1417 1888 1483 exhaustis
1908 1438 2027 1500 panem
2043 1416 2149 1500 gratis
2167 1437 2233 1482 non
2251 1425 2375 1500 erogat,

374 1504 469 1570 6166
490 1503 621 1586 Ioseph:
642 1513 675 1570 et
693 1505 763 1570 eius
780 1504 913 1569 solertia
935 1513 969 1569 et
990 1502 1150 1569 industrie
1172 1512 1240 1568 tam
1266 1505 1346 1567 benc
1398 1503 1456 1571 scd
1478 1523 1532 1570 666
1555 1505 1655 1569 61166
1677 1503 1794 1586 6661161
1815 1503 1906 1568 6661
1923 1523 2048 1587 pecore,
2067 1503 2183 1568 ovibus
2200 1511 2235 1567 ct
2257 1502 2376 1568 asinis:

376 1610 413 1655 ac
431 1589 546 1655 dextre
563 1610 732 1656 occursum
749 1590 852 1656 fnisse
869 1588 1022 1655 maximis
1045 1588 1206 1672 periculis,
1223 1597 1261 1654 ut
1279 1609 1346 1653 me·
1398 1589 1456 1656 661
1478 1590 1555 1672 6616
1576 1590 1716 1654 6116666
1739 1591 1908 1672 negotium
1936 1596 2054 1656 tractat
2075 1588 2212 1672 Ioseph,
2235 1588 2308 1652 eius
2331 1588 2377 1652 ri·

374 1675 437 1740 rito
459 1674 632 1760 Aegyptus
661 1675 777 1742 salutis
805 1696 885 1741 suae
912 1685 1060 1742 autorem
1088 1695 1264 1760 agnoscere
1291 1673 1346 1740 de·
1398 1695 1510 1760 goram
1532 1674 1736 1742 crudelitatis
1758 1674 1913 1740 damnare
1935 1695 2001 1740 non
2019 1672 2131 1739 audeo.
2166 1672 2202 1740 Si
2223 1693 2283 1756 per
2303 1693 2376 1755 sep-

374 1762 477 1827 boret.
1399 1773 1586 1826 16666666
1606 1761 1731 1826 16611166
1752 1761 1787 1826 61
1810 1769 1977 1825 extortum
1999 1769 2086 1826 esset
2106 1760 2311 1825 frumentum
2336 1759 2377 1824 ab

460 1847 511 1911 14.
533 1843 578 1911 Et
598 1846 723 1930 66116611.
758 1846 871 1910 Primo
893 1845 987 1912 16661
1005 1847 1114 1912 Μ6666
1136 1847 1219 1912 1666
1242 1853 1275 1910 61
1298 1844 1345 1909 ie·
1397 1847 1519 1927 invitis,
1542 1868 1629 1912 nunc
1651 1847 1825 1929 tyrannice
1846 1845 1986 1930 penades
2004 1853 2037 1911 61
2054 1857 2204 1910 armenta
2225 1845 2293 1909 illis
2311 1846 2375 1910 eri-

373 1932 480 1997 lioiter
500 1932 636 1997 cessisse
659 1932 729 2015 rogi
741 1931 916 2017 Aegyptio,
935 1931 1019 2014 quod
1042 1933 1090 1996 rei
1110 1930 1346 1998 frumentariae
1397 1943 1505 2016 peret:
1528 1931 1586 1997 scd
1605 1933 1682 2016 quia
1703 1931 1843 1997 liberum
1864 1931 1932 1997 illis
1951 1933 2013 1997 1611
2033 1932 2069 1996 16
2087 1930 2226 2014 privatis
2245 1930 2375 1997 horreis

374 2017 637 2101 procurationem
676 2017 810 2083 arbitrio
850 2019 948 2082 unius
990 2018 1111 2101 Ioseph
1149 2017 1344 2102 permiserit.
1398 2018 1573 2084 recondere
1594 2017 1679 2101 quod
1710 2019 1780 2102 regi
1802 2016 2004 2094 vendebant,
2032 2037 2119 2082 nunc
2140 2018 2243 2082 iustas
2266 2037 2376 2082 socor-

373 2102 504 2170 Deinde
525 2103 685 2169 sinceram
715 2112 748 2166 et
775 2101 874 2167 fidam
897 2101 1214 2170 administrationem
1242 2102 1346 2186 ipsius
1397 2103 1469 2169 diae
1491 2125 1569 2170 6666
1591 2124 1712 2187 666666
1734 2103 1839 2168 16661.
1885 2103 1953 2168 Nee
1975 2102 2063 2168 aliud
2082 2103 2236 2168 cernebat
2252 2101 2377 2185 Ioseph

374 2188 494 2272 Ioseph
511 2187 631 2253 laudat.
678 2186 807 2254 Scimus
825 2209 923 2271 quam
946 2189 1039 2272 pauci
1063 2191 1169 2272 regias
1192 2190 1346 2272 pecunias
1397 2211 1495 2273 quam
1517 2191 1675 2256 divinitus
1697 2209 1752 2255 cos
1774 2189 1906 2269 nudari,
1940 2198 1977 2253 ut
1999 2209 2083 2254 unus
2112 2209 2171 2252 rex
2200 2187 2377 2254 ditesceret

373 2281 565 2352 attrectent,
599 2275 654 2357 qui
688 2294 756 2338 nou
788 2294 823 2339 sc
851 2274 1062 2356 coinquinent
1092 2275 1253 2358 peculatu.
1304 2273 1346 2340 In
1396 2277 1545 2341 omnium
1563 2274 1685 2358 spoliis.
1730 2273 1825 2340 Adde
1843 2274 1928 2358 quod
1950 2295 2051 2356 quum
2073 2273 2122 2339 illi
2139 2274 2189 2340 166
2208 2281 2296 2340 esset
2319 2295 2376 2340 ve-

373 2361 474 2426 tantis
495 2381 576 2425 vero
598 2360 754 2443 pecuniae
781 2361 906 2425 acervis
928 2382 995 2426 non
1023 2363 1224 2426 minoraret
1252 2381 1345 2444 prae·
1397 2362 1473 2427 nale
1502 2363 1704 2426 frumentum
1730 2380 1908 2444 exponere,
1939 2372 2067 2425 matare
2096 2379 2171 2426 cum
2199 2359 2376 2442 pecoribus

374 2443 474 2510 dandi
503 2446 634 2512 licentia
662 2465 760 2528 quam
798 2445 938 2511 1111161116
974 2447 1185 2511 66611666116.
1235 2447 1345 2512 Moses
1397 2448 1501 2513 licuit.
1526 2448 1628 2532 Regis
1639 2454 1725 2512 certe
1744 2457 1814 2512 erat
1825 2446 2043 2511 frumentum:
2063 2467 2122 2510 cur
2139 2467 2217 2530 ergo
2228 2445 2376 2528 pretium

374 2553 451 2598 6666
474 2529 563 2609 dicit,
584 2531 740 2615 quidquid
762 2531 937 2614 collegerat
956 2533 1113 2616 pecuniae
1135 2531 1271 2616 Ioseph,
1295 2543 1344 2596 61·
1399 2534 1440 2599 61
1462 2533 1664 2616 emptoribus
1685 2555 1751 2598 nou
1774 2531 1944 2616 exigeret?
1970 2533 2072 2614 Atqui
2089 2552 2250 2615 pauperes
2267 2543 2375 2609 erant,

374 2618 489 2684 tulisse
506 2617 687 2682 indomum
705 2619 801 2700 regis.
834 2617 924 2682 Rara
935 2618 1017 2685 hacc
1034 2626 1068 2683 et
1084 2617 1347 2700 incomparabilis
1398 2620 1536 2702 ideoque
1558 2620 1705 2703 ipsorum
1734 2619 1863 2702 inopiae
1885 2619 2029 2683 succurri
2053 2638 2193 2700 aequum
2217 2618 2286 2682 1611.
2337 2616 2376 2683 Si

373 2703 647 2787 16111616661166,
676 2703 763 2766 inter
786 2712 894 2768 tantos
923 2724 1058 2769 6666666
1086 2724 1186 2787 puras
1215 2722 1347 2771 servare
1399 2705 1509 2771 valcat
1531 2705 1612 2769 haec
1633 2704 1754 2787 regula,
1779 2703 1893 2768 illicita
1914 2704 1977 2768 erit
1994 2703 2097 2769 maior
2126 2723 2203 2786 pars
2232 2703 2375 2786 emptio-

372 2809 498 2854 manus.
547 2789 617 2854 Nec
647 2808 724 2853 vero
752 2789 822 2853 lieri
852 2789 959 2871 661611
987 2796 1086 2854 6166
1113 2789 1194 2854 6166
1223 2797 1346 2871 tempe·
1400 2811 1494 2856 num:
1529 2809 1624 2856 nemo
1660 2790 1750 2854 euim
1782 2789 1867 2871 quod
1901 2788 2042 2872 possidet
2074 2789 2214 2854 libenter
2247 2788 2373 2854 vendit

373 2884 485 2940 ranter
506 2884 644 2960 gereret,
667 2873 731 2939 nisi
752 2873 903 2939 1666666
925 2873 1184 2940 11111616661Ι)61
1206 2875 1344 2942 vocatio.
1400 2876 1512 2957 Quare
1530 2877 1558 2942 si
1576 2877 1662 2942 iusta
1682 2876 1746 2940 1611
1762 2875 1889 2958 6666616
1907 2874 2100 2952 aestimatio,
2112 2872 2259 2940 nondum
2277 2873 2379 2940 61166

372 2961 459 3026 Ν66
488 2979 569 3043 6666
599 2958 732 3025 ambitio
762 2959 893 3025 cohibet
921 2959 1065 3026 6166116
1094 2968 1128 3025 61
1157 2961 1345 3043 rapacitate,
1400 2962 1477 3046 quid
1511 2963 1547 3027 iu
1580 2961 1664 3027 16616
1696 2960 1816 3044 Ioseph
1856 2960 2110 3044 reprehensione
2142 2960 2280 3045 dignum
2315 2961 2378 3024 sit:

373 3046 438 3112 nisi
458 3045 628 3109 homiuum
646 3044 756 3111 oculos
778 3054 811 3110 ct
832 3043 952 3111 indicia
970 3047 1132 3124 timerent,
1152 3047 1263 3111 616116
1281 3067 1348 3110 ma·
1399 3048 1593 3131 praesertim
1627 3066 1729 3130 quum
1761 3067 1830 3111 rem
1865 3046 2031 3131 propriam
2060 3067 2126 3111 non
2160 3051 2282 3129 ageret,
2318 3045 2379 3112 sed

376 3152 440 3196 nus
469 3129 683 3196 extenderent
711 3130 753 3196 ad
781 3130 946 3213 praedam.
991 3131 1111 3214 Ioseph
1140 3141 1250 3197 66166
1276 3133 1347 3198 6166
1399 3144 1528 3200 6666166
1557 3143 1644 3199 66661
1671 3134 1720 3198 rei
1747 3133 1984 3198 frumentariae
2011 3133 2209 3216 6666166166,
2238 3150 2278 3197 ea
2299 3129 2379 3216 lege

374 3223 457 3281 teste
480 3235 612 3299 peccare
634 3217 756 3296 potuit:
785 3216 874 3280 unde
902 3217 1050 3298 sequitur
1071 3236 1191 3300 purum
1213 3217 1278 3283 Dei
1305 3218 1346 3281 ti-
1398 3221 1534 3303 utrogi,
1556 3219 1717 3297 nonsibi,
1743 3219 1871 3284 lucrum
1894 3219 2084 3301 acquireret.
2131 3216 2379 3300 61666666-

373 3321 499 3366 morcm
521 3301 666 3384 viguisse
686 3301 722 3366 in
744 3303 815 3366 eius
837 3303 960 3368 animo:
988 3310 1022 3367 et
1043 3313 1153 3367 tamen
1176 3323 1243 3368 666
1271 3301 1346 3368 dee·
1398 3307 1482 3389 piat,
1512 3305 1662 3371 debuisse
1694 3303 1810 3370 saltem
1839 3305 1964 3370 hortari
1997 3323 2108 3388 regem
2137 3311 2177 3368 ut
2209 3301 2379 3367 uberrimo

374 3397 451 3452 raut
472 3387 662 3472 plausibiles
691 3396 724 3452 et
753 3388 833 3453 66116
861 3387 944 3453 1666
966 3387 1065 3454 fucati
1093 3396 1283 3472 praetextus
1305 3388 1347 3454 ad
1399 3394 1554 3475 66666166
1585 3397 1724 3474 quaestu
1756 3398 1928 3457 contentus
1960 3389 2059 3456 foret:
2100 3388 2297 3473 respondeo,
2335 3409 2379 3454 cx

373 3473 456 3538 furti
477 3475 730 3540 excusationem.
763 3472 878 3554 9666
896 3480 1034 3557 tyranno
1055 3475 1259 3554 servissent
1281 3495 1347 3540 uon
1399 3478 1512 3544 multis
1534 3497 1638 3562 pauca
1667 3475 1772 3542 obiter
1793 3477 1922 3542 narrari
1942 3496 1962 3540 6
1985 3476 2085 3542 Mose.
2131 3473 2245 3540 (luivis
2263 3483 2380 3540 autem

374 3560 435 3625 tibi
463 3558 561 3626 liccat
590 3569 716 3642 partem
745 3560 889 3643 aliquam
917 3560 1000 3626 lucri
1021 3561 1058 3625 in
1087 3568 1182 3625 tuum
1205 3581 1345 3627 commo·
1398 3563 1559 3630 coniicere
1586 3573 1776 3646 promptum
1805 3569 1872 3642 661,
1902 3561 1986 3626 16611
2014 3561 2175 3625 momenti
2203 3561 2380 3644 negotium

374 3643 453 3710 dum
476 3645 678 3712 subducere?
724 3645 799 3726 966
829 3646 933 3728 magis
955 3657 1090 3729 6666661
1112 3645 1216 3711 661116
1238 3647 1347 3728 probi·
1399 3669 1464 3714 non
1485 3649 1587 3714 161666
1619 3656 1822 3714 transactum
1845 3669 1865 3713 a
1887 3647 2008 3730 Ioseph
2031 3647 2218 3714 1666666116
2240 3665 2322 3729 rege
2345 3655 2380 3710 et

374 3738 442 3796 1616
467 3730 568 3797 161666
596 3732 778 3810 6661166,
804 3731 935 3815 666616
963 3731 1132 3798 illecebras
1160 3752 1275 3798 omnes
1295 3752 1347 3797 re·
1398 3735 1511 3801 inscio.
1563 3732 1654 3815 Quid
1685 3742 1795 3799 autem
1828 3735 1856 3799 si
1886 3732 2080 3800 consiliariis
2113 3733 2194 3798 haec
2227 3733 2300 3797 visa
2335 3733 2380 3796 sit

372 3816 471 3900 pulit,
494 3838 537 3882 ue
566 3817 736 3884 66611666
761 3839 820 3901 por
847 3816 996 3882 fraudem
1019 3817 1176 3884 ditescere
1204 3829 1346 3900 cuperet.
1398 3841 1501 3904 aequa
1522 3819 1711 3899 moderatio,
1735 3827 1773 3883 ut
1795 3839 1854 3901 pro
1877 3820 1944 3884 suis
1965 3819 2137 3902 pecoribus
2159 3817 2319 3883 alimenta
2342 3819 2381 3882 in

461 3901 512 3968 15.
542 3899 587 3968 111
613 3908 793 3985 6666616616
823 3908 868 3969 661
890 3904 1037 3984 6666616.
1087 3903 1164 3969 Ν66
1192 3904 1348 3989 intelligit
1398 3917 1649 3972 1616666666
1677 3913 1844 3970 sumerent
1872 3904 2057 3988 agricolae?
2092 3904 2243 3987 Denique
2270 3923 2381 3986 quum

372 3989 484 4054 1116666
505 3988 973 4072 66116611161166666666
995 3990 1030 4054 16
1052 3990 1214 4075 Aegypto,
1236 3989 1347 4056 redac-
1398 4001 1523 4058 616666
1553 3989 1768 4057 616616666
1801 3991 1898 4055 66166
1926 3989 1989 4055 Dei
2023 3990 2174 4070 arbitrio,
2204 3987 2290 4073 quod
2321 3989 2381 4054 lex

374 4081 446 4140 tum
477 4075 579 4140 161666
612 4075 647 4139 16
677 4077 774 4141 fiscos
805 4076 906 4159 regis:
942 4095 1019 4140 nam
1052 4076 1150 4141 multi
1179 4083 1274 4141 eraut
1307 4097 1348 4141 66
1398 4079 1525 4144 616616
1548 4076 1654 4144 66116
1676 4077 1847 4159 relinquit,
1874 4075 2032 4141 damnare
2053 4084 2204 4141 nostrum
2225 4083 2378 4140 nonest

374 4160 489 4226 aulicis
521 4161 709 4242 proceribus
739 4182 758 4226 a
786 4161 873 4226 fame
903 4161 1084 4227 immunes:
1118 4160 1175 4227 sed
1208 4162 1348 4244 simplex
1485 4165 1534 4230 18.
1559 4164 1602 4230 Ei
1618 4167 1767 4228 66666661
1786 4163 1829 4228 61
1850 4181 1921 4227 cam
1942 4161 2188 4227 6666666616.
2234 4161 2380 4226 Annum

375 4267 492 4312 sensus
521 4253 587 4324 661,
620 4267 734 4312 66666
761 4246 830 4312 fere
857 4246 960 4311 fuisse
994 4246 1187 4326 exhaustos,
1218 4257 1254 4313 61
1282 4249 1347 4312 166
1398 4250 1579 4317 66666166
1600 4250 1710 4315 Moses
1732 4269 1798 4312 uon
1821 4249 1947 4313 61666
1976 4255 2141 4331 66666161,
2164 4245 2285 4311 66166
2309 4267 2379 4330 qno

375 4331 476 4415 vulgo
497 4331 636 4416 pecnnia
663 4330 1347 4399 6666611661616666166166666-
1398 4335 1560 4404 defecerat
1587 4335 1733 4419 6666616.
1778 4333 1867 4414 9616
1893 4354 1972 4399 vero
2001 4335 2101 4398 11666
2127 4331 2297 4397 sterilitati
2321 4333 2379 4398 in·

375 4425 461 4482 tum:
491 4425 525 4483 61
553 4417 685 4484 166166
714 4425 862 4483 6616666
889 4418 1067 4484 necessitas
1095 4418 1136 4484 ad
1166 4419 1347 4486 secundum
1397 4431 1484 4488 stare
1503 4443 1545 4486 cx
1565 4421 1697 4486 oraculo
1720 4419 1874 4498 sciebant,
1892 4439 1959 4484 non
1979 4421 2014 4484 in
2036 4419 2162 4485 victum
2184 4417 2277 4483 modo
2303 4418 2379 4483 166-

375 4502 565 4580 rcmedium,
594 4502 634 4568 de
661 4524 725 4585 quo
751 4504 849 4587 paulo
876 4510 949 4586 post
976 4503 1137 4586 loquetur,
1167 4506 1347 4589 Aegyptios
1397 4517 1546 4574 mantum
1568 4509 1631 4573 sihi
1659 4506 1730 4571 dari
1758 4505 1943 4591 postulant,
1966 4503 2024 4570 aad
2050 4505 2086 4570 in
2108 4504 2268 4570 sadonem
2290 4525 2379 4587 quo·

375 4588 579 4671 compulerit.
609 4590 713 4655 Porro
731 4588 863 4655 tametsi
881 4588 1034 4657 videntur
1051 4588 1276 4674 desperatione
1294 4611 1346 4656 ac·
1396 4615 1473 4677 qne:
1502 4593 1590 4659 uude
1617 4600 1762 4676 apparet,
1791 4592 1890 4657 nimis
1919 4612 1991 4657 sero
2013 4609 2069 4656 eos
2091 4610 2223 4672 sapere,
2251 4607 2290 4652 66
2315 4611 2379 4655 66-

377 4674 476 4752 censi,
497 4675 675 4757 procaciter
695 4675 869 4760 insurgere
890 4684 1004 4742 666166
1014 4675 1150 4759 Ioseph:
1174 4685 1346 4743 contextus
1397 4679 1538 4759 glorisso
1560 4679 1675 4745 utilem
1688 4678 1751 4742 Dei
1774 4677 2037 4755 admonitionem,
2061 4683 2289 4759 6661666666
2309 4675 2379 4740 sihi

376 4767 489 4824 tamen
517 4760 662 4825 ostendit
686 4760 772 4825 nihil
799 4762 908 4828 minus
930 4761 1030 4828 161666
1056 4762 1123 4829 11116
1143 4765 1346 4847 6666661166
1396 4767 1430 4830 16
1452 4765 1599 4831 futurum
1622 4764 1804 4848 prospicere
1825 4763 2015 4830 debuerant.
2057 4760 2162 4827 Porro
2192 4781 2261 4826 non
2281 4781 2379 4826 com-

377 4863 475 4929 6666
501 4847 706 4913 contumacia
733 4869 794 4913 sua
823 4857 947 4914 terrers
975 4849 1068 4914 66166
1089 4848 1346 4915 misericordiam
1396 4860 1579 4916 memorant
1600 4853 1660 4919 sibi
1691 4850 1802 4916 166666
1830 4850 2003 4933 66666166
2025 4854 2060 4913 61
2086 4865 2220 4931 pecora,
2252 4855 2291 4910 ut
2315 4868 2378 4912 ex·

377 4931 570 5015 suppliciter
585 4933 771 5016 implorant.
806 4934 917 5015 Quare
935 4933 1016 5001 haec
1033 4935 1261 5020 interrogatio:
1282 4935 1347 5002 066
1395 4937 1563 5023 postulent
1589 4959 1664 5004 cum
1692 4935 1827 5020 Ioseph,
1857 4935 1951 5018 quasi
1979 4935 2089 5018 inique
2118 4931 2159 4998 ab
2187 4951 2226 4998 eo
2251 4931 2379 4998 nudati

376 5018 547 5083 6666166666
562 5019 1347 5104 666616166661161661116666166666666
1396 5023 1535 5101 1666161,
1563 5023 1620 5089 661
1649 5031 1687 5088 61
1716 5022 1927 5103 admoneant,
1954 5021 2017 5086 hoc
2049 5039 2151 5085 unum
2180 5025 2306 5084 restare
2340 5027 2379 5084 61

377 5103 1114 5186 66611166,61616616661616166616666116.
1160 5106 1227 5174 Sed
1248 5128 1346 5192 quac·
1397 5109 1485 5193 agris
1515 5109 1583 5175 suis
1612 5111 1777 5176 redimant
1803 5107 1928 5176 616166
1957 5115 1992 5172 61
2018 5124 2145 5185 66666,
2174 5123 2273 5188 seque
2303 5125 2378 5171 non

376 5188 462 5254 61166
483 5189 642 5273 6666616
663 5191 769 5257 61166
785 5191 998 5257 toleraverint
1020 5191 1218 5258 Ohananaei.
1248 5193 1346 5260 Oertc
1397 5195 1494 5260 aliter
1516 5196 1583 5262 lore
1605 5197 1714 5262 salvos
1736 5194 1799 5261 nisi
1822 5193 1864 5260 ad
1885 5193 1970 5259 hanc
1987 5191 2172 5277 pactionem
2191 5189 2378 5256 descendat

378 5273 513 5340 161166
534 5297 600 5341 666
622 5283 672 5343 est
698 5278 777 5359 quin
804 5279 914 5361 gravis
937 5277 1123 5362 pestilentia
1143 5278 1271 5345 inediae
1292 5299 1344 5345 cc·
1396 5280 1527 5364 Ioseph.
1572 5280 1798 5366 impudentiae
1826 5280 1914 5346 enim
1943 5278 2059 5346 1616661
2080 5276 2163 5342 nihil
2185 5274 2284 5360 pretii
2316 5277 2377 5343 vel
