5022 6192
383 427 430 492 ta
1045 423 1415 492 COMMENTARIUS
1434 423 1487 488 lN
1510 423 1723 493 GENESIN.
2331 424 2363 490 80

387 635 429 678 ax
451 612 602 678 hocloco
625 612 806 678 Christiani
829 610 1012 680 doctrinam
1040 611 1081 677 de
1103 612 1207 678 tribus
1228 613 1263 677 in
1287 613 1357 678 Deo
1408 611 1455 679 ita
1477 612 1670 677 beneficium
1692 632 1789 676 suum
1818 611 1996 694 restringit,
2027 621 2064 676 ιιι
2083 612 2132 676 illi
2155 633 2284 696 semper
2304 625 2363 679 ants

385 699 541 783 personis,
570 719 684 764 vereor
714 719 756 764 ne
784 700 864 764 satis
890 699 1022 764 firmum
1050 699 1094 764 sit
1115 707 1355 782 argumentum.
1409 698 1517 763 oculos
1539 708 1711 762 versentur
1733 697 1842 779 aliqua
1858 698 1926 762 irae
1948 717 2026 762 suae
2048 695 2178 778 indicia,
2199 707 2237 763 ut
2258 698 2318 762 sibi
2331 698 2364 763 ad

385 785 499 867 Neque
529 785 617 848 enim
646 784 759 849 cadem
787 797 837 848 est
858 805 942 868 quae
969 785 1145 867 superioris
1174 784 1235 848 loci
1258 784 1356 848 ratio:
1410 785 1512 850 vitam
1535 783 1622 847 unde
1643 783 1773 858 excidit,
1796 802 1854 865 per
1875 783 2019 848 infinitas
2040 785 2198 860 miserias,
2221 805 2281 867 per
2301 793 2364 848 tem-

385 869 557 936 satiamus
590 868 771 946 hominem,
805 876 865 936 eto.
898 871 1054 952 quoniam
1082 869 1136 935 hic
1159 867 1267 934 Adam
1296 869 1356 935 sub
1410 870 1520 952 porale
1548 869 1710 948 exsilium,
1739 875 1772 933 et
1800 888 1858 951 per
1886 877 2025 934 mortem
2046 869 2286 935 transeundum
2306 889 2361 935 esse

385 955 524 1020 dictione
558 954 658 1020 Nobis
689 955 990 1038 comprehenditur:
1019 955 1087 1020 illic
1117 965 1226 1020 autem
1249 956 1357 1037 aliqua
1409 954 1547 1020 subinde
1586 962 1724 1038 reputet.
1786 953 1976 1020 Tenendum
2013 955 2099 1019 enim
2140 963 2190 1020 est
2224 957 2366 1020 memoria

385 1041 420 1105 in
443 1041 506 1106 Dei
529 1042 671 1106 essentia
693 1039 859 1106 distinctio
882 1041 1087 1124 exprimitur.
1411 1039 1495 1123 quod
1519 1039 1678 1118 diximus,
1702 1059 1766 1104 non
1789 1041 1835 1106 ita
1858 1039 2017 1106 deiectum
2039 1041 2139 1106 fuisse
2161 1038 2279 1117 Adam,
2301 1041 2365 1123 quin

473 1127 566 1192 Naac
586 1131 689 1191 cuam
704 1147 743 1190 ae
757 1127 844 1208 forle.
868 1125 1042 1192 Defectiva
1059 1131 1110 1191 est
1124 1127 1236 1204 oratio,
1259 1145 1357 1208 quam
1410 1147 1484 1209 spes
1507 1127 1622 1192 veniae
1643 1125 1690 1190 illi
1713 1125 1825 1191 relicta
1843 1125 1948 1190 luerit.
1989 1125 2171 1191 Exsulabat
2193 1126 2234 1190 ab
2256 1126 2311 1191 illo
2329 1149 2366 1191 re

384 1215 430 1278 sic
452 1214 649 1295 implendam
673 1213 827 1277 arbitror:
852 1210 945 1276 Nunc
962 1221 1065 1277 restat
1082 1219 1120 1276 ιιι
1137 1214 1172 1276 in
1190 1218 1356 1295 posterum
1411 1214 1464 1296 gio
1486 1211 1616 1296 palatio,
1644 1211 1735 1277 cuius
1765 1208 1915 1275 dominus
1943 1213 2065 1284 fuerat,
2092 1212 2149 1278 sed
2175 1211 2252 1276 alibi
2275 1213 2366 1278 locum

385 1311 536 1364 arceatur
562 1319 581 1363 a
611 1299 718 1363 fructu
748 1299 844 1362 vitae.
891 1297 972 1362 Nam
1003 1298 1054 1363 his
1076 1296 1184 1363 verbis
1206 1307 1357 1361 monetur
1411 1297 1548 1381 adeptus
1570 1307 1619 1362 est
1640 1317 1737 1379 quem
1759 1295 1973 1362 inhabitaret:
2004 1296 2126 1363 deliciis
2148 1297 2308 1380 prioribus
2326 1319 2368 1361 or-

385 1382 498 1462 Adam,
529 1405 592 1449 nou
621 1384 721 1449 nnius
748 1385 914 1462 momenti,
945 1383 998 1448 vel
1027 1403 1204 1466 paucorum
1232 1381 1357 1448 dierum
1409 1384 1505 1448 batus
1527 1391 1611 1462 erat,
1638 1379 1694 1447 sed
1717 1382 1950 1465 qualiscunque
1971 1382 2078 1447 adhuc
2098 1385 2202 1448 victus
2224 1383 2366 1466 suppetit:

385 1471 455 1534 lore
484 1488 623 1550 poenam
651 1469 704 1533 cui
733 1469 881 1534 addimus
918 1477 981 1532 eat:
1027 1469 1084 1534 aad
1112 1490 1131 1533 a
1157 1468 1251 1532 beata
1290 1468 1359 1533 vita
1411 1468 1452 1534 ab
1481 1467 1596 1534 arbore
1625 1470 1713 1533 vitae
1741 1475 1813 1533 erat
1840 1469 2147 1546 excommunicatus,
2176 1469 2233 1532 sed
2261 1489 2368 1534 novum

385 1577 514 1638 semper
541 1555 610 1620 foro
636 1562 809 1620 extorrem.
859 1553 1037 1619 Falluntur
1063 1555 1119 1637 qui
1147 1554 1201 1620 hic
1231 1573 1358 1636 quoque
1411 1554 1593 1619 remedium
1622 1554 1760 1620 offertur
1785 1554 1819 1618 in
1842 1555 2019 1620 aacriliciis.
2071 1553 2215 1636 Quidam
2237 1553 2368 1639 gladium

384 1643 523 1706 ironiam
542 1661 612 1706 esse
630 1648 763 1723 putant:
785 1661 821 1706 ac
841 1642 869 1704 si
893 1650 1024 1723 negaret
1040 1637 1132 1705 Deus
1153 1640 1358 1723 profuturam
1413 1640 1598 1706 versatilem
1626 1649 1810 1723 exponunt,
1838 1641 1893 1722 qui
1921 1660 1985 1704 non
2015 1660 2143 1722 semper
2171 1638 2295 1706 directa
2313 1641 2368 1704 acie

386 1748 456 1792 esse
486 1726 612 1792 homini
639 1724 788 1791 arborem
818 1726 920 1804 vitae,
954 1726 1103 1808 quamvis
1129 1747 1168 1791 ea
1196 1734 1356 1790 vescatur.
1411 1726 1634 1790 inhominem
1657 1725 1812 1802 vibretur,
1835 1724 1893 1790 sed
1914 1725 2064 1790 ostendat
2085 1725 2251 1791 interdum
2273 1725 2369 1809 palam

385 1813 503 1878 Potius
518 1812 761 1890 enimsymbolo
783 1831 858 1875 eum
870 1812 1014 1893 privans,
1037 1832 1107 1875 rem
1125 1811 1223 1876 simul
1242 1810 1357 1876 aufert.
1412 1812 1563 1890 laminae,
1587 1811 1628 1876 ad
1652 1811 1796 1876 dandum
1814 1811 2166 1894 poenitentiaclocnm:
2189 1813 2246 1876 sed
2267 1813 2370 1875 intem·

389 1898 518 1965 Scimus
547 1897 624 1980 quid
653 1897 787 1963 valeant
813 1905 1029 1962 sacramenta:
1059 1904 1092 1962 et
1114 1895 1357 1978 supradictum
1411 1898 1539 1980 pestiva
1567 1906 1618 1963 est
1646 1897 1816 1980 allegoria,
1850 1917 1950 1979 quum
1980 1895 2045 1962 Dei
2073 1898 2244 1962 consilium
2275 1895 2370 1972 luent,

386 1985 458 2064 luit,
486 1983 635 2048 arborem
661 1981 770 2048 datam
801 2002 872 2046 ease
902 1983 935 2046 in
958 1982 1047 2046 vitae
1073 1983 1203 2065 pignus.
1247 1981 1358 2062 Quare
1411 1982 1578 2048 hominem
1599 2003 1732 2066 prorsus
1755 1982 1796 2047 ab
1815 1982 1909 2047 horto
1927 1982 2108 2058 excludere,
2130 1993 2167 2047 ut
2186 1983 2288 2048 vitam
2307 1981 2371 2046 alibi

387 2078 424 2134 ut
452 2091 487 2135 se
515 2069 622 2151 priore
652 2070 719 2133 vita
741 2068 908 2151 privatum
930 2087 1000 2132 esse
1021 2067 1193 2151 intelligat,
1216 2067 1359 2132 solennis
1411 2077 1590 2150 quaereret.
1629 2069 1763 2150 Exque
1785 2077 1893 2133 autem
1917 2067 2011 2134 beata
2032 2069 2090 2134 illa
2112 2069 2245 2135 ubertas
2268 2067 2372 2133 locist

386 2155 677 2220 excommunicatio
689 2153 829 2231 additur,
854 2174 917 2217 non
931 2152 1017 2235 quod
1035 2153 1082 2216 illi
1095 2154 1256 2218 Dominus
1268 2174 1357 2236 spem
1411 2155 1591 2219 amoenitas
1608 2154 1673 2218 fuit
1684 2153 1813 2231 abolita,
1836 2173 2058 2236 supervacuus
2076 2155 2139 2219 luit
2156 2153 2256 2238 gladii
2270 2163 2370 2218 terror.

386 2261 516 2306 omnem
544 2240 658 2305 salutis
682 2237 868 2322 praecidere
891 2239 1048 2303 voluerit:
1070 2239 1128 2304 sed
1150 2245 1280 2304 tantum
1302 2258 1358 2303 au·
1410 2241 1476 2304 Per
1498 2239 1677 2305 Cherubim
1701 2261 1765 2304 uon
1787 2238 1921 2304 dubium
1942 2249 1992 2305 est
2019 2240 2098 2322 quin
2120 2239 2254 2324 angelos
2276 2241 2372 2306 Mosco

384 2330 471 2392 ferre
492 2325 576 2408 quod
599 2324 740 2402 dederat,
765 2332 802 2388 ut
819 2343 905 2388 nova
926 2323 1004 2389 alibi
1022 2324 1166 2390 subsidia
1178 2333 1356 2407 quaereret.
1411 2324 1575 2408 designet:
1605 2337 1702 2407 atque
1730 2326 1765 2389 in
1795 2346 1832 2390 eo
1854 2345 1889 2389 ee
1912 2325 1951 2390 ad
1971 2325 2083 2409 populi
2105 2327 2155 2390 sui
2178 2335 2310 2408 captum
2329 2312 2372 2390 sl-

385 2412 544 2478 Restabat
572 2420 681 2475 autcm
710 2411 745 2473 in
775 2409 942 2475 sacrificiis
969 2411 1127 2492 expiatio,
1155 2431 1238 2493 quae
1264 2410 1358 2474 illum
1410 2409 1603 2476 commodat.
1655 2411 1798 2477 Iusserat
1819 2410 1910 2475 Deus
1932 2410 1980 2475 ad·
1995 2431 2104 2477 arcam
2126 2410 2265 2477 loedoria
2286 2411 2373 2476 statui

387 2498 574 2563 restitueret
603 2496 639 2561 in
669 2496 768 2559 vitam
793 2516 890 2577 quam
913 2495 1107 2578 perdiderat.
1153 2495 1250 2560 Prius
1273 2516 1358 2561 com·
1410 2496 1491 2562 duca
1519 2496 1714 2575 Cherubim,
1742 2497 1798 2578 qui
1827 2496 2017 2578 operculum
2046 2497 2106 2562 alis
2135 2498 2203 2562 suis
2227 2507 2373 2582 tegerent

387 2584 565 2648 municatio
587 2603 662 2647 cum
685 2582 756 2646 Deo
778 2579 871 2646 Adae
889 2581 1121 2648 vivificacrat:
1143 2603 1183 2645 ex
1202 2580 1359 2664 quoinde
1410 2578 1489 2647 Ideo
1517 2601 1615 2664 saepe
1644 2581 1763 2647 dicitur
1792 2579 1905 2647 sedere
1934 2582 2022 2646 intcr
2049 2581 2238 2648 Cherubim.
2290 2580 2374 2662 Quod

387 2669 550 2735 alienatus
581 2676 647 2745 eet,
677 2667 778 2732 vitam
801 2686 991 2750 recuperare
1012 2667 1156 2750 oportuit
1176 2667 1211 2730 in
1234 2665 1359 2732 Christi
1412 2667 1474 2733 hac
1501 2667 1608 2732 forma
1634 2667 1725 2751 pingi
1755 2666 1859 2732 voluit
1883 2667 2032 2751 angelos,
2069 2689 2134 2732 non
2172 2665 2308 2735 dubium
2333 2675 2375 2731 cst

385 2763 500 2830 morte,
522 2755 614 2820 cuius
637 2753 704 2818 vita
726 2761 806 2818 tunc
824 2753 963 2817 vivebat.
993 2751 1127 2818 Certum
1146 2751 1276 2835 quidem
1299 2759 1358 2832 est,
1412 2754 1491 2835 quin
1522 2773 1580 2835 per
1612 2753 1848 2836 indulgentiam
1883 2753 1917 2816 id
1952 2754 2073 2819 veteris
2106 2753 2217 2837 populi
2251 2751 2374 2818 ruditati

387 2862 454 2907 non
477 2840 622 2924 potuisse
644 2838 822 2917 hominem,
848 2837 977 2903 etiamsi
1005 2845 1108 2903 totam
1129 2838 1280 2903 arborem
1302 2859 1358 2902 vo·
1412 2840 1510 2903 fuerit
1532 2838 1653 2904 datum.
1683 2838 1868 2904 Puerilibus
1890 2839 1979 2903 anim
2001 2838 2197 2904 rudimentis
2219 2839 2376 2922 indigebat

384 2935 498 3005 rasset,
521 2925 591 2990 vita
612 2925 686 3005 frui,
710 2925 781 2989 Deo
802 2923 920 2989 invito:
944 2923 1001 2988 sed
1018 2925 1120 2997 Deus,
1143 2923 1360 2989 institutionis
1413 2933 1501 2990 aetas
1523 2924 1589 3002 illa,
1612 2935 1648 2988 ut
1670 2923 1793 2989 Paulus
1815 2922 1907 2989 docet
1928 2923 2051 3009 (Galat.
2074 2925 2103 3000 4,
2123 2924 2165 3011 3).
2206 2926 2291 2990 Inde
2312 2924 2374 2989 Μο-

386 3034 464 3080 suae
486 3018 646 3094 respectu,
669 3010 772 3075 vitam
790 3009 958 3094 coniungit
978 3030 1053 3074 cum
1071 3017 1209 3074 externa
1226 3016 1358 3088 tessera,
1413 3031 1464 3076 ses
1493 3030 1611 3074 nomen
1641 3007 1727 3092 qnod
1756 3010 1882 3093 angelis
1911 3009 2043 3088 tribuit,
2071 3018 2240 3076 mutuatus
2262 3019 2325 3077 est:
2344 3017 2376 3073 ιιι

386 3099 487 3164 donec
515 3095 593 3162 inde
621 3095 730 3160 ablata
759 3095 802 3160 sit
829 3094 1010 3177 promissio.
1056 3093 1166 3178 Neque
1188 3097 1275 3159 enim
1298 3095 1360 3159 fuit
1413 3096 1561 3161 homines
1591 3096 1806 3162 assuefaceret
1839 3095 1879 3159 ad
1910 3116 2015 3180 genus
2042 3097 2272 3174 revelationis,
2301 3092 2375 3178 quod

386 3203 533 3266 unquam
554 3181 590 3248 in
613 3182 728 3246 arbore
749 3181 799 3247 via
821 3181 930 3262 aliqua
950 3180 1149 3246 intrinseca:
1171 3180 1229 3245 aed
1251 3191 1360 3263 quate-
1412 3182 1424 3245 i
1448 3202 1483 3246 sc
1511 3181 1668 3246 divinitus
1697 3187 1867 3264 acceptum
1896 3180 2034 3246 fideliter
2056 3203 2114 3264 per
2139 3203 2255 3248 manus
2287 3179 2375 3246 tradi·

386 3290 450 3335 nus
478 3267 568 3333 illias
596 3289 658 3332 usu
686 3267 827 3353 gratiam
853 3285 947 3330 suam
976 3264 1099 3330 homini
1121 3265 1359 3349 obsignaverat,
1435 3277 1515 3332 erat.
1568 3265 1649 3330 Nam
1674 3265 1765 3331 Deua
1792 3266 1876 3349 quod
1904 3269 1985 3331 utile
2013 3288 2083 3332 esse
2104 3277 2243 3333 noverat
2267 3265 2376 3350 populo

385 3355 551 3422 vivificam
572 3353 670 3418 facit:
692 3361 828 3417 utcerte
845 3350 930 3414 nihil
940 3349 1099 3416 fallaciter
1120 3351 1213 3417 nobis
1231 3353 1360 3435 figurat,
1413 3373 1481 3432 suo,
1505 3352 1634 3418 volabat
1660 3353 1696 3415 in
1718 3353 1902 3417 sanctuario
1926 3355 2084 3436 cognosci.
2129 3353 2175 3417 Et
2195 3363 2283 3418 certe
2304 3353 2376 3416 haec

385 3440 443 3508 scd
460 3461 535 3506 cum
552 3439 670 3504 effectu
688 3436 739 3522 (ιιι
751 3436 855 3522 aiunt)
874 3457 1001 3518 semper
1019 3435 1186 3502 nobiscnm
1205 3437 1357 3520 loquitur.
1413 3439 1506 3503 nobis
1536 3437 1676 3503 tenenda
1697 3439 1788 3518 ratic,
1819 3446 1856 3502 ιιι
1878 3447 2006 3504 nostrae
2027 3438 2232 3503 infirmitatis
2253 3436 2376 3514 conscii,

385 3527 427 3592 In
450 3545 587 3600 summa,
609 3523 713 3590 voluit
730 3521 822 3587 Deus
843 3523 980 3588 fiduciae
998 3523 1170 3587 materiam
1187 3543 1284 3605 quam
1304 3523 1359 3587 de·
1414 3546 1478 3588 non
1510 3531 1673 3589 tentemus
1696 3525 1767 3589 sine
1799 3523 2004 3590 adminiculis
2031 3525 2065 3589 in
2093 3524 2221 3590 coelum
2241 3525 2374 3589 evolare.

385 3611 486 3690 derat,
509 3631 551 3674 ex
573 3609 716 3673 hominia
737 3608 886 3672 manibus
912 3617 1072 3687 excutere,
1103 3629 1145 3672 ne
1167 3609 1228 3672 sibi
1252 3608 1298 3673 de
1315 3609 1360 3672 vi·
1413 3610 1490 3675 Fiet
1515 3611 1602 3674 enim
1634 3608 1751 3691 alioqui
1781 3611 1879 3674 utin
1912 3608 2019 3674 medio
2053 3631 2153 3676 cursu
2186 3619 2377 3676 evanescant

386 3707 439 3763 tae
477 3696 710 3779 perpetuitate,
750 3714 848 3776 quam
887 3693 1058 3770 amiserat,
1099 3713 1191 3776 apem
1228 3695 1359 3760 inanem
1396 3717 1525 3761 ,omues
1556 3695 1660 3779 nostri
1691 3715 1815 3760 sensus.
1877 3693 1992 3760 Scalae
2024 3705 2134 3760 summ
2166 3703 2201 3760 et
2231 3695 2377 3760 vehicula

385 3784 535 3866 fingeret.
1413 3791 1490 3846 tunc
1525 3789 1619 3845 erant
1651 3781 1882 3863 sanctuarium.
1916 3801 1991 3846 arca
2022 3779 2170 3860 foederis,
2204 3781 2316 3860 altare,
2349 3789 2378 3842 et

472 3867 524 3931 23.
546 3863 664 3929 anea
692 3883 763 3929 cam
791 3862 957 3930 Dominus.
1013 3861 1079 3928 Hic
1109 3861 1212 3930 Moses
1239 3867 1360 3948 partim
1412 3887 1527 3932 mansa
1555 3885 1629 3933 cum
1660 3867 1728 3930 suis
1757 3865 2000 3949 appendicibus.
2053 3867 2155 3930 Porro
2177 3865 2330 3932 vehicula
2350 3877 2378 3930 ct

294 3970 298 3979 ·
387 3952 473 4036 quod
495 3952 535 4016 de
561 3970 666 4032 poena
688 3947 813 4014 homini
834 3950 959 4014 inflicta
981 3947 1109 4013 dixerat
1138 3951 1358 4033 prosequitur:
1412 3953 1515 4018 scalas
1542 3972 1635 4028 voco,
1666 3953 1742 4034 quia
1770 3954 1803 4016 in
1833 3973 1908 4016 eum
1942 3954 2041 4016 finem
2070 3951 2204 4016 minime
2232 3951 2377 4017 ordinata

385 4039 506 4124 partim
535 4037 598 4102 Dei
632 4036 809 4100 bonitatem
841 4033 1060 4114 commendat,
1095 4055 1158 4117 qua
1192 4037 1360 4120 mitigatus
1411 4047 1507 4104 crant
1534 4035 1691 4103 eiusmodi
1713 4038 1871 4122 symbola,
1901 4046 1940 4102 ut
1961 4037 2069 4102 Deum
2096 4036 2209 4105 fideles
2230 4041 2378 4105 taberna·

383 4124 447 4190 iuit
464 4121 575 4188 iudicii
596 4123 693 4204 rigor.
731 4119 920 4188 Clementer
941 4119 1092 4185 exsilium
1114 4120 1207 4186 Adae
1230 4123 1360 4203 mitigat
1411 4124 1484 4190 culo
1502 4125 1595 4206 quasi
1610 4124 1774 4207 ergastulo
1793 4123 2007 4201 includerent,
2027 4123 2078 4188 vel
2090 4123 2264 4208 affigerent
2282 4135 2377 4189 terre·

382 4211 485 4289 Deus,
507 4228 608 4291 quum
630 4207 677 4271 illi
689 4205 886 4271 domicilium
909 4205 946 4269 in
963 4211 1052 4270 terra
1069 4204 1175 4272 adhuc
1192 4205 1358 4273 residuum
1412 4211 1463 4274 nis
1482 4209 1668 4292 elementis:
1699 4207 1755 4274 sed
1783 4219 1819 4272 ut
1839 4210 1991 4292 congruis
2017 4210 2165 4292 aptisque
2187 4209 2377 4274 rudimentis

382 4297 472 4362 lacit:
502 4302 535 4359 et
564 4293 686 4360 victum
714 4290 761 4355 illi
790 4311 831 4354 ex
860 4291 997 4366 cultura,
1020 4293 1168 4374 quamvis
1190 4291 1359 4373 laboriosa,
1412 4295 1524 4370 adiuti,
1536 4315 1666 4361 sursum
1683 4293 1925 4360 contenderent.
1949 4293 2006 4360 Sic
2022 4293 2132 4360 David
2149 4303 2183 4361 et
2193 4295 2377 4370 Ezechias*

384 4381 539 4464 assignat.
583 4378 668 4442 lude
690 4379 777 4442 enim
796 4376 919 4460 colligit
937 4377 1054 4454 Adam,
1078 4377 1221 4460 aliquam
1243 4378 1358 4444 haberi
1412 4380 1576 4464 spirituali
1607 4379 1824 4463 intelligentia
1854 4401 1929 4445 vere
1957 4380 2105 4462 praediti,
2129 4381 2226 4465 longe
2247 4382 2377 4446 aberant

383 4489 403 4532 a
425 4467 568 4532 Domino
590 4485 703 4528 curam
726 4463 791 4538 sui,
818 4483 901 4544 quae
921 4462 1051 4546 paterni
1075 4465 1193 4529 amoris
1216 4466 1359 4531 testimo-
1412 4489 1431 4532 a
1459 4467 1577 4533 crassis
1607 4465 1673 4530 illis
1702 4467 1881 4549 figmentis,
1911 4473 1948 4529 ut
1971 4466 2081 4530 Deum
2109 4465 2179 4530 loco
2201 4467 2378 4552 alligarent.

382 4555 475 4618 nium
498 4559 556 4615 est.
588 4550 639 4612 De
656 4569 760 4631 poena
778 4568 856 4612 vero
873 4547 993 4613 iterum
1006 4549 1115 4614 Moses
1133 4550 1356 4628 concionatur,
1411 4553 1524 4634 Neque
1555 4563 1664 4617 tamon
1692 4549 1843 4615 dubitant
1865 4551 1973 4616 Deum
1995 4571 2112 4616 vocare
2134 4551 2190 4633 qui
2217 4553 2312 4619 sedet
2334 4552 2379 4616 rel

382 4639 438 4705 ubi
461 4641 575 4702 narrat
595 4635 770 4718 expulsum
799 4633 901 4698 luisse
923 4632 1099 4713 hominem,
1122 4642 1155 4699 et
1177 4634 1357 4700 Cherubim
1410 4638 1537 4705 habitat
1565 4639 1652 4703 inter
1673 4636 1862 4714 Cherubim,
1893 4645 1931 4700 ut
1959 4656 1994 4701 se
2024 4648 2056 4701 et
2079 4636 2220 4720 reliquos
2243 4639 2281 4702 in
2304 4639 2379 4722 legis

382 4723 547 4808 oppositos
576 4741 652 4786 cum
677 4719 802 4784 lamina
830 4717 929 4802 gladii
952 4719 1140 4796 versatilis,
1169 4722 1224 4802 qui
1247 4720 1287 4784 ab
1309 4723 1357 4786 in·
1409 4723 1610 4806 paedagogio
1638 4723 1834 4789 contineant.
1894 4720 2045 4804 Denique
2077 4721 2138 4788 hoc
2171 4722 2240 4790 loco
2274 4723 2378 4809 angeli

383 4830 498 4896 gressu
525 4807 614 4872 horti
642 4807 751 4888 ipsum
779 4811 936 4871 arcerent.
988 4805 1077 4869 Dicit
1099 4805 1208 4871 Moses
1235 4807 1356 4872 locatos
1409 4819 1569 4875 vocantur
1601 4809 1715 4873 eadem
1752 4809 1880 4873 ratione
1913 4805 2107 4881 Cherubim,
2139 4827 2203 4892 qua
2235 4811 2379 4894 corporis

382 4896 482 4961 fuisse
494 4891 674 4958 Cherubim
696 4912 716 4956 a
732 4891 829 4974 plaga
850 4889 1018 4956 orientali:
1041 4911 1105 4973 qua
1123 4901 1215 4972 parte
1233 4892 1356 4959 scilicet
1408 4894 1533 4960 Christi
1556 4914 1673 4959 nomen
1692 4893 1880 4959 adsacrum
1898 4913 2017 4959 coenae
2035 4913 2152 4976 panem
2173 4895 2377 4960 transfertur.

383 4979 517 5065 patebat
549 4976 676 5042 homini
709 4998 874 5052 accessus,
917 4976 981 5042 nisi
1015 4975 1199 5059 prohibitus
1231 4978 1353 5044 fuisset.
1407 4979 1504 5061 Quod
1525 4980 1567 5045 ad
1577 4978 1805 5064 etymologiam
1818 4989 1952 5061 spectat,
1970 4999 2012 5043 ne
2023 4980 2108 5044 inter
2119 4979 2290 5047 Hebraeos
2313 4983 2378 5065 qui·

385 5063 528 5131 Additus
538 5063 601 5127 fuit
611 5062 653 5127 ad
670 5070 828 5128 terrorem
847 5061 978 5145 gladius
989 5062 1161 5140 versatilis,
1184 5063 1235 5127 vel
1249 5067 1354 5129 utrin-
1407 5066 1482 5131 dem
1510 5067 1670 5132 convenit.
1721 5063 1843 5148 Opinio
1869 5067 1975 5148 magis
2003 5073 2135 5147 recepta
2164 5079 2230 5145 eat,
2258 5081 2282 5134 :t
2313 5087 2378 5132 csse

383 5173 445 5235 que
479 5159 602 5215 acutus.
666 5147 862 5234 Quanquam
889 5147 998 5213 Moses
1031 5168 1150 5213 nomen
1183 5151 1354 5231 expressit,
1407 5151 1560 5217 servilem
1590 5152 1737 5225 literam,
1764 5159 1797 5214 et
1818 5163 1929 5216 notam
1949 5149 2189 5216 similitudinis:
2213 5152 2288 5218 ideo
2311 5161 2380 5217 tan-

383 5235 469 5319 quod
499 5257 519 5299 a
545 5231 685 5299 candore
721 5232 772 5298 vel
800 5233 916 5299 ardore
943 5233 1118 5299 deductum
1151 5243 1209 5298 est.
1264 5237 1354 5320 Ergo
1406 5238 1542 5303 tundam
1563 5236 1674 5302 valere
1696 5235 1829 5301 Cherub
1851 5257 1889 5302 ac
1911 5237 1939 5302 si
1960 5235 2137 5301 diceretur:
2161 5235 2267 5317 Quasi
2293 5261 2378 5322 puer.

383 5323 476 5388 Deus
487 5321 592 5385 vitam
604 5319 696 5386 Adae
707 5319 896 5397 concedens,
915 5329 949 5384 ct
959 5319 1115 5384 alimenta
1132 5318 1353 5404 suppeditans,
1407 5322 1474 5390 Sed
1502 5323 1578 5406 quia
1602 5330 1766 5406 repugnat
1787 5321 1957 5401 Ezechiel,
1992 5323 2047 5404 qui
2076 5323 2296 5389 communiter
2324 5346 2380 5409 pro
