5000 6208
348 381 411 446 175

346 569 409 636 hoe
426 593 540 637 verum
559 581 608 638 ιιι
629 571 775 656 obsequii
797 575 900 638 nostri
921 575 1192 657 experimentum,
1215 595 1316 658 quum

345 655 438 722 nobis
460 679 523 724 non
551 657 711 741 sapimus,
743 659 799 724 sed
822 660 1056 726 committimus
1083 683 1142 726 nos
1164 661 1315 736 Domino.

346 741 482 822 Quoties
512 764 589 826 erge
618 742 781 826 aliquid-a
802 745 895 811 nobis
916 746 1068 828 requirit,
1097 767 1162 811 non
1189 753 1317 828 oportet

344 849 404 893 nos
426 829 472 892 ιιι
494 826 534 894 de
555 838 675 895 eventu
698 851 769 896 esse
789 830 944 897 sollicitos
966 842 1003 896 ut
1024 840 1131 898 metus
1153 839 1187 896 ιι
1208 833 1317 896 anxie-

345 923 395 978 tas
429 935 591 980 remoram
624 915 716 981 nobis
748 916 906 982 iniiciant.
951 917 1038 983 Nam
1061 919 1168 982 Deum
1198 917 1317 982 clausis

344 1001 445 1064 oculis
465 1001 557 1083 sequi
579 1001 694 1067 ducem
716 1011 867 1084 praestat,
890 1023 988 1085 quam
1010 1004 1184 1084 prudentia
1206 1015 1318 1067 nostre

343 1085 453 1164 fretos,
475 1108 533 1170 per
551 1088 712 1153 flexuosos
732 1087 886 1153 circuitus
904 1087 998 1174 (quos
1015 1089 1072 1153 illa
1090 1089 1183 1154 nobis
1201 1087 1316 1174 finget)

342 1193 461 1237 errare.
506 1171 545 1238 si
566 1173 638 1255 quis
660 1173 790 1238 obiiciat
809 1195 956 1258 pugnare
978 1173 1039 1239 hoc
1061 1195 1135 1239 eum
1157 1175 1318 1258 superiori

341 1261 516 1336 sententia,
536 1258 590 1324 ubi
608 1258 733 1324 dicebat
751 1259 861 1324 Moses
883 1259 1044 1343 profectos
1062 1282 1132 1326 esse
1150 1282 1193 1325 ex
1210 1259 1318 1344 patria

343 1343 477 1408 Therah
499 1353 532 1409 ιι
552 1344 687 1424 Αιιιιι,
705 1356 743 1409 ιι
764 1346 799 1409 in
821 1355 943 1410 terram
965 1345 1125 1411 Chanaan
1148 1347 1317 1412 venirent:

343 1429 448 1495 facilis
474 1438 524 1494 est
548 1430 685 1507 solutio,
715 1431 743 1496 si
772 1431 937 1514 prolepsin
967 1430 1170 1497 admittimus
1192 1432 1227 1494 in
1249 1453 1316 1496 ser-

343 1536 441 1580 mone
461 1515 581 1594 Μιιιι,
604 1515 709 1599 qualis
730 1515 794 1582 hoc
814 1517 886 1599 ipso
908 1517 1013 1600 capite
1034 1518 1182 1601 sequitur
1202 1518 1237 1581 in
1259 1537 1317 1582 no-

342 1602 432 1666 mine
459 1601 596 1666 Bethel:
626 1609 658 1666 et
687 1601 875 1684 frequenter
902 1603 938 1666 in
966 1603 1136 1686 scripturis
1165 1603 1316 1668 occurrit.

343 1686 543 1752 Nesciebant
571 1707 634 1771 quo
660 1687 792 1753 venturi
820 1698 942 1753 essent:
973 1688 1030 1753 sed
1052 1688 1128 1771 quia
1149 1688 1215 1754 illis
1237 1688 1318 1753 deli·

344 1773 495 1838 heretum
517 1784 588 1838 arat
613 1772 728 1839 venire
752 1793 944 1856 quocunque
968 1775 1059 1839 Deus
1082 1783 1222 1851 voearet,
1245 1774 1318 1838 Mo·

344 1879 396 1924 ses
417 1860 452 1923 in
474 1878 613 1942 persona
634 1879 694 1925 sua
715 1859 867 1942 loquens,
896 1869 1018 1924 terram
1041 1860 1205 1937 nominat,
1235 1879 1318 1942 quae

344 1944 491 2010 nondum
524 1944 590 2011 illis
625 1946 756 2028 cognita
784 1951 897 2027 postea
922 1944 1031 2009 Abrae
1059 1947 1219 2029 patefacta
1247 1945 1317 2009 fnit.

343 2029 470 2095 Verum
493 2039 544 2096 est
564 2031 666 2114 igitur
688 2051 726 2095 ιι
756 2030 891 2096 ιιιιιιιι
920 2031 1080 2115 profectos
1100 2042 1139 2096 ut
1168 2032 1318 2096 venirent

343 2116 379 2180 in
413 2125 533 2181 terram
562 2115 737 2183 Obanaan:
771 2115 848 2198 quia
876 2126 1009 2199 accepta
1038 2117 1249 2200 promissione
1279 2116 1318 2180 de

343 2213 433 2267 terra
454 2201 677 2280 monstranda,
700 2202 908 2285 patiebantur
929 2223 964 2267 se
987 2223 1007 2266 a
1028 2202 1093 2266 Dei
1113 2203 1194 2286 regi,
1216 2201 1319 2268 donec

344 2287 430 2370 quod
449 2287 612 2370 pollicitus
627 2287 744 2366 fueret,
766 2309 801 2352 re
812 2288 884 2370 ipsa
894 2296 1085 2372 praestaret.
1122 2288 1319 2370 Quanquam

343 2374 417 2438 fieri
450 2381 556 2457 potest
588 2379 628 2437 ιιι
655 2374 748 2438 Deus
779 2371 916 2455 probato
944 2373 1054 2438 Abrae
1087 2373 1221 2449 affectu,
1251 2394 1319 2438 non

343 2459 448 2524 multo
480 2465 554 2542 post
582 2458 629 2524 illi
662 2458 898 2524 dubitationem
928 2460 1095 2524 exemerit.
1144 2459 1319 2524 Nescimus

343 2545 432 2609 enim
461 2566 525 2628 quo
553 2544 708 2627 temporis
739 2544 876 2610 articulo
907 2545 1088 2610 innotuerit
1110 2544 1139 2608 ei
1168 2543 1253 2628 quod
1277 2543 1318 2609 ad

343 2642 474 2713 tempus
513 2629 674 2695 duntaxat
712 2629 937 2695 absconditum
969 2649 1040 2695 asse
1073 2629 1165 2696 Dens
1201 2631 1317 2695 voluit.

343 2715 436 2782 Satis
468 2726 520 2782 est
551 2716 638 2799 quod
665 2737 700 2781 se
723 2717 796 2781 Deo
829 2736 907 2780 vere
940 2714 1070 2781 obedire
1104 2722 1241 2782 testatus
1268 2726 1319 2781 est

343 2803 485 2868 Abram:
508 2823 609 2884 quum
630 2823 707 2868 suas
728 2805 764 2866 in
786 2802 857 2867 eius
873 2801 1113 2884 providentiam
1130 2821 1225 2868 curas
1244 2801 1318 2866 reii-

344 2889 449 2968 eiens‚
482 2895 516 2952 ιι
538 2888 631 2970 quasi
653 2889 689 2952 in
717 2888 788 2953 eius
816 2887 929 2952 sinum
957 2908 1137 2953 exonerans
1161 2886 1319 2972 quidquid

343 2995 419 3039 eum
440 2971 571 3039 tardare
593 2980 736 3057 poterat,
766 2973 907 3056 patriam
934 2972 1118 3056 relinquere
1140 2993 1207 3038 non
1228 2972 1320 3039 dubi-

343 3063 443 3136 tavit,
483 3059 627 3125 incertus
661 3057 716 3124 ubi
748 3059 881 3124 tandem
913 3060 1041 3124 fixurus
1073 3058 1188 3140 pedem
1223 3068 1317 3124 esset.

344 3145 430 3214 Nem
453 3145 514 3211 hoc
535 3144 630 3210 modo
648 3145 755 3210 carnis
773 3143 949 3228 prudentia
966 3145 1002 3208 in
1020 3143 1169 3209 ordinem
1187 3145 1320 3208 subacta

343 3231 423 3310 fuit,
452 3241 486 3296 et
513 3251 625 3296 omnes
659 3228 758 3297 simul
786 3231 922 3296 affectus
955 3229 1076 3295 domiti.
1122 3229 1244 3311 Quaeri
1271 3246 1319 3294 ιι-

344 3338 421 3383 men
451 3327 557 3400 potest
583 3336 643 3381 eur
664 3315 755 3382 Deus
781 3336 915 3380 servum
942 3336 1038 3381 suum
1066 3315 1174 3398 pot-ius
1196 3315 1231 3380 in
1253 3323 1318 3380 ter-

343 3425 415 3469 ram
438 3403 596 3469 Obanaan
629 3399 836 3467 transtulerit
862 3421 961 3484 quam
995 3402 1029 3465 in
1058 3401 1234 3480 orientem,
1263 3401 1319 3465 ubi

343 3510 419 3556 cum
447 3489 571 3571 aliquot
598 3487 721 3554 sanctis
749 3488 898 3569 patribus
926 3487 1076 3553 victurus
1105 3497 1184 3552 erat.
1237 3486 1319 3568 Qui-

344 3575 419 3640 dam
449 3574 505 3661 (no
532 3573 682 3640 videatur
708 3572 796 3638 faeta
824 3592 895 3638 esse
920 3572 956 3636 in
993 3572 1134 3637 deterius
1166 3570 1318 3658 mutatio)

344 3662 422 3727 illuc
455 3659 630 3726 deductum
663 3658 763 3724 luisse
794 3658 909 3724 volunt
941 3666 979 3722 ut
1010 3677 1084 3722 cnm
1113 3667 1210 3723 atavo
1239 3657 1319 3723 Sem

342 3747 525 3823 habitaret,
552 3766 648 3828 quem
678 3745 748 3826 ipse
776 3743 878 3809 fnisse
896 3742 1115 3809 Melchisedec
1135 3744 1319 3828 imaginan-

1009 385 1379 453 COMMENTARIUS
1402 386 1452 451 IN
1474 385 1688 453 GENESIN.

2280 391 2336 454 176

1369 574 1457 639 nitus
1479 573 1542 640 sibi
1564 577 1759 657 promissum
1784 576 1846 642 fide
1868 577 2035 660 amplexos
2057 597 2136 654 csse,
2160 586 2197 642 nt
2219 579 2337 643 maiore

1370 661 1478 724 animo
1500 659 1540 724 ad
1563 681 1636 726 eam
1659 662 1880 745 occupandam
1901 663 2024 745 posteri
2045 683 2156 728 eornm
2179 685 2214 729 ιι
2237 664 2336 730 ιιιιι-

1370 757 1493 830 gerent.

1456 830 1588 896 Faciem
1609 833 1688 897 teir
1707 838 1825 916 perstem
1845 853 2000 914 mapsam.
2037 833 2207 900 Hactenus
2229 835 2338 900 retulit

1369 917 1479 982 Moses
1502 917 1580 999 quid
1601 919 1706 983 facere
1737 919 1844 984 iussus
1868 921 1966 982 luerit
1988 917 2127 984 Abram:
2157 939 2247 985 nunc
2267 941 2337 1003 pro·

1370 1003 1555 1068 missionem
1585 1004 1732 1069 annectit
1761 1005 1824 1068 Dei
1854 1003 2025 1083 mandato,
2054 1002 2153 1088 idque
2182 1026 2248 1071 non
2276 1006 2338 1071 leri

1370 1087 1409 1151 de
1431 1108 1536 1154 eausa.
1570 1088 1656 1152 Nam
1677 1100 1717 1153 ut
1737 1090 1823 1172 pigri
1845 1111 1957 1154 sumus
1979 1089 2020 1155 ad
2042 1090 2233 1172 parendum,
2256 1091 2339 1157 frus·

1370 1185 1421 1237 ιιι
1442 1175 1641 1255 praeciperet
1660 1175 1838 1254 Dominus,
1860 1175 1925 1240 nisi
1946 1176 2060 1252 simul,
2083 1175 2195 1241 addita
2217 1179 2339 1262 gratiae

1369 1267 1403 1323 ιι
1424 1258 1658 1325 benedictionis
1680 1280 1757 1326 suae
1781 1259 1916 1340 fiducia,
1943 1281 2003 1325 nos
2032 1263 2200 1327 animaret.
2246 1262 2337 1343 Quod

1370 1346 1500 1409 tametsi
1522 1346 1612 1427 prius
1639 1346 1734 1428 attigi
1755 1346 1792 1410 in
1822 1347 1959 1411 historia
1980 1346 2092 1426 Noah,
2122 1369 2189 1412 non
2218 1347 2337 1415 frustra

1368 1451 1457 1496 nnnc
1479 1430 1599 1495 iterum
1617 1430 1753 1497 inculco.
1789 1432 1876 1497 Nam
1898 1430 2006 1498 ethic
2028 1432 2117 1498 locus
2139 1433 2285 1516 postulat
2305 1441 2338 1499 ut

1370 1515 1492 1598 aliquid
1515 1515 1655 1582 dicatur:
1686 1527 1718 1582 ιι
1741 1517 1812 1582 eius
1839 1517 2006 1584 doctrinae
2027 1518 2081 1584 cui
2103 1526 2234 1584 tantum
2256 1520 2338 1585 inest

1370 1601 1506 1682 pondos,
1526 1602 1677 1684 repetitio
1695 1623 1898 1686 supervacua
1918 1603 2024 1669 rideri
2043 1626 2109 1669 non
2121 1604 2225 1670 debet.
2256 1606 2339 1670 Nam

1370 1696 1495 1751 eertum
1518 1697 1567 1752 est
1589 1687 1686 1753 fidem
1709 1709 1776 1753 non
1805 1696 1968 1768 constare,
1997 1690 2061 1754 nisi
2087 1688 2223 1755 fundata
2245 1691 2287 1757 sit
2309 1693 2340 1754 in

1370 1773 1433 1837 Dei
1462 1773 1738 1856 promissionibus.
1790 1775 1893 1857 Atqui
1916 1774 1985 1840 sola
2017 1773 2097 1840 fides
2126 1774 2340 1840 obedientiam

1370 1871 1514 1942 generat.
1559 1859 1648 1943 Ergo
1671 1869 1709 1923 ιιι
1735 1860 1918 1925 formentur
1945 1860 2046 1924 animi
2067 1860 2108 1926 ad
2142 1862 2340 1943 sequendum

1370 1943 1494 2023 Deum,
1525 1965 1588 2009 non
1616 1945 1737 2010 suffieit
1759 1945 1951 2029 simpliciter
1972 1945 2129 2011 mandare
2155 1946 2233 2030 quid
2255 1948 2340 2023 velit,

1370 2029 1434 2094 nisi
1458 2028 1714 2095 benedictionem
1732 2052 1825 2096 suam
1848 2032 1946 2096 simul
1969 2032 2146 2114 promittat.
2191 2033 2341 2098 Notanda

1370 2135 1448 2181 vero
1470 2117 1641 2197 promissio
1664 2125 1721 2196 est,
1744 2115 1830 2199 quud
1852 2118 1980 2181 futurus
2002 2117 2046 2180 sit
2069 2118 2192 2182 Abram
2210 2119 2245 2183 in
2269 2140 2341 2204 gen·

1371 2209 1437 2266 tem
1470 2221 1640 2285 magnam,
1675 2203 1768 2267 cuius
1807 2202 1927 2268 sterilis
1958 2212 2029 2268 erat
2061 2224 2154 2269 uxor.
2213 2205 2340 2270 Poterat

1369 2286 1451 2352 haee
1482 2284 1575 2352 valde
1603 2308 1673 2353 esse
1700 2288 1834 2366 efficax,
1863 2290 1893 2353 si
1920 2287 2012 2353 Deus
2034 2309 2076 2352 ex
2098 2309 2134 2353 ιι
2160 2289 2232 2372 ipsa
2254 2311 2339 2372 spem

1370 2371 1553 2438 obtulisset:
1584 2392 1673 2437 nuno
1694 2393 1774 2438 raro
1796 2395 1898 2456 quum
1920 2374 2032 2438 uxoris
2053 2374 2209 2441 sterilitas
2231 2396 2339 2458 porpe-

1372 2465 1462 2522 tuam
1484 2458 1657 2523 orbitatem
1679 2458 1727 2524 illi
1749 2459 1901 2539 minetur,
1923 2458 2043 2544 frigida
2064 2471 2149 2526 ιιιιι
2166 2460 2256 2526 nuda
2273 2483 2340 2544 pro·

1371 2544 1491 2621 missio,
1510 2543 1575 2609 nisi
1591 2551 1680 2610 totus
1697 2543 1853 2627 penderet
1866 2545 1991 2610 Abram
2008 2565 2050 2609 ex
2069 2567 2126 2610 ore
2144 2545 2227 2612 Dei:
2247 2567 2340 2630 quare

1370 2629 1484 2694 uxoris
1516 2639 1647 2695 uterum
1680 2629 1824 2695 sterilem
1857 2651 2011 2708 cernens,
2039 2630 2077 2694 in
2106 2631 2205 2695 verbo
2235 2643 2340 2697 tamen

1371 2713 1436 2778 Dei
1458 2735 1611 2799 magnam
1634 2725 1764 2800 gentem
1792 2737 1874 2798 qnae
1899 2716 2116 2799 promittitur,
2143 2737 2201 2800 spo
2231 2739 2340 2802 appre-

1371 2798 1495 2865 hendit.
1552 2805 1662 2884 Atque
1700 2801 1787 2867 hane
1825 2803 1967 2885 gratiam
2007 2802 2179 2886 magnifiee
2219 2803 2340 2868 extollit

1370 2885 1494 2952 Iesaias
1524 2885 1581 2966 51,
1610 2887 1631 2950 2
1661 2885 1747 2969 quod
1776 2887 1866 2952 Deus
1904 2907 2039 2952 servum
2075 2909 2172 2953 snum
2211 2890 2338 2964 Abram,

1371 2992 1468 3054 quem
1486 2974 1619 3038 unicum
1638 2982 1670 3037 et
1687 2972 1870 3039 solitarium
1892 2973 2021 3055 reperit,
2045 2993 2103 3038 sua
2122 2971 2339 3040 benedictione

1371 3058 1501 3122 auxerit
1528 3057 1564 3122 in
1592 3067 1719 3122 tantum
1749 3058 1913 3142 populum.
1959 3059 2087 3130 Nomen
2109 3073 2143 3125 ἰι
2166 3081 2267 3142 quum
2290 3060 2338 3124 de-

1370 3143 1521 3208 testabile
1554 3145 1597 3208 sit
1628 3143 1779 3221 Indaeis,
1819 3144 1998 3211 honorifice
2031 3145 2092 3211 hoc
2125 3145 2212 3222 loeo,
2250 3146 2338 3212 sicuti

1371 3228 1484 3294 multis
1502 3229 1591 3307 aliis,
1621 3230 1777 3312 capitur„
1802 3232 1911 3312 Atque
1933 3230 1994 3296 hoe
2016 3230 2201 3314 emphatice
2223 3231 2338 3298 dietum

1371 3325 1429 3393 ιιι,
1452 3313 1536 3396 quod
1556 3336 1623 3379 non
1642 3315 1739 3380 modo
1760 3326 1907 3398 posteros
1929 3337 1972 3381 ex
1990 3336 2048 3381 suo
2070 3316 2195 3382 semine
2217 3317 2336 3383 habitu·

1370 3421 1428 3465 rus
1455 3400 1498 3464 sit
1527 3401 1563 3464 in
1593 3421 1713 3484 magno
1743 3420 1896 3466 numero:
1931 3401 1989 3466 sed
2017 3401 2216 3484 peculiarem
2243 3414 2274 3468 ιι
2301 3402 2335 3466 ab

1370 3485 1458 3585 aliis·
1476 3497 1683 3570 segregatum
1716 3486 1889 3571 populum,
1922 3487 1979 3569 qui
2010 3497 2183 3554 censeatur
2214 3489 2336 3572 proprio

1370 3591 1511 3636 nomine.

1457 3658 1486 3721 2.
1510 3655 1699 3722 Benedieom
1726 3657 1791 3723 titi.
1836 3657 1910 3724 Hoc
1939 3657 2049 3741 aliqua
2070 3679 2111 3722 ex
2139 3672 2232 3742 parte
2253 3655 2334 3723 addi·

1371 3749 1443 3807 tum
1465 3752 1516 3808 est
1537 3741 1579 3807 ad
1601 3743 1836 3825 expositionem
1864 3746 2033 3826 proximae
2062 3744 2250 3810 sententiae.
2291 3742 2335 3808 Ne

344 3843 408 3897 tur.
453 3831 557 3914 Atqui
585 3830 720 3895 minime
750 3829 942 3912 quadraret,
970 3829 999 3896 si
1026 3830 1092 3895 tale
1121 3829 1236 3895 inisset
1254 3829 1320 3895 Dei
1371 3829 1460 3893 enim
1482 3827 1631 3910 desperet
1653 3828 1788 3907 Abram,
1801 3828 2063 3894 'benedictionem
2082 3851 2175 3894 suam
2196 3829 2336 3913 proponit

343 3917 536 3996 consilium,
560 3916 684 3982 Abram
705 3914 769 3980 alio
791 3915 855 3980 iter
882 3915 1028 3980 flexisse:
1062 3915 1128 3980 imo
1150 3936 1217 3980 non
1239 3916 1320 3998 legi·
1371 3911 1474 3994 Deus,
1495 3933 1580 3996 quae
1597 3917 1672 3996 plus
1690 3914 1848 3981 miraculo
1871 3916 1998 3981 efficere
2018 3924 2148 3997 poterat
2167 3936 2264 3998 quam
2284 3935 2336 3979 ne·

346 4025 421 4069 mue
442 4022 653 4084 congressum
675 4001 775 4067 fuisse
797 4022 872 4066 cnm
896 4000 1128 4079 Melchisedec,
1154 4000 1219 4066 nisi
1241 4002 1320 4066 dum
1372 4000 1522 4065 tursliter
1543 3999 1579 4064 in
1601 3999 1674 4064 aliis
1695 4000 1769 4064 fieri
1790 4001 1945 4066 cernitur.
1980 4000 2099 4065 Latios
2121 4011 2232 4067 tamen
2255 4009 2335 4084 patet

346 4089 474 4155 redibat
496 4110 536 4153 ex
565 4085 756 4152 sodomitico
783 4085 915 4170 praelio.
961 4084 1068 4166 Quam
1098 4107 1176 4152 vero
1202 4087 1321 4152 frivola
1373 4086 1454 4152 haee
1482 4084 1664 4150 benedictio
1686 4086 1847 4169 quemad
1870 4086 2028 4154 sobolem:
2057 4107 2175 4170 nempe
2197 4099 2235 4152 ut
2253 4107 2335 4170 pros·

344 4177 390 4242 sit
417 4195 531 4240 eorum
560 4171 735 4249 divinatio,
763 4171 848 4257 quod
870 4171 1089 4238 Melchisedec
1115 4171 1213 4236 fuerit
1232 4171 1320 4252 Sem,
1373 4192 1466 4254 peres
1498 4183 1532 4235 st
1562 4171 1664 4236 laetos
1697 4173 1731 4234 in
1764 4173 1916 4238 omnibus
1944 4173 2013 4237 suis
2054 4173 2195 4256 negotiis
2226 4173 2335 4238 habeat

347 4284 407 4328 suo
439 4261 508 4325 loeo
542 4257 734 4325 videbimus.
779 4257 876 4339 Quod
905 4279 982 4324 vero
1009 4256 1059 4321 ad
1083 4278 1153 4322 rem
1185 4257 1225 4324 ds
1257 4279 1322 4341 qua
1373 4276 1551 4323 successus.
1589 4255 1685 4337 Quod
1703 4278 1744 4321 ex
1761 4257 1913 4339 sequenti
1930 4266 2086 4324 contextu
2104 4267 2204 4340 patet,
2221 4257 2337 4342 Mopsi·

347 4369 436 4414 nune
463 4347 571 4430 agitur
600 4352 740 4428 spectat,
768 4344 867 4426 longe
896 4341 987 4408 aliud
1009 4343 1108 4408 fuisse
1130 4342 1194 4409 Dei
1215 4344 1320 4409 consi·
1371 4343 1467 4424 fieelm
1488 4363 1597 4407 ιιιιιιι
1618 4348 1715 4419 tuum,
1737 4348 1772 4407 ut
1792 4345 1839 4409 sis
1860 4343 2034 4408 benedictio.
2079 4343 2235 4411 Felicitas
2256 4344 2335 4408 enim

348 4436 429 4498 lium
457 4451 555 4515 quam
578 4439 713 4514 putent,
746 4452 788 4494 ex
816 4429 884 4496 fine
913 4429 970 4513 qui
998 4429 1130 4494 tandem
1163 4438 1321 4511 sequutus
1373 4428 1584 4511 promittitur,
1607 4448 1690 4511 quae
1711 4448 1824 4494 omnes
1843 4430 1965 4511 passim
1984 4426 2200 4496 admiratione
2218 4429 2336 4505 afficiat,

346 4532 399 4585 ιιι
437 4518 610 4601 colligitur.
674 4515 802 4581 Gentes
833 4516 910 4580 illae
946 4523 1081 4599 propter
1120 4514 1321 4599 deploratam
1373 4523 1412 4579 nt
1445 4515 1504 4580 sibi
1539 4514 1647 4580 Abrae
1680 4534 1852 4598 personam
1884 4515 1920 4579 in
1952 4515 2094 4580 formula
2125 4514 2337 4588 benedicendi,

348 4605 506 4670 malitiam
535 4603 636 4667 exitio
665 4602 802 4667 devotae
831 4608 935 4666 erant.
980 4600 1095 4665 Voluit
1115 4602 1210 4666 Deus
1234 4601 1322 4666 inter
1373 4600 1466 4683 quasi
1486 4600 1654 4682 exemplar
1681 4610 1823 4665 sumant.
1868 4599 1937 4665 Alii
1965 4599 2136 4665 resolvunt
2156 4603 2191 4666 in
2214 4600 2337 4667 adiecti·

348 4712 403 4756 eas
426 4710 559 4755 servum
580 4708 675 4753 sunm
698 4688 739 4753 ad
762 4695 891 4770 tempus
912 4687 1130 4770 peregrinari,
1154 4695 1193 4751 ut
1214 4694 1322 4751 terrae
1374 4707 1466 4750 vum:
1497 4685 1574 4750 Eris
1593 4684 1784 4764 benedictio,
1803 4684 1837 4750 id
1855 4695 1913 4764 est,
1932 4706 2045 4751 omnes
2065 4687 2259 4753 benedicent
2275 4685 2336 4750 tibi.

348 4775 584 4843 haereditatem
615 4772 681 4838 fide
712 4787 874 4851 cerneret,
909 4773 1002 4839 euius
1034 4773 1194 4856 possessio
1224 4773 1322 4856 longo
1374 4770 1441 4837 Sed
1464 4772 1553 4853 prior
1579 4792 1693 4836 sensus
1719 4772 1825 4855 magis
1853 4771 2014 4838 convenit.
2059 4772 2220 4838 Nonnulli
2248 4773 2338 4838 etiam

345 4863 480 4927 demum
509 4871 654 4941 tempore
675 4871 749 4942 post
770 4860 841 4924 sius
870 4868 1009 4924 mortem
1039 4869 1185 4942 posteros
1209 4880 1322 4923 mano·
1374 4857 1479 4923 active
1501 4865 1686 4940 exponunt,
1716 4875 1754 4922 ιι
1774 4857 1803 4922 ιι
1826 4856 1949 4922 dictum
1970 4868 2072 4935 esset,
2095 4857 2172 4922 Non
2196 4857 2338 4925 residebit

349 4952 414 5014 bat.
467 4944 578 5026 Quare
606 4966 672 5010 non
701 4945 765 5010 alia
791 4945 831 5010 de
864 4964 962 5011 eausa
990 4943 1141 5010 traiicere
1168 4945 1204 5009 in
1231 4943 1322 5009 illam
1374 4944 1408 5007 in
1431 4953 1463 5007 ιι
1484 4955 1558 5008 mea
1575 4944 1689 5026 gratia,
1712 4949 1751 5006 nt
1771 4963 1810 5008 ea
1827 4944 1915 5009 solus
1936 4943 2064 5023 fruaris,
2083 4943 2140 5009 sed
2162 4944 2256 5028 longe
2275 4962 2337 5006 ma-

350 5047 474 5098 terram
503 5032 610 5096 iussus
642 5042 708 5108 est,
737 5031 800 5097 nisi
829 5031 907 5114 quia
935 5029 1123 5096 evacuanda
1152 5037 1224 5095 erat
1256 5031 1322 5094 suis
1375 5029 1465 5094 nabit
1486 5030 1520 5092 in
1544 5049 1657 5093 omnes
1677 5037 1802 5112 gentes.
1848 5026 1904 5095 Sic
1929 5029 2033 5113 igitur
2054 5049 2128 5094 eam
2149 5050 2235 5095 nnnc
2259 5024 2337 5111 apud

351 5118 529 5202 indigenis,
580 5125 617 5181 ut
659 5116 776 5182 semini
819 5118 889 5182 eius
939 5115 1071 5182 daretur
1119 5115 1321 5198 possidenda.
1375 5125 1407 5179 te
1437 5115 1562 5198 depono
1597 5123 1634 5178 ut
1668 5113 1830 5178 redundat
1863 5115 1898 5178 in
1932 5122 2036 5179 totum
2061 5113 2228 5181 mnndum.
2277 5111 2336 5180 Sed

353 5205 468 5289 Magni
496 5212 606 5267 autem
627 5201 785 5279 interluit,
815 5200 948 5280 Abram,
969 5200 1072 5280 Ιιιιι,
1102 5214 1135 5265 ιι
1164 5201 1259 5268 Iacob
1288 5201 1323 5265 in
1375 5199 1521 5265 nondum
1551 5200 1592 5264 ad
1621 5201 1718 5264 istam
1746 5201 2072 5266 communicationem
2094 5200 2187 5268 Deus
2215 5220 2337 5286 progre-

352 5291 409 5356 illa
429 5301 518 5355 terra
539 5287 638 5353 luisse
659 5287 852 5369 inquilinos,
875 5297 909 5352 et
930 5288 1001 5352 cius
1030 5285 1209 5352 dominium
1240 5286 1323 5352 divi·
1376 5285 1483 5363 ditur,
1507 5294 1544 5350 nt
1566 5305 1644 5351 mox
1668 5285 1784 5352 dicam.
