4988 6192
363 409 429 480 563
1020 411 1391 480 COMMENTARIUS
1413 412 1464 480 IN
1485 413 1698 481 Genusus.
2300 407 2359 474 564

363 597 576 666 tabernaeula
596 599 697 682 figere
724 599 831 666 lioeat.
876 597 1027 666 Vaouum
1050 599 1138 664 enim
1161 600 1267 666 looum
1289 601 1337 666 illi
1390 601 1492 665 temni
1514 600 1567 667 rel
1590 601 1680 668 reiiei
1702 601 1856 685 permitit,
1879 608 1916 667 ut
1937 599 1979 666 ab
2000 599 2071 666 eiua
2093 599 2246 666 sordibus
2267 597 2356 663 liberi

363 684 527 768 assignari
556 685 717 767 oportuit,
748 707 791 752 ne
824 684 1047 750 tumultuandi
1079 706 1192 750 ansam
1221 686 1338 752 ineolis
1390 696 1424 752 et
1441 685 1556 767 soluti,
1579 687 1787 754 sanotitatem
1815 688 1969 754 oolamus.
2013 685 2164 769 Denique
2193 705 2263 750 non
2280 683 2357 766 pati·

364 770 466 848 daret,
488 767 621 834 illorum
643 791 765 854 pasena
787 772 838 835 vel
864 792 960 870 agros
982 791 1153 854 oeeupans.
1197 771 1234 836 In
1261 793 1337 838 ean·
1389 779 1445 838 tur
1462 793 1522 839 uos
1540 772 1661 857 illigari
1674 781 1781 840 terrae
1799 773 1946 852 vinealis,
1961 779 1998 836 ut
2015 773 2050 838 in
2068 771 2193 838 eoelum
2206 771 2354 836 feramur.

361 855 714 1007 ttttm'ltttt
728 855 1087 1026 eblbuffl¹⁰0ffllll¹t2
1105 858 1338 1010 lttttt

362 1036 494 1093 sanatus
516 1037 627 1111 patres
645 1049 712 1092 non
729 1028 830 1094 luisse
847 1027 1001 1094 humanis
1020 1029 1191 1094 affectibus
1209 1039 1336 1096 exutas.
1712 1029 1863 1098 OAPUT
1884 1028 2032 1096 XLVII.

362 1112 556 1180 Tenendum
579 1121 688 1179 autem
710 1121 771 1190 est,
793 1112 869 1180 lieet
891 1133 933 1180 ax
955 1114 1049 1180 bonis
1070 1115 1238 1198 prinoipiis
1260 1137 1336 1182 nas-

360 1209 480 1266 aantur
508 1199 662 1277 effeetus,
690 1219 819 1283 semper
840 1207 950 1265 tamen
979 1221 1021 1265 ex
1045 1202 1152 1266 oarnis
1173 1201 1335 1284 intempe·
1475 1201 1503 1266 1.
1538 1199 1582 1266 la
1606 1201 1690 1266 uenit
1717 1200 1846 1283 Ioseph,
1877 1207 1904 1267 et
1930 1200 2092 1268 nunciavit
2122 1195 2304 1276 Pharaoni,
2329 1205 2354 1266 et

361 1285 470 1352 mutia
491 1284 613 1368 aliquid
635 1284 708 1349 vitii
729 1285 939 1351 contrahere:
964 1286 1171 1369 maximeque
1195 1286 1256 1354 hoe
1277 1287 1336 1352 ha·
1386 1286 1488 1352 dieit:
1512 1285 1607 1351 Pater
1628 1307 1730 1366 meua
1752 1293 1780 1354 et
1799 1288 1916 1370 fratres
1936 1288 2014 1364 rner',
2037 1286 2215 1367 dpeardes
2244 1305 2353 1366 eorum,

360 1370 438 1436 bere
461 1370 627 1450 vitiosum,
647 1370 732 1452 quod
753 1371 886 1436 modum
905 1392 1033 1454 semper
1050 1371 1229 1439 exoedunt:
1248 1372 1337 1440 unde
1387 1371 1522 1439 dboaes
1544 1392 1665 1452 anun,
1685 1378 1714 1438 et
1742 1375 1849 1438 annia
1869 1393 1948 1455 quae
1975 1377 2066 1438 erant
2093 1371 2153 1450 eis,
2176 1378 2354 1438 eumue

361 1456 508 1540 sequitur
526 1477 594 1520 non
612 1455 914 1540 tollendospenitus
931 1457 1079 1536 esse,sed
1096 1458 1334 1542 temperandas.
1386 1462 1471 1523 terra
1495 1457 1660 1524 Chenaan:
1681 1463 1710 1524 et
1731 1479 1810 1537 ecee,
1839 1464 1914 1524 sunt
1940 1459 1976 1523 in
1996 1463 2081 1524 terra
2106 1457 2217 1524 Gosen.
2264 1458 2295 1523 2.
2316 1457 2354 1524 a

447 1542 498 1607 31.
522 1541 566 1606 Ει
582 1541 736 1608 nunciabo
755 1541 854 1608 Phar.
888 1542 1066 1626 Postquam
1084 1543 1218 1610 honoris
1237 1564 1336 1612 ausa
1386 1543 1423 1608 de
1444 1545 1589 1610 extremis
1605 1543 1760 1626 fratribrrs
1781 1545 1850 1610 suis
1871 1545 1950 1626 oepit
1971 1544 2107 1626 quinque
2126 1542 2227 1617 airas,
2249 1549 2279 1608 et
2294 1550 2353 1610 sle·

360 1627 490 1694 obviam
528 1627 612 1711 patri
642 1649 700 1693 suo
727 1626 849 1710 prodiit
877 1628 1011 1712 Ioseph,
1042 1629 1178 1695 utilitati
1207 1651 1335 1714 quoque
1385 1629 1445 1694 tuit
1465 1649 1514 1694 eos
1536 1635 1607 1696 aute
1631 1630 1837 1696 Pharaonena
1882 1630 1913 1696 3.
1949 1629 2038 1694 Tune
2062 1629 2146 1694 aaa
2169 1628 2298 1694 Pharao
2318 1633 2355 1696 ad

360 1715 431 1780 eius
459 1713 626 1798 prospieit.
670 1713 757 1778 Nam
784 1711 858 1778 ideo
887 1714 1058 1780 eonsilium
1088 1715 1158 1796 dat,
1186 1725 1224 1781 ut
1246 1738 1281 1782 se
1302 1725 1336 1782 et
1383 1715 1504 1797 fratres
1524 1715 1606 1781 eiua
1630 1716 1716 1798 Quae
1735 1721 1809 1781 sunt
1828 1736 1923 1797 opera
1938 1715 2069 1781 uestra?
2092 1713 2137 1778 Et
2153 1715 2302 1781 diruunt
2317 1719 2355 1783 ad

360 1821 474 1866 omues
497 1820 573 1866 suos
596 1799 683 1865 dieat
704 1819 775 1865 esee
797 1800 980 1882 peauarios,
1003 1800 1088 1883 quod
1111 1801 1218 1868 laeum
1242 1802 1335 1870 habi·
1389 1799 1601 1867 Pharaonem:
1621 1801 1769 1867 Pastores
1790 1803 1894 1868 mum
1915 1806 1988 1868 sunl
2004 1801 2086 1866 serui
2106 1801 2162 1878 tui,
2181 1800 2278 1866 etiam
2294 1823 2352 1881 raas,

360 1885 452 1952 tandi
478 1906 597 1969 aroge
618 1885 773 1968 impetret
799 1887 832 1952 in
856 1895 945 1952 terra
966 1886 1087 1952 Gosen.
1138 1886 1334 1970 Quanquam
1385 1887 1481 1952 etiam
1496 1893 1607 1967 patres
1623 1888 1731 1952 nostri.
1775 1887 1805 1952 4.
1837 1887 1881 1953 at
1901 1887 2051 1954 danunt
2076 1886 2119 1950 ad
2142 1885 2354 1953 Pharaonem:
2454 1913 2455 1970 ι

359 1980 469 2038 autem
498 1970 579 2037 haee
607 1971 811 2038 rontinentia
839 1970 935 2037 laude
965 1971 1064 2056 digna
1092 1980 1158 2050 est,
1187 1973 1272 2056 quod
1300 1975 1335 2040 in
1394 1971 1433 2038 Ut
1454 1974 1730 2056 paeprinaremur
1755 1973 1792 2038 in
1818 1971 1876 2038 baa
1903 1971 2170 2052 terramtenus,
2192 1973 2271 2052 quia
2299 1994 2353 2039 uon

358 2057 498 2142 privatis
528 2055 707 2122 eommodis
734 2057 818 2122 nihil
847 2057 909 2123 sibi
937 2057 1067 2140 imperii
1097 2069 1246 2142 usurpat,
1277 2059 1334 2126 sed
1386 2063 1431 2122 est
1456 2077 1614 2139 pascum
1640 2059 1814 2140 manditur
1841 2079 1921 2140 quae
1948 2063 2020 2124 sunt
2047 2059 2149 2122 servis
2176 2059 2256 2122 wis:
2285 2081 2353 2142 pra·

359 2144 496 2228 perinde
524 2162 562 2208 aa
583 2143 612 2207 si
634 2163 721 2208 unus
750 2150 834 2209 esset
857 2142 1004 2208 emedio
1030 2144 1140 2226 plebe,
1163 2145 1250 2229 regis
1272 2169 1333 2210 nu·
1385 2143 1435 2208 eis
1463 2145 1546 2208 enirn
1579 2143 1681 2225 fames
1711 2149 1754 2210 est
1782 2145 1817 2209 in
1843 2149 1930 2210 terra
1959 2143 2121 2210 Gtenaan:
2149 2163 2232 2210 nuna
2263 2145 2353 2227 ipilur

359 2236 432 2295 tum
464 2237 650 2311 exspeatat:
684 2227 816 2294 ridetur
847 2237 955 2294 tamen
979 2229 1095 2295 eallide
1127 2239 1334 2312 praetextum
1385 2228 1521 2294 habiant
1542 2249 1656 2310 quaeso
1679 2230 1762 2296 saal
1783 2229 1831 2294 tui
1852 2229 1887 2295 in
1907 2235 1991 2296 terra
2015 2229 2125 2294 Gosen.
2158 2228 2189 2294 b.
2212 2228 2258 2294 Et
2279 2231 2354 2295 diait

358 2315 571 2393 comminisci,
584 2335 647 2397 quo
664 2334 776 2398 regem
799 2313 1045 2382 airaumveniat.
1078 2315 1240 2382 Videmus
1256 2317 1334 2400 quid
1388 2314 1519 2382 Pharao
1540 2313 1583 2381 ad
1605 2315 1732 2399 Ioseph,
1762 2315 1903 2393 dioatdo,
1919 2319 2012 2396 pater
2033 2319 2106 2380 neus
2127 2319 2155 2378 et
2175 2315 2294 2396 fratres
2312 2317 2353 2380 tui

358 2401 508 2484 oupierit,
527 2420 627 2483 quum
645 2400 804 2465 laeaundn
826 2409 911 2468 esset
928 2401 1141 2467 terraGosen
1162 2410 1196 2468 et
1217 2404 1334 2485 opimis
1384 2405 1532 2466 amaru
1560 2401 1602 2468 ad
1623 2407 1659 2467 te.
1705 2403 1735 2466 6.
1767 2401 1870 2466 Terra
1898 2401 2032 2484 Aepyplr'
2060 2419 2164 2466 earam
2189 2405 2217 2465 te
2244 2406 2303 2479 est,
2325 2403 2353 2465 in

358 2487 490 2571 pasouis
512 2485 641 2564 nobilis,
661 2505 699 2550 ea
720 2484 934 2552 eommoditas
954 2485 1063 2552 illexit
1085 2489 1156 2553 eius
1177 2489 1332 2566 animum,
1386 2487 1499 2568 optimo
1519 2491 1620 2552 terrae
1640 2486 1736 2553 huus
1757 2486 1900 2552 babitare
1918 2487 1972 2568 fao
1987 2491 2113 2567 patrm
2129 2491 2228 2564 tuum,
2246 2491 2274 2551 et
2294 2487 2352 2567 fra

358 2581 398 2638 ut
419 2573 487 2638 illie
509 2580 637 2656 patrem
660 2571 766 2638 leoare
785 2571 901 2638 vellet:
924 2593 1012 2638 nuno
1035 2593 1114 2638 vero
1137 2582 1243 2640 terrae
1264 2575 1335 2658 pin·
1386 2577 1449 2638 tres
1469 2577 1553 2650 tuos,
1584 2572 1721 2638 habibat
1748 2574 1784 2637 r'n
1804 2577 1889 2637 terra
1912 2572 2023 2638 Garat.
2067 2570 2162 2638 Etsi
2184 2573 2352 2655 mannonis

359 2656 536 2744 guedinem
559 2657 777 2733 dissimulans,
801 2656 901 2723 alium
923 2657 1071 2723 obtendit
1088 2659 1238 2726 oolorem.
1283 2661 1335 2726 Ia·
1386 2659 1468 2741 quad
1488 2659 1552 2724 sint
1572 2659 1653 2724 inter
1681 2677 1732 2723 eos
1751 2657 1815 2723 viri
1835 2657 1967 2733 robusti.
1990 2677 2090 2738 pones
2111 2678 2162 2723 eas
2186 2658 2352 2740 praeimus

358 2743 418 2812 oab
440 2765 514 2812 oum
538 2745 606 2809 suis
623 2743 703 2808 filiis
725 2742 901 2810 reieetitioe
925 2763 995 2810 esse
1013 2742 1176 2825 homines,
1198 2745 1335 2829 ideoque
1380 2763 1528 2824 pannem
1548 2763 1645 2826 asper
1664 2765 1701 2810 ea
1722 2763 1802 2826 was
1822 2748 1897 2808 sunt
1915 2742 2005 2810 milri.
2035 2743 2064 2809 l.
2091 2743 2205 2810 Postea
2226 2743 2352 2810 addunt

359 2850 523 2897 secessum
554 2850 727 2913 quaerere,
756 2829 793 2894 in
822 2849 886 2912 que
915 2849 1063 2896 seorsum
1091 2831 1132 2897 ab
1160 2832 1335 2917 Aegyptiis
1387 2829 1499 2911 Ioseph
1525 2831 1630 2911 ipsum
1658 2828 1792 2896 laboral>
1813 2833 1939 2909 patrna
1962 2849 2069 2906 mum,
2098 2834 2127 2894 et
2151 2831 2264 2896 statuit
2289 2848 2352 2894 eun

359 2917 520 2982 habitent.
566 2913 633 2982 Sed
666 2914 785 2981 solutio
817 2915 916 2980 huius
948 2914 1027 2980 nodi
1059 2937 1127 2982 non
1156 2917 1332 2984 admodum
1385 2935 1489 2980 onam
1513 2914 1688 2995 Pharaone,
1711 2913 1906 2980 dsalutaoit
1928 2913 2063 2982 Iabawb
2084 2917 2192 2996 ipsum
2216 2914 2350 2980 Pharao

360 3001 503 3068 diffieilis
532 3009 590 3067 est.
635 3001 721 3084 Regi
750 3001 839 3065 enim
867 3001 948 3066 satis
975 3021 1136 3085 superque
1165 3015 1242 3068 nota
1263 3012 1334 3070 erat
1384 3020 1463 3066 narn.
1497 3001 1526 3066 8.
1549 3000 1595 3066 Et
1615 3001 1697 3067 auu
1712 3000 1841 3066 Pbaraa
1864 3001 1906 3066 ed
1923 3000 2074 3066 Iabaoob:
2099 3001 2179 3082 Quat
2197 3005 2272 3066 aurel
2292 3002 2352 3066 dies

359 3087 512 3154 fertilitas
540 3095 648 3152 terrae
670 3087 799 3164 Gosen,
821 3095 860 3152 ut
881 3085 991 3152 fraudi
1021 3087 1071 3152 vel
1102 3089 1242 3155 astutiae
1265 3109 1333 3154 nou
1385 3106 1540 3154 annarum
1560 3088 1642 3154 uitae
1663 3087 1760 3152 tuae?
1792 3087 1822 3152 9.
1845 3085 1889 3150 Et
1904 3086 1988 3153 aas
2005 3086 2139 3153 Iabaaab
2160 3087 2204 3152 ad
2217 3083 2351 3152 Pharon

359 3173 461 3240 fuerit
494 3173 584 3238 loeus
618 3171 668 3259 (ut
703 3191 800 3256 saepe
836 3193 930 3256 reges
958 3171 1057 3238 nimis
1086 3175 1209 3256 profusi
1245 3183 1330 3252 sunt,
1384 3192 1470 3238 nem:
1501 3171 1582 3238 Dies
1613 3193 1767 3238 annorum
1792 3173 2084 3254 pereprinationum
2114 3191 2260 3238 arearum
2286 3175 2352 3238 eunt

359 3258 527 3341 multaque
549 3259 648 3324 stulte
670 3256 869 3340 dilapidant,
893 3257 969 3340 quia
990 3258 1142 3324 neeeiunt
1163 3260 1241 3344 quid
1270 3261 1333 3324 lar·
1384 3258 1516 3341 tripina
1541 3263 1569 3323 et
1596 3263 1713 3323 eentum
1734 3259 1826 3324 anni:
1850 3259 1949 3338 panai
1975 3263 2002 3322 et
2029 3258 2108 3324 mali
2131 3259 2264 3341 suerunt
2288 3258 2348 3322 dies

359 3343 507 3430 giantur)
528 3345 596 3409 imo
618 3345 749 3409 Pharao
772 3353 889 3426 sponte
910 3365 976 3409 nou
1001 3345 1189 3426 petentibus
1207 3346 1332 3412 detule-
1384 3363 1540 3408 antinum
1558 3344 1640 3409 uitae
1661 3363 1760 3423 meae,
1782 3347 1890 3409 elnon
1915 3345 2082 3426 αιιίφινιιιι
2102 3344 2170 3410 dies
2198 3362 2347 3410 annana

358 3439 411 3498 rat
433 3433 592 3513 optimum
616 3439 651 3494 et
667 3429 899 3496 electissimum
916 3429 953 3492 in
975 3450 1075 3512 regno
1092 3431 1210 3498 looum.
1240 3431 1334 3498 Haeo
1382 3430 1464 3494 ailae
1479 3435 1611 3509 patrum
1631 3449 1769 3494 meorum
1789 3430 1825 3494 in
1844 3429 1952 3496 diebus
1966 3431 2256 3512 pereprr'nationum
2278 3449 2346 3494 nra·

357 3518 470 3602 itaque
497 3517 567 3582 aius
599 3515 731 3600 largitio
761 3513 872 3581 dolose
905 3537 971 3580 nou
1003 3515 1067 3582 fuit
1099 3516 1222 3584 elieita:
1257 3519 1334 3601 quia
1383 3535 1462 3580 rum.
1507 3515 1558 3580 10.
1581 3515 1625 3579 Et
1645 3515 1795 3581 selueru
1811 3509 1949 3582 labaeob
1969 3516 2074 3597 baum
2098 3514 2347 3592 Pharasmane

357 3604 501 3670 liberum
523 3604 554 3669 ei
575 3601 641 3667 luit
670 3601 844 3668 aestimare
866 3600 944 3684 quid
967 3600 1068 3666 daret.
1103 3603 1148 3668 Et
1170 3612 1258 3669 eerte
1280 3603 1333 3668 Io·
1383 3619 1525 3684 opressus
1541 3607 1587 3666 est
1606 3623 1628 3666 a
1646 3601 1727 3682 faeie
1744 3600 1937 3666 Pharaonis.
1983 3601 2033 3666 11.
2057 3599 2101 3666 Et
2121 3601 2301 3683 babitaret
2332 3601 2337 3612 '

359 3691 441 3775 seph
464 3699 502 3755 ιιι
530 3688 677 3754 modeste
706 3695 834 3772 egeret,
858 3707 989 3754 neeesse
1011 3687 1126 3752 habuit
1155 3688 1216 3756 hou
1238 3709 1334 3772 pree-
1385 3685 1498 3768 Iasepb
1514 3692 1640 3770 patrem
1660 3707 1753 3751 arum
1774 3691 1802 3751 et
1818 3687 1935 3768 fratres
1956 3706 2040 3766 usos,
2062 3693 2090 3752 et
2111 3687 2197 3754 dedit
2217 3688 2265 3752 eis
2281 3705 2346 3770 pos·

360 3784 454 3844 textu
476 3776 714 3842 habitationem
736 3774 772 3839 in
794 3781 883 3838 terra
905 3773 1018 3839 Gosen
1040 3783 1160 3856 petere.
1206 3775 1332 3841 Absur·
1383 3774 1550 3854 sessionem
1570 3774 1606 3837 r'n
1626 3778 1711 3838 terra
1733 3771 1867 3856 Aepypti
1888 3773 1924 3838 in
1944 3773 2059 3856 optima
2080 3778 2191 3850 terrae,
2214 3773 2249 3838 in
2269 3777 2346 3838 terra

360 3863 439 3930 dum
461 3863 549 3928 enim
579 3861 704 3939 fuisset,
726 3859 777 3924 vel
806 3858 923 3924 saltem
952 3859 1050 3924 nimis
1077 3861 1251 3939 rustiaum,
1273 3861 1333 3926 ho-
1384 3857 1593 3934 Rabamuses,
1622 3858 1880 3940 quenadmodum
1902 3863 2104 3940 praeceperat
2127 3858 2266 3924 Pbaraa.
2301 3854 2344 3922 12.

359 3951 467 4016 mines
495 3947 665 4024 obseuros,
688 3952 722 4010 et
743 3965 846 4012 novos
867 3944 1061 4028 inquilinos,
1084 3946 1194 4011 sedem
1216 3947 1253 4012 iu
1275 3967 1332 4030 op·
1384 3943 1427 4008 Et
1448 3943 1527 4008 aluit
1550 3943 1665 4026 Ioseph
1682 3949 1807 4028 petrem
1827 3963 1929 4022 suum,
1952 3949 1980 4010 et
1998 3944 2116 4027 fratres
2135 3964 2220 4022 suos,
2241 3949 2271 4010 et
2290 3962 2347 4008 aar·

357 4039 438 4103 timo
461 4042 495 4102 et
523 4030 785 4100 commodissimo
812 4030 883 4097 loeo
905 4031 967 4097 sibi
988 4039 1109 4114 petere,
1139 4033 1232 4116 quasi
1260 4033 1332 4098 iure
1382 4049 1452 4094 narn
1478 4031 1604 4096 domum
1627 4031 1736 4110 pann
1760 4031 1936 4110 enipeus,
1964 4049 2062 4110 usque
2089 4031 2133 4096 ad
2161 4049 2196 4096 os
2212 4028 2347 4110 paraui.

357 4123 394 4188 in
415 4124 504 4205 ipsos
527 4124 725 4201 eampoteret
744 4118 842 4199 optio.
889 4115 958 4184 Suo
975 4118 1076 4202 igitur
1098 4124 1131 4182 et
1152 4118 1254 4201 patris
1275 4138 1334 4201 pu·
1384 4115 1434 4182 13.
1464 4115 1510 4180 At
1531 4117 1633 4196 panis
1659 4135 1720 4180 non
1747 4120 1816 4180 erat
1842 4115 1877 4180 iu
1904 4115 1989 4180 omni
2010 4120 2110 4182 terra:
2135 4117 2247 4198 pravis
2273 4115 2348 4181 enin

359 4209 431 4275 dori
453 4215 491 4273 ut
507 4202 795 4285 oonsulatIaseph‚
815 4223 946 4268 eausam
965 4203 1064 4269 aliam
1086 4202 1228 4283 edduoit,
1250 4225 1333 4288 quae
1382 4204 1484 4284 fames
1504 4207 1573 4267 erat
1592 4200 1696 4278 ualde,
1720 4205 1748 4264 et
1772 4201 1912 4284 donauit
1938 4206 2023 4266 terra
2044 4203 2197 4286 Aepyptr',
2221 4206 2251 4264 et
2270 4205 2348 4264 terra

280 4296 282 4301 ’
358 4293 497 4380 perinde
516 4310 596 4357 vera
617 4299 696 4355 erat.
736 4289 944 4372 Numquam
967 4309 987 4353 a
1008 4297 1174 4371 pastorum
1198 4310 1333 4356 oonsue·
1385 4286 1810 4368 cananaeorum.
1846 4287 1896 4352 14.
1919 4286 1964 4352 Et
1978 4286 2095 4370 eollepit
2106 4285 2220 4368 Ioseph
2237 4303 2349 4350 omnen

359 4381 472 4447 tudine
501 4377 700 4443 abhorreant
728 4373 894 4460 Aegyptii,
922 4395 1032 4459 regem
1062 4373 1216 4440 admonet
1245 4397 1332 4442 oom-
1378 4373 1547 4456 pannum
1568 4393 1647 4454 quae
1668 4373 1791 4438 noenta
1811 4377 1857 4438 est
1878 4374 1912 4438 in
1932 4377 2018 4438 terra
2043 4371 2191 4440 Clima
2211 4391 2273 4454 pro
2294 4369 2347 4434 ali·

358 4465 494 4534 modum
516 4462 584 4529 illia
606 4462 674 4526 lore
702 4481 876 4527 seeessum.
920 4460 961 4524 In
989 4481 1027 4526 eo
1046 4461 1137 4526 nulla
1159 4469 1209 4529 est
1231 4462 1332 4526 simu·
1383 4463 1481 4524 menta
1502 4461 1583 4540 quod
1603 4459 1668 4540 ipsi
1692 4457 1843 4536 mant,
1866 4463 1894 4526 et
1915 4459 2023 4528 intulit
2051 4457 2167 4540 Ioseph
2188 4457 2349 4539 perunum

358 4553 449 4630 latio,
462 4549 539 4633 quia
556 4545 634 4612 alibi
652 4566 816 4630 nusquam
834 4546 982 4630 quietum
998 4545 1178 4630 hospitium
1190 4548 1331 4630 patebat.
1382 4546 1418 4610 in
1440 4545 1566 4610 domum
1588 4543 1778 4610 Pearaonu.
1819 4544 1871 4611 15.
1893 4543 1938 4610 Itt
1957 4549 2139 4626 aarum
2159 4549 2204 4609 est
2220 4540 2368 4625 paeana,

359 4639 535 4706 Caeterum
561 4633 692 4698 tametsi
719 4632 842 4698 sanetis
871 4632 1020 4715 patribus
1048 4631 1168 4698 durum
1194 4633 1260 4699 fuit
1286 4634 1334 4698 ita
1383 4635 1508 4696 eterra
1529 4630 1678 4714 Aepypti,
1701 4635 1765 4696 ete
1792 4633 1876 4696 terra
1901 4629 2066 4696 Obenoan:
2092 4635 2120 4696 et
2145 4631 2228 4696 vend
2256 4627 2349 4694 aare

358 4724 513 4809 probrose
542 4720 647 4797 reiioi,
670 4726 705 4784 et
732 4718 826 4802 quasi
853 4718 975 4784 foetere
1003 4719 1065 4784 toti
1086 4718 1224 4804 populo,
1252 4719 1333 4786 haee
1383 4716 1547 4800 Aepyptus
1567 4717 1610 4782 ad
1632 4715 1753 4797 Ioseph,
1774 4715 1919 4783 dicenda:
1940 4715 1997 4782 Da
2017 4715 2105 4782 nobis
2122 4735 2255 4798 ponam
2275 4715 2349 4779 etat

359 4823 472 4876 tamen
488 4805 677 4889 ignominia,
695 4825 759 4888 qua
780 4803 886 4868 notati
908 4811 995 4883 sunt,
1016 4807 1159 4870 maxime
1175 4805 1241 4871 illis
1259 4825 1333 4888 pro·
1382 4803 1461 4886 quid
1480 4803 1650 4870 mnianur
1670 4821 1774 4868 mam
1795 4802 1847 4866 te?
1875 4802 1985 4884 defend
2010 4803 2093 4866 anun
2117 4801 2264 4882 manna.
2304 4797 2346 4861 16.

358 4895 431 4962 fuit.
474 4893 562 4959 Nam
591 4890 766 4976 Aegyptiis
794 4889 959 4972 permixti,
990 4889 1053 4958 huo
1081 4891 1160 4957 illuo
1190 4889 1333 4974 dispergi
1387 4889 1475 4954 Tune
1495 4889 1579 4954 diait
1601 4886 1728 4968 Ioseph:
1749 4887 1834 4952 Date
1848 4888 1985 4969 peoudes
2006 4892 2135 4965 oenum,
2158 4892 2187 4952 et
2205 4885 2287 4952 deba
2306 4901 2349 4948 oo·

358 4988 525 5067 poterant:
555 4996 644 5043 nuno
673 4977 751 5060 quia
780 4975 989 5042 detestabiles
1018 4986 1113 5056 sunt,
1142 4982 1176 5043 et
1203 4976 1332 5061 indigni
1382 4973 1431 5040 tie
1447 4973 1889 5056 monasteriensem
1909 4973 2016 5055 &seat
2040 4973 2183 5054 peamia.
2229 4972 2281 5036 17.
2312 4965 2349 5032 a

358 5075 554 5153 reputantur
574 5063 744 5131 eommuni
772 5060 1023 5141 eonsuetudine,
1044 5062 1079 5127 in
1107 5062 1168 5129 hoe
1190 5061 1333 5130 divortio
1383 5060 1581 5126 adduxerant
1596 5060 1735 5141 prouder
1750 5080 1828 5126 suas
1845 5061 1887 5126 ad
1899 5059 2022 5142 Ioseph,
2039 5063 2067 5124 et
2082 5059 2170 5126 dedit
2185 5058 2232 5123 eis
2243 5052 2349 5135 lusui

358 5162 508 5219 mutuam
530 5151 617 5216 inter
639 5171 674 5215 se
692 5148 854 5215 unitatem
876 5148 995 5213 melius
1012 5147 1135 5223 fovent,
1158 5167 1220 5214 neo
1241 5148 1335 5215 disei-
1377 5165 1495 5229 panem
1517 5165 1580 5226 pra
1609 5146 1712 5227 equa,
1740 5151 1844 5226 etpra
1863 5165 1953 5229 prepe
1975 5145 2141 5226 paudum
2163 5149 2190 5208 et
2213 5162 2277 5223 pro
2302 5159 2347 5204 ar·

358 5248 457 5324 patur
486 5237 642 5304 eaolesiae
672 5255 807 5317 eorpus,
836 5232 922 5317 quod
949 5233 1042 5299 Deus
1072 5255 1092 5300 a
1112 5241 1181 5299 tote
1209 5233 1333 5299 munde
1383 5237 1482 5298 mna
1497 5231 1596 5310 bourn,
1618 5236 1646 5298 et
1661 5250 1724 5312 pro
1744 5230 1856 5310 asinis,
1877 5233 1905 5296 et
1924 5232 2108 5298 ειιιιοιιιαιιιι
2127 5249 2179 5296 eos
2193 5247 2279 5310 pane
2294 5241 2348 5308 pro

357 5331 597 5411 segregaverat.
629 5321 688 5388 Sia
704 5318 870 5386 Dominus
891 5340 987 5402 saepe
1004 5339 1095 5385 nasa
1115 5319 1239 5386 mundo
1256 5341 1333 5388 ean·
1384 5317 1524 5384 mnitibus
1542 5317 1687 5403 uatus
1707 5316 1837 5383 illartnn
1853 5337 1935 5383 anno
1950 5317 2030 5399 ipso.
2065 5317 2115 5382 18.
2135 5313 2269 5380 Finibus
2284 5327 2346 5376 vero
