4988 6192
110 429 165 501 ³81
745 421 1115 496 COMMENTARIUS
1137 423 1185 488 IN
1207 423 1422 494 GENESIN.
2025 436 2088 504 382

111 623 163 689 illa
188 619 368 686 conveniat:
403 616 550 686 Simnlee
581 618 779 704 ingemuerit
810 616 976 700 peccator,
1004 621 1065 681 ete.
1119 611 1283 680 residebat
1311 615 1345 680 in
1368 613 1462 681 Iacob
1490 614 1588 699 plena
1617 615 1781 702 solidaque
1803 617 1868 686 Dei
1896 622 2019 706 gratie,
2052 633 2092 692 ut

151 705 231 773 ιιοιι.
265 703 315 783 18,
347 702 413 791 21).
468 703 599 771 Deinde
629 723 694 769 non
727 701 858 768 videtur
886 719 1067 786 congruere
1119 697 1211 764 nulla
1232 708 1319 766 esset
1348 710 1442 766 extra
1471 701 1541 768 cius
1570 702 1703 770 domum
1730 703 1875 772 felicitas.
1924 705 2035 789 Quare
2062 710 2090 776 si

111 708 168 859 Mei
188 789 392 869 clementiae,
422 791 556 857 reiicere
578 807 693 856 eorum
714 787 859 872 gemitus
892 787 947 870 qui
968 785 1066 852 mise-
1119 781 1181 848 sibi
1204 783 1285 851 bene
1307 805 1378 852 esse
1400 788 1534 869 optabat
1555 788 1662 867 Esau,
1692 811 1733 855 ex
1762 789 1819 856 illo
1847 790 1937 857 iente
1957 794 2092 861 haurire

111 880 154 945 ria
183 895 240 942 eea
267 875 362 942 irecti
401 874 443 940 ad
472 877 543 942 eius
572 871 828 941 misericordiam
861 872 1066 956 confugiunt.
1120 866 1240 948 debuit,
1274 891 1374 955 seque
1395 872 1504 955 potius
1526 873 1619 938 iretri
1642 874 1799 942 subiicere
1821 897 1918 960 quem
1941 878 2093 947 abdicare

111 960 308 1046 Respondeo,
337 961 580 1045 poenitentiam,
610 959 756 1027 simodo
779 977 856 1024 vera
878 957 1067 1024 sitacsin·
1120 955 1245 1021 aieliei
1267 957 1340 1022 ιιιιι
1360 958 1527 1024 consortio.
1572 959 1704 1026 Mavult
1723 970 1832 1032 tamen
1853 963 1975 1046 privari
1994 966 2090 1049 spiri·

111 1068 190 1132 cere,
217 1047 482 1131 intempestivam
511 1065 682 1130 nunqnam
714 1045 798 1122 fore,
828 1043 908 1128 quin
935 1042 1066 1110 veniam
1120 1040 1200 1105 tnali
1222 1041 1344 1126 gratia,
1372 1042 1469 1108 modo
1500 1045 1666 1128 proprium
1697 1045 1819 1130 aliquid
1842 1059 1873 1112 et
1902 1063 2089 1134 separatum

111 1135 253 1216 impetret
275 1146 422 1216 peccator
452 1132 505 1216 qni
535 1132 597 1198 sibi
619 1153 661 1196 ex
684 1131 792 1196 animo
814 1127 981 1213 displicet:
1011 1126 1067 1193 sed
1120 1126 1298 1209 possideat,
1331 1148 1428 1211 qnam
1458 1127 1545 1194 domi
1575 1151 1646 1198 esse
1673 1131 1817 1202 inferior.
1865 1132 1962 1216 Quod
1989 1137 2091 1204 unica

111 1219 164 1284 hoc
184 1236 308 1302 quoque
328 1216 424 1283 modo
445 1217 570 1304 gratiae
592 1235 671 1283 suae
688 1223 911 1298 contemptum
924 1213 1069 1279 vindieat
1121 1222 1207 1277 esset
1239 1211 1429 1293 benedictio,
1461 1234 1526 1297 qua
1558 1216 1660 1283 irater
1685 1216 1784 1284 Iacob
1817 1217 1921 1285 divini
1949 1220 2089 1290 foederis

110 1303 202 1382 Deus,
224 1302 310 1386 quod
324 1303 359 1368 iu
381 1304 527 1369 animam
550 1301 635 1368 serio
656 1321 721 1368 non
743 1299 906 1366 inducunt
928 1299 969 1364 ad
991 1317 1067 1364 enm
1120 1296 1236 1363 haeres
1263 1309 1470 1383 nuncupatus
1497 1301 1621 1382 iuerat,
1647 1303 1751 1369 latere
1777 1324 1851 1370 eum
1881 1326 1947 1370 non
1970 1311 2085 1390 potuit,

110 1388 222 1454 reverti
239 1389 294 1472 qui
316 1387 480 1454 obstinate
500 1385 715 1472 repudiarunt
735 1386 808 1453 eius
829 1386 979 1472 gretiam.
1014 1382 1068 1448 Ite
1120 1382 1263 1466 quotidie
1286 1385 1374 1450 enim
1401 1386 1651 1454 concionabatur
1671 1387 1765 1456 Isaac
1790 1389 1830 1454 de
1853 1391 2010 1477 singulari
2032 1392 2087 1459 illo

110 1475 144 1540 fit
173 1481 209 1538 ιιι
233 1475 269 1539 in
297 1473 473 1557 reprobum
505 1493 638 1540 sensum
672 1470 754 1552 deti,
787 1491 956 1554 nunqnam
989 1487 1068 1536 vera
1120 1469 1292 1554 privilegio
1314 1490 1377 1554 qno
1399 1469 1491 1538 Dens
1513 1472 1682 1540 Abraham
1704 1483 1737 1540 et
1758 1475 1830 1541 eius
1850 1485 1996 1559 posteros
2018 1478 2088 1564 dig-

110 1559 298 1643 peenitentia
318 1568 512 1644 tangantur:
547 1566 721 1644 erumpent
741 1555 873 1642 quidem
902 1557 936 1620 in
962 1556 1068 1640 lacry-
1120 1563 1220 1621 natus
1238 1555 1354 1622 iuerat.
1408 1556 1477 1623 Nee
1499 1564 1568 1623 tam
1592 1560 1740 1644 graviter
1771 1561 1869 1644 paulo
1898 1573 1975 1629 ente
2007 1585 2085 1630 cou-

108 1665 173 1710 mes
197 1643 404 1730 hypocritae,
436 1644 532 1711 sicuti
560 1644 637 1710 feeit
664 1644 772 1727 Esau,
805 1642 860 1709 sed
889 1663 946 1708 eor
977 1641 1068 1708 intus
1121 1649 1255 1722 questus
1276 1650 1377 1718 esset,
1409 1642 1473 1709 nisi
1502 1645 1658 1710 sensisset
1678 1646 1924 1730 incomparabili
1946 1649 2031 1716 bono
2053 1671 2088 1718 se

110 1731 194 1813 qnasi
220 1730 335 1797 ferreis
362 1731 511 1797 vectibus
541 1729 743 1797 obstructum
769 1727 923 1794 manebit.
976 1726 1068 1810 Ergo
1120 1725 1220 1792 irrisae
1239 1728 1416 1812 privatum.
1451 1728 1542 1814 Ergo
1562 1729 1604 1795 ab
1627 1731 1724 1798 unica
1744 1731 1966 1800 benedictione
1985 1735 2087 1803 disee·

107 1835 199 1900 qunm
216 1815 282 1882 fide
296 1827 329 1883 et
341 1816 542 1900 poenitentia
552 1814 718 1883 vacuusad
730 1813 904 1899 petendam
916 1810 1068 1880 benedic·
1121 1810 1216 1896 dens,
1248 1811 1376 1897 oblique
1411 1804 1483 1880 Deo
1515 1817 1695 1895 renunciet,
1731 1823 1765 1882 et
1796 1837 1831 1884 se
1864 1817 1904 1884 ab
1934 1819 2089 1889 emlesiae

106 1901 221 1966 tionem
236 1902 327 1968 Esau
341 1909 541 1985 prorumpet,
561 1901 644 1966 nihil
661 1901 783 1967 mirum
797 1909 847 1965 est
866 1898 895 1964 ιι
911 1898 1067 1965 reiicitur.
1120 1918 1254 1982 corpore
1276 1897 1449 1976 rescindit,
1475 1908 1601 1966 tantum
1624 1901 1777 1969 caducam
1800 1902 1887 1970 hano
1908 1905 2010 1972 vitem
2032 1928 2089 1973 cn·

184 1985 343 2076 362Vere
362 1992 502 2088 vocabere
521 1992 694 2088 ιιιιιοιιιιιι
714 1986 783 2052 aaa
805 1983 948 2085 Iebeoob.
966 1983 1068 2086 'Hine
1121 2004 1208 2084 rens.
1244 1984 1345 2068 Atqui
1366 1985 1468 2086 seties
1490 1987 1519 2050 ei
1541 1985 1657 2053 fuisset
1678 2007 1787 2054 rerum
1809 1991 1956 2056 omnium
1978 1992 2089 2076 inopia

106 2072 640 2243 sititultffittiu,
654 2093 728 2223 tl·
777 2077 1069 2240 ..Mittit
1120 2068 2088 2245 luidberthi„lintzuiltitit‘tuttu

105 2241 185 2327 cipit.
229 2244 333 2328 Atqui
354 2244 484 2309 initium
507 2243 726 2328 poenitentiae
748 2249 807 2322 est,
830 2240 922 2308 dolor
935 2262 976 2308 ex
994 2261 1068 2325 pec·
1120 2240 1249 2307 delitiis.
1300 2240 1397 2323 Quod
1418 2253 1530 2327 postea
1552 2244 1706 2326 sequitur,
1732 2245 1841 2330 ipsum
1861 2247 1991 2314 flevisse
2013 2270 2086 2316 oum

104 2338 169 2393 cato
190 2339 430 2412 concepisset
451 2328 855 2414 suiipsiusdispliecntia.
899 2325 1069 2393 Debuerat
1119 2325 1259 2408 eiulatu,
1299 2347 1415 2393 saevae
1451 2349 1489 2395 ae
1521 2330 1679 2413 superbae
1716 2329 1949 2416 indignationis
1982 2337 2087 2435 magis

102 2412 135 2477 in
151 2434 185 2479 se
206 2412 405 2481 descendere
418 2415 517 2496 Esau,
540 2426 579 2480 nt
599 2435 680 2483 suns
701 2423 786 2481 esset
807 2413 916 2479 iudex.
939 2413 1067 2480 Primo·
1119 2432 1216 2496 quam
1246 2413 1466 2496 poenitentiae
1497 2413 1626 2499 signnm
1654 2425 1721 2482 est:
1750 2435 1855 2502 neqee
1880 2418 1967 2484 enim
1991 2421 2084 2504 qnid·

102 2499 250 2582 genitura
274 2499 415 2579 vendite,
437 2501 530 2583 quasi
552 2500 723 2568 famelicus
755 2499 863 2576 canis,
897 2497 938 2563 ad
967 2498 1067 2564 offam
1118 2516 1218 2582 qnam
1236 2498 1408 2565 remiserat
1424 2519 1465 2564 ex
1483 2519 1540 2565 sna
1559 2499 1689 2585 ferocia,
1710 2501 1767 2569 sed
1789 2503 1956 2584 fremebat,
1974 2526 2086 2588 qnem-

101 2593 130 2648 et
157 2587 361 2670 pulmentem
390 2586 631 2670 provolaverat:
662 2607 750 2653 nuno
794 2585 863 2650 ussi
885 2583 970 2650 nibil
991 2603 1065 2668 pec-
1118 2582 1293 2649 admodum
1315 2584 1420 2651 solent
1447 2588 1555 2652 truces
1586 2586 1717 2653 bestiae.
1764 2586 1820 2655 sio
1844 2589 1954 2673 impii,
1984 2611 2086 2676 quum

101 2673 235 2751 caverit,
270 2680 400 2737 tantum
434 2672 527 2737 fratri
562 2672 725 2740 irascitur.
811 2669 905 2737 einde
933 2667 1067 2755 siquid
1117 2690 1139 2734 ιι
1180 2677 1215 2734 et
1242 2689 1298 2735 eos
1324 2690 1446 2754 poena,
1478 2670 1617 2738 salntem
1650 2693 1741 2739 suant
1772 2675 1924 2741 amissam
1959 2675 2084 2760 lugent,

99 2755 251 2838 ponderis
279 2755 379 2823 babet
405 2755 603 2836 benedictio,
631 2778 778 2827 cernon
805 2756 974 2840 expendit,
999 2775 1065 2821 non
1116 2775 1151 2821 se
1194 2755 1321 2822 interce
1343 2777 1411 2823 non
1433 2756 1590 2824 desinunt
1611 2758 1672 2825 sibi
1694 2759 1822 2842 placere
1844 2761 1879 2824 in
1897 2763 1964 2828 suis
1980 2762 2068 2829 vitiis

100 2841 165 2907 sola
190 2842 336 2910 hominis
363 2841 491 2914 frande.
520 2842 577 2909 sed
601 2842 666 2910 Dei
695 2840 903 2927 providentia
933 2861 967 2908 se
989 2841 1066 2907 inde
1118 2840 1262 2924 adeoquo
1283 2861 1349 2906 non
1371 2840 1539 2926 adspirent
1560 2865 1601 2909 ex
1632 2845 1741 2910 animo
1764 2843 1805 2910 ed
1824 2846 1888 2911 Dei
1913 2847 2083 2928 iustitiam,

101 2925 193 2994 fnisse
215 2927 415 3012 depulsum?
459 2926 618 2996 Videmus
648 2951 726 3014 ergo
756 2939 793 2995 ut
814 2928 950 3013 palpans
971 2929 1065 3012 qnasi
1117 2935 1155 2992 ut
1174 2927 1284 3010 potius
1306 2929 1439 3012 cupient
1454 2930 1652 2996 exstinctum
1670 2951 1740 2997 esse
1753 2932 1823 2996 eius
1845 2953 1972 2998 nomen.
1995 2933 2085 3000 Malis

98 3031 210 3080 caecus
231 3015 268 3079 ιιι
290 3013 434 3080 tenebris
455 3015 544 3081 viam
565 3035 631 3082 non
654 3023 772 3081 ιιιιιιι.
1117 3019 1168 3078 ιιι
1189 3014 1224 3076 in
1246 3013 1326 3096 ipsis
1347 3014 1460 3080 inferis
1481 3013 1602 3081 stridor
1623 3015 1785 3097 dentium,
1814 3023 1848 3082 et
1875 3019 1988 3098 fletus,
2018 3040 2083 3086 nen

179 3098 234 3165 37.
258 3098 347 3179 Eme,
369 3099 542 3167 Dorticum
556 3101 654 3182 poert
673 3101 766 3168 allatu
787 3100 852 3166 tibi.
908 3100 1065 3183 Apertins
1117 3098 1172 3180 qni
1195 3099 1348 3182 reprobos
1371 3098 1413 3164 ed
1430 3098 1539 3166 Deum
1561 3101 1781 3186 quaerendum
1803 3103 2002 3183 exstimulat,
2026 3105 2081 3171 sed

98 3185 269 3253 confirmet
289 3185 383 3254 Isaac
413 3185 499 3268 quod
528 3186 619 3270 prius
648 3185 725 3266 dixi,
752 3205 854 3269 quum
884 3194 980 3251 autor
1008 3185 1063 3251 be·
1116 3192 1247 3250 tentum
1269 3185 1373 3250 caecis
1394 3189 1566 3252 tormentis
1588 3207 1644 3252 eos
1665 3188 1822 3254 conficiat.

97 3267 290 3336 nedictionis
312 3271 355 3336 sit
383 3271 492 3350 Deus,
523 3272 652 3338 irritem
684 3273 756 3337 fieri
790 3292 854 3338 uon
883 3290 979 3354 posse
1009 3270 1063 3336 rel
1201 3269 1252 3335 39.
1276 3269 1659 3356 Eceedepiopuedieibue
1678 3277 1786 3340 terroe.
1829 3273 1992 3358 Impetrat
2009 3284 2084 3342 ten·

95 3354 278 3422 evanidam.
322 3355 436 3440 Neque
457 3357 546 3423 enim
568 3357 622 3424 hic
643 3357 816 3443 magnifiee
844 3357 944 3422 iactet
970 3376 1063 3423 suam
1115 3353 1188 3422 dem
1222 3355 1312 3422 Ιιιιιι
1345 3355 1430 3438 quod
1464 3357 1565 3441 petiit.
1620 3357 1705 3424 Nam
1739 3381 1774 3426 ec
1806 3360 2083 3446 primogeniturae

96 3439 307 3524 dignitatem:
339 3441 394 3508 sed
425 3442 515 3509 iutra
539 3443 684 3509 ministri
710 3444 792 3509 lines
814 3463 851 3509 ee
873 3461 1064 3508 mensuram
1113 3441 1219 3526 meda
1241 3449 1274 3507 et
1291 3440 1413 3508 bonore
1430 3441 1591 3510 deiectum
1604 3441 1729 3527 videns,
1747 3445 1864 3511 meluit
1883 3457 2082 3514 extrasene·

93 3545 128 3591 se
148 3527 332 3605 continens,
355 3527 417 3593 sibi
437 3527 576 3595 liberum
598 3551 669 3596 esse
686 3527 970 3614 negatquidquam
991 3549 1063 3593 mu·
1113 3539 1187 3592 tum
1213 3527 1369 3611 populum
1399 3527 1462 3595 sibi
1489 3547 1644 3614 prospero
1673 3551 1745 3596 esse
1776 3531 1810 3594 in
1835 3530 1956 3597 mundo
1985 3553 2081 3614 quam

93 3617 171 3678 tare.
215 3611 356 3696 Semper
378 3614 463 3679 enim
487 3623 617 3698 reputat
639 3613 857 3698 quadrarum
880 3620 938 3692 est,
961 3633 1064 3697 qnnm
1113 3613 1225 3679 subire
1252 3614 1387 3679 minoris
1415 3613 1524 3682 fratris
1557 3617 1680 3696 iugum.
1725 3615 1793 3682 Sed
1819 3615 1950 3682 videtur
1971 3638 2082 3682 secum

92 3696 156 3762 Dei
176 3718 353 3782 personam
376 3698 578 3780 sustinuerit,
599 3698 745 3767 sibinen
764 3699 862 3766 licere
884 3699 971 3764 ultra
1011 3719 1063 3765 ro-
1113 3719 1261 3784 pugnere
1282 3698 1391 3777 Isaeo,
1421 3701 1478 3782 qui
1508 3721 1626 3766 novam
1656 3701 1911 3768 benedictionem
1941 3702 2081 3785 profert:

91 3783 183 3866 gredi
205 3803 306 3868 quam
329 3786 411 3849 ieret
438 3784 638 3851 mandatum.
682 3785 772 3851 Hinc
799 3785 922 3852 scilicet
950 3720 1063 3850 dederit
1113 3804 1215 3869 quum
1238 3795 1314 3849 ente
1336 3795 1475 3851 testatae
1503 3787 1548 3851 ιιι
1568 3807 1604 3852 ιι
1630 3786 1758 3853 dedisse
1780 3787 1847 3853 lilio
1868 3786 1966 3854 Iacob
1989 3786 2081 3872 quid-

90 3867 178 3934 Eseu
198 3869 327 3936 discere
348 3868 434 3936 unde
455 3870 629 3938 excidisset
650 3871 830 3955 sesculpa,
853 3879 891 3936 ut
907 3871 1062 3937 rehumi-
1113 3868 1192 3954 quid
1213 3868 1298 3954 apud
1321 3891 1357 3935 ιι
1379 3881 1449 3936 eret
1471 3869 1663 3955 depositum.
1695 3872 1901 3956 Respondeo,
1921 3871 2008 3938 idem
2019 3872 2081 3940 hoe

92 3953 197 4034 lieret,
223 3955 379 4038 fratrique
400 3976 460 4021 suo
482 3957 589 4040 potius
612 3978 647 4024 se
668 3957 877 4042 adiungeret,
910 3956 1060 4024 benedie-
1112 3957 1182 4022 loco
1204 3955 1311 4020 notari
1329 3955 1411 4040 quod
1430 3956 1521 4040 prius
1539 3956 1580 4023 de
1598 3957 1734 4024 Ismeele
1757 3958 1877 4025 dietum
1896 3967 1954 4025 est.
1995 3958 2081 4024 Nam

91 4039 191 4106 tionis
214 4041 286 4107 eius
307 4041 471 4126 particeps
491 4040 623 4108 iuturus
645 4043 787 4110 secundo
817 4041 935 4126 gradu,
962 4062 1060 4125 qnam
1112 4042 1204 4107 Deus
1226 4038 1311 4125 qnod
1329 4040 1370 4106 ad
1391 4051 1596 4126 praesentem
1619 4044 1719 4110 vitam
1741 4051 1882 4127 spectat,
1903 4043 2081 4111 exaudiens

90 4135 126 4189 ut
148 4126 194 4191 ali
220 4126 278 4193 uid
300 4147 445 4194 seorsum
468 4137 643 4211 appeteret.
689 4127 755 4196 Sed
778 4150 880 4212 prere
901 4129 1060 4212 cupiditas
1112 4127 1265 4195 Abrabae
1287 4147 1415 4210 preces,
1437 4148 1513 4193 mox
1543 4137 1654 4194 tamen
1681 4128 1789 4194 addita
1818 4131 2007 4213 exceptione
2029 4150 2080 4196 re·

89 4229 162 4276 eum
187 4213 326 4296 eripit,
355 4229 392 4279 ut
418 4215 510 4297 regni
539 4213 602 4279 Dei
631 4212 751 4280 oblitus
780 4215 908 4281 nonnisi
932 4215 1062 4297 private
1112 4213 1255 4297 stringit,
1273 4213 1358 4295 quod
1372 4214 1407 4279 in
1420 4212 1510 4280 Isaac
1528 4222 1637 4280 tamen
1657 4215 1838 4282 vocandum
1857 4224 1942 4281 esset
1959 4235 2079 4281 semen.

88 4315 149 4362 sue
178 4297 352 4365 commoda
376 4307 518 4365 sectetur
546 4319 584 4365 ne
611 4309 712 4367 curet
762 4300 889 4366 Iterum
918 4299 1060 4365 notanda
1111 4300 1181 4364 Nee
1213 4320 1292 4363 vero
1322 4298 1435 4364 dubito
1463 4300 1543 4382 quin
1573 4311 1705 4367 sanctus
1733 4302 1784 4367 vir
1811 4321 1948 4367 cernens
1975 4301 2079 4368 lilium

88 4392 137 4447 eet
166 4383 318 4468 loquutio
351 4403 416 4467 qna
451 4405 528 4451 snae
562 4383 780 4452 benedictioni
812 4385 906 4452 Isaeo
938 4397 1060 4450 certam
1110 4383 1377 4451 minoremleeob
1397 4384 1554 4451 divinitus
1572 4384 1757 4451 ordinatum
1775 4407 1844 4452 esse
1861 4385 1976 4452 beatae
1994 4389 2080 4454 vitae

87 4467 155 4532 rim
180 4479 217 4535 et
237 4469 389 4536 effectum
412 4472 536 4551 asserit,
559 4492 597 4538 eo
618 4473 646 4538 si
667 4469 701 4537 in
720 4471 881 4539 eiusvoee
899 4471 1062 4538 inclusum
1111 4469 1284 4536 haeredem
1313 4479 1449 4536 conatus
1478 4471 1519 4536 sit
1552 4471 1804 4555 primogenitum
1834 4472 1925 4537 Esau
1952 4473 1985 4537 in
2015 4473 2079 4537 ira-

84 4552 207 4621 inisset
228 4555 414 4639 imperium,
436 4553 595 4621 frumenti
624 4558 753 4624 etvini
782 4559 888 4642 copia,
919 4557 1061 4640 adeoque
1112 4567 1224 4622 ternae
1256 4555 1417 4622 societatis
1450 4557 1581 4622 vinculo
1614 4559 1769 4633 retinere,
1804 4565 1842 4623 nt
1872 4556 1914 4623 ab
1945 4556 2079 4624 ecelesia

85 4640 246 4725 quidquid
268 4639 422 4708 Abrabae
443 4642 535 4710 Deus
556 4643 758 4727 promiserat.
791 4642 849 4710 Sic
869 4643 955 4709 enim
969 4643 1060 4709 Deus
1111 4654 1287 4723 sanctoque
1319 4649 1353 4706 et
1380 4641 1482 4708 eleeto
1513 4663 1613 4726 grege
1646 4663 1710 4708 non
1743 4641 1932 4710 discederet.
1982 4643 2079 4709 Nune

85 4745 105 4787 a
127 4745 165 4792 se
188 4746 258 4793 nno
279 4726 421 4811 pendere
444 4729 515 4795 vult
536 4729 664 4811 fideles,
693 4738 731 4794 nt
759 4737 868 4794 temen
890 4747 1004 4795 secure
1026 4727 1060 4793 in
1112 4728 1166 4794 ubi
1185 4727 1275 4791 videt
1291 4726 1502 4810 pertinaciter
1519 4727 1626 4811 ipsum
1644 4729 1707 4794 elio
1724 4726 1867 4809 tendere,
1884 4729 2079 4812 pronunciat

82 4811 230 4878 verbnm
269 4813 476 4895 recumbant,
516 4814 604 4898 quod
641 4815 707 4881 illis
745 4815 935 4881 annunciari
970 4813 1061 4880 iubet
1112 4813 1217 4897 qualis
1245 4813 1356 4877 futura
1377 4814 1420 4878 sit
1441 4814 1513 4879 eius
1539 4812 1690 4881 conditio.
1732 4813 1870 4879 Interim
1898 4814 2078 4898 spiritualis

81 4893 261 4964 hominum
273 4899 395 4982 lingue.
428 4898 486 4966 Sic
496 4901 661 4968 remittere
680 4908 810 4984 peccata
823 4898 985 4976 dicuntur,
1004 4900 1058 4984 qni
1112 4898 1292 4964 benedictio
1314 4919 1414 4982 penes
1435 4919 1538 4964 unum
1561 4898 1659 4966 Iacob
1679 4901 1809 4985 integra
1830 4898 1951 4965 residet
1971 4901 2023 4967 eui
2042 4921 2077 4966 se

82 4993 222 5048 tantum
243 4986 405 5068 gratuitae
423 4987 539 5051 veniae
566 4987 675 5053 nuncii
696 4994 774 5052 sunt
795 5005 834 5051 ae
855 4986 1057 5070 interpretes.
1111 4984 1289 5068 adiungere
1307 4984 1396 5049 llsau
1419 5003 1581 5060 recusans,
1601 4997 1716 5068 sponte
1733 5007 1753 5051 a
1771 5006 1872 5070 regno
1892 4983 1956 5051 Dei
1979 5007 2075 5052 exsu-

173 5069 228 5136 38.
253 5068 419 5152 Numquid
448 5069 614 5138 baeticae
638 5091 703 5136 uua
724 5070 873 5137 esttibi?
917 5068 1059 5136 Videtur
1110 5070 1164 5134 lat.
1208 5069 1349 5134 Videtur
1379 5085 1488 5135 temen
1518 5070 1594 5137 huie
1620 5071 1777 5138 vaticinio
1806 5071 1963 5154 refragari
1989 5070 2075 5154 quod

80 5155 237 5219 animum
279 5156 431 5240 colligere
463 5156 569 5234 Esau,
608 5157 665 5224 sed
704 5155 890 5240 posthabita
929 5157 1058 5221 enimse
1109 5155 1188 5221 dicit
1209 5153 1391 5221 Malachiae
1415 5157 1451 5233 1,
1480 5155 1510 5222 3.
1556 5156 1640 5223 Nam
1674 5156 1755 5224 duos
1781 5159 1898 5223 fratres
1927 5157 2015 5222 Esau
2042 5165 2076 5222 et

80 5259 183 5314 cura,
218 5239 258 5304 ad
291 5243 398 5306 cernis
427 5242 575 5326 saginam
605 5243 710 5308 instar
738 5245 827 5326 porci
862 5241 1055 5308 devolvitur.
1108 5239 1205 5307 Iacob
1227 5243 1314 5304 inter
1335 5263 1369 5306 ιι
1390 5261 1592 5324 comparans,
1614 5241 1689 5308 inde
1711 5243 1783 5310 odic
1805 5243 1953 5310 habitum
1975 5241 2075 5309 fuisse

77 5323 251 5390 Audierat
272 5326 353 5390 nibil
375 5329 460 5411 petri
483 5347 552 5392 esse
570 5328 752 5394 residuum:
776 5349 893 5413 nempe
914 5329 990 5411 quia
1011 5328 1057 5394 sie
1108 5327 1196 5392 Esau
1221 5325 1329 5404 docet,
1357 5328 1432 5411 quia
1453 5327 1500 5392 illi
1523 5329 1682 5412 possessio
1704 5328 1842 5395 deussit
1864 5330 1897 5392 in
1920 5327 2073 5394 desertis:
