5022 6192
313 437 356 502 43
967 431 1338 502 COMMENTARIUS
1360 432 1410 496 IN
1432 431 1646 500 GllNllSIN.
2260 437 2302 502 44

313 625 497 708 scriptores,
542 621 652 703 Quare
669 624 705 686 ιιι
730 643 802 688 ιιιιι
829 630 1017 705 competunt
1038 622 1144 706 elogia
1165 622 1283 706 quibus
1333 629 1487 686 censetur
1509 620 1595 706 apud
1617 623 1743 688 hloseu.
1788 620 1865 703 Qua
1884 623 2013 689 ratione
2033 645 2118 690 uxor
2138 625 2210 690 cius
2228 624 2303 692 alibi

314 709 507 776 Paradisum
526 709 732 773 commendat
750 709 869 775 Moses.
913 709 958 773 llt
980 710 1146 792 regionem
1165 707 1282 773 Heden
1334 717 1470 772 vocatur
1492 707 1707 790 Aethiopissa.
1752 708 1855 773 Porro
1877 729 1977 791 quum
2001 708 2042 774 ad
2064 719 2190 792 partem
2212 709 2302 774 illam

313 797 347 861 in
366 795 431 860 illis
447 793 595 878 partibus
611 794 711 860 fuisse
728 795 826 860 sitam
843 793 1020 860 verisimile
1030 802 1081 859 est
1099 814 1142 857 ex
1159 793 1284 859 Iesaiae
1333 803 1450 876 vergat
1478 802 1600 858 tractus
1629 791 1766 859 ιιιιιιιοι
1792 793 1989 878 Euphratis,
2020 816 2088 860 non
2120 793 2218 862 video
2245 817 2302 861 cnr
2416 791 2419 796 ’

314 889 427 1033 illst
441 889 901 1048 ‘lttzmltttllltttlt
917 879 1284 1032 testatio&
1333 876 2111 1048 ihulbii'dlelilltlied⁰illlnllh3l‚
2128 881 2304 1050 letati

314 1054 369 1117 tio.
411 1050 586 1116 Caeterum
609 1052 695 1134 quod
716 1053 839 1117 flumen
861 1071 1029 1136 egressum
1047 1050 1149 1116 fuisse
1170 1058 1285 1115 narrat
1333 1048 1435 1114 fuisse
1454 1048 1594 1129 hortum,
1619 1051 1711 1116 cuins
1736 1069 1901 1134 possessor
1929 1059 2000 1116 erat
2022 1052 2138 1132 Adam,
2160 1053 2305 1118 fluminis

314 1138 440 1217 Moses,
469 1135 509 1202 de
538 1138 631 1202 fluxu
660 1156 761 1220 aquae
790 1137 1005 1219 interpretor:
1035 1157 1073 1202 ao
1101 1137 1130 1202 si
1153 1136 1284 1215 diceret,
1334 1133 1427 1200 alveo
1447 1134 1525 1200 illae
1547 1143 1745 1214 transeunte,
1768 1137 1823 1219 qui
1845 1143 1958 1220 postea
1979 1137 2015 1201 in
2036 1146 2177 1219 quatuor
2199 1139 2306 1220 capita

314 1223 421 1288 Adam
454 1222 620 1288 habitasse
647 1224 681 1287 iu
701 1224 773 1305 ripa
794 1223 955 1299 fluminis,
987 1223 1040 1287 ιιι
1069 1223 1102 1287 in
1125 1242 1164 1286 ea
1196 1229 1285 1286 terra
1336 1219 1550 1285 dividebatur.

314 1331 396 1393 quaa
429 1309 581 1391 utrinque
613 1309 812 1388 alluebatur,
845 1309 875 1374 si
908 1306 1100 1373 Paradisum
1139 1308 1284 1390 accipere
1421 1305 1472 1370 15.
1498 1306 1585 1372 Tute
1602 1307 1706 1390 itaque
1723 1306 1882 1373 omaus
1898 1306 1990 1373 Deae
2010 1308 2174 1374 hominem.
2219 1307 2304 1375 Sub-

312 1394 414 1460 libeat
440 1415 500 1478 pro
530 1403 669 1478 utraque
697 1395 777 1477 ripa.
837 1393 1034 1476 Quanquam
1069 1414 1136 1458 non
1172 1394 1284 1478 magni
1335 1390 1405 1456 iicit
1436 1413 1523 1458 nuuc
1556 1391 1681 1470 Moses,
1725 1413 1764 1459 ea
1802 1392 1875 1477 lege
1908 1392 2018 1458 datam
2047 1393 2148 1460 fnisse
2180 1402 2304 1460 terram

314 1481 465 1559 interest,
487 1481 558 1544 sive
587 1479 674 1544 infra
701 1481 920 1546 confluentem
948 1479 1145 1545 habitaverit
1167 1479 1284 1556 Adam,
1335 1477 1478 1555 homiui,
1506 1484 1544 1542 ιιι
1572 1498 1607 1543 ec
1635 1479 1670 1543 in
1693 1499 1732 1543 ea
1752 1476 1889 1544 colenda
1910 1489 2092 1562 occuparet.
2137 1479 2233 1546 Unde
2258 1501 2307 1546 se-

313 1565 518 1650 Babylonem
540 1573 573 1629 et
599 1563 782 1632 Seleuciam
810 1586 940 1642 versus,
969 1564 1095 1630 sivein
1125 1564 1285 1648 superiori
1335 1562 1454 1646 quitur,
1472 1564 1621 1628 homines
1639 1562 1681 1628 ad
1698 1562 1820 1647 aliquid
1838 1565 2002 1648 agendum
2020 1573 2146 1630 creatos
2164 1585 2246 1643 esse,
2263 1587 2306 1632 ne

313 1659 422 1734 parte:
456 1651 537 1716 satie
570 1659 620 1716 est
653 1651 738 1735 quod
772 1671 886 1734 agrum
927 1651 1089 1734 irriguum
1131 1651 1283 1715 tenuerit.
1336 1647 1463 1714 desides
1490 1659 1524 1714 et
1551 1649 1665 1733 ignavi
1684 1650 1820 1714 iaceant.
1872 1650 1955 1715 Erat
1983 1650 2114 1733 quidem
2141 1649 2304 1717 iucundus

315 1734 487 1818 Quomodo
514 1745 623 1802 autem
651 1738 774 1802 fluvius
803 1739 837 1802 in
866 1747 1005 1819 quatuor
1032 1736 1133 1801 fuerit
1161 1734 1285 1802 divisus
1335 1733 1389 1798 hio
1410 1735 1591 1818 plenusque
1612 1734 1836 1802 oblectationis
1858 1736 1964 1815 labor,
1997 1737 2110 1819 procul
2127 1738 2217 1802 omni
2238 1757 2304 1801 mo·

314 1823 437 1906 capita,
460 1843 527 1888 non
551 1823 725 1888 obscurum
747 1829 806 1888 est.
848 1820 926 1887 Duo
959 1821 1046 1887 enim
1068 1829 1146 1887 snut
1173 1842 1286 1887 amnes
1336 1819 1432 1884 lestia
1463 1831 1497 1884 et
1529 1819 1651 1885 taedio:
1685 1841 1786 1904 quum
1819 1830 1928 1886 tamen
1961 1823 2106 1888 exerceri
2138 1823 2304 1889 hominem

314 1909 371 1992 qui
399 1909 434 1974 iu
467 1929 570 1973 unum
604 1916 739 1988 coeunt,
777 1906 894 1973 deinde
923 1907 1045 1973 abeunt
1074 1909 1108 1972 in
1139 1906 1285 1974 diversas
1337 1905 1441 1970 voluit
1460 1905 1552 1972 Dens
1584 1907 1619 1970 in
1649 1913 1757 1972 torrae
1778 1906 1922 1986 cultura,
1954 1908 2110 1990 ignavum
2135 1909 2238 1973 otium
2268 1908 2305 1972 in

314 2002 433 2078 partes.
484 1993 538 2061 Ita
563 1996 685 2059 flumen
713 2015 814 2058 unum
846 2002 896 2058 est
925 1995 959 2057 in
995 1995 1193 2059 confluente:
1222 1993 1285 2058 duo
1336 1991 1406 2056 eius
1427 2013 1568 2076 persona
1589 1991 1766 2058 damnarit.
1811 1992 1923 2073 Quare
1944 1993 2027 2058 nihil
2048 1994 2154 2078 magis
2175 2002 2304 2058 contra·

315 2087 424 2146 autem
446 2079 479 2144 in
510 2080 732 2163 superioribus
765 2079 868 2145 alveis
898 2090 976 2145 eunt·
1004 2080 1128 2162 capita,
1159 2086 1192 2144 et
1221 2079 1284 2144 duo
1335 2078 1421 2141 rium
1443 2086 1582 2143 naturae
1604 2078 1708 2144 ordini
1727 2097 1825 2162 quam
1848 2077 1982 2156 edendo,
2013 2078 2152 2146 bibendo
2175 2087 2209 2144 et
2230 2080 2304 2145 dor-

314 2187 429 2232 versus
440 2184 540 2245 mare,
550 2175 722 2248 postquam
734 2187 849 2231 rursus
860 2165 988 2249 longine
1001 2163 1103 2230 dividi
1114 2165 1283 2249 incipiunt.
1335 2162 1466 2227 miendo
1489 2166 1590 2228 vitam
1613 2184 1818 2242 consumere,
1846 2163 1928 2228 nihil
1957 2165 2085 2231 interea
2113 2166 2207 2231 nohis
2229 2185 2304 2249 pro·

314 2251 472 2334 Superest
506 2252 653 2333 quaestio
683 2249 723 2316 de
757 2251 942 2317 nominibus
969 2251 1070 2316 Pison
1100 2257 1133 2314 et
1162 2249 1283 2316 Gihon.
1335 2268 1457 2331 ponere
1478 2248 1563 2332 quod
1585 2270 1730 2336 agamus.
1775 2247 1878 2314 Addit
1899 2251 2008 2316 Moses
2030 2250 2196 2317 custodiae
2217 2249 2305 2316 horti

313 2338 427 2420 Neque
469 2337 557 2402 enim
600 2336 719 2401 ratiord
758 2337 890 2402 videtur
932 2345 1203 2417 consentaneum,
1247 2347 1285 2401 ut
1335 2334 1533 2416 praefectum
1562 2335 1663 2401 fuisse
1685 2335 1807 2401 Adam:
1836 2343 1875 2400 ut
1896 2335 2063 2414 ostendat,
2090 2357 2130 2402 ea
2151 2336 2224 2421 lege
2245 2355 2305 2401 nos

313 2421 451 2506 singulis
490 2421 603 2487 ιιιιιιιι
646 2422 827 2488 tribuamus
867 2421 987 2505 duplex
1027 2443 1155 2488 nomen.
1218 2421 1284 2487 Sed
1335 2420 1500 2502 possidere
1522 2441 1604 2504 quae
1626 2421 1787 2486 Dominus
1809 2422 1903 2487 nobis
1930 2420 1971 2486 ad
1999 2442 2135 2486 manum
2157 2423 2304 2500 eontulit,

310 2508 448 2572 minime
468 2528 590 2574 novum
613 2519 673 2586 est,
695 2516 733 2572 nt
749 2507 884 2573 nomina
901 2529 1013 2574 amnes
1030 2517 1167 2585 mutent,
1190 2529 1283 2592 prae·
1334 2513 1371 2570 ιιι
1391 2506 1511 2600 frugali
1534 2506 1754 2572 atmoderate
1782 2527 1845 2571 usu
1867 2508 2014 2574 contenti
2035 2507 2120 2591 quod
2138 2507 2307 2574 residuum

311 2596 424 2660 sertim
455 2593 512 2658 ubi
542 2593 654 2677 aliqua
692 2594 830 2678 insignis
869 2604 919 2658 est
957 2593 1161 2661 discretionis
1195 2603 1281 2659 ιιοιι.
1335 2591 1397 2656 erit
1424 2613 1601 2658 servemus.
1646 2594 1774 2676 Agrum
1804 2592 1859 2675 qni
1887 2593 2047 2676 possidet,
2073 2594 2217 2660 fructum
2246 2616 2304 2660 an·

311 2679 420 2763 'Pigris
460 2679 528 2762 ipse
567 2677 695 2764 (autore
734 2679 853 2764 Plinio)
892 2681 978 2746 cirea
1023 2681 1145 2745 fontem
1185 2700 1281 2745 suum
1334 2698 1439 2741 nuum
1456 2679 1502 2744 ita
1520 2678 1679 2764 percipiat
1695 2698 1738 2742 ne
1754 2677 1902 2764 patiatur
1920 2677 2056 2745 fundum
2068 2701 2126 2763 per
2144 2681 2305 2746 incuriam

310 2764 440 2849 Diglito
465 2773 615 2832 vocatur:
639 2774 808 2848 postquam
828 2786 905 2832 vero
932 2765 1044 2849 plures
1065 2767 1141 2832 lecit
1163 2765 1281 2843 alveos,
1335 2762 1492 2842 dedidere,
1525 2762 1583 2828 sed
1613 2761 1755 2846 posteris
1787 2764 1915 2846 qualem
1948 2768 2087 2849 accepit,
2121 2766 2172 2831 vel
2206 2766 2307 2830 etiam

310 2859 344 2916 et
382 2870 498 2916 rursus
537 2851 704 2930 coalescit,
744 2851 917 2935 Pasitigris
957 2859 1016 2916 est.
1077 2851 1168 2916 Nihil
1204 2873 1282 2936 ergo
1334 2849 1451 2914 melius
1485 2848 1668 2925 excultum,
1704 2848 1833 2916 tradere
1865 2849 2004 2916 studeat.
2049 2851 2227 2916 Fructibus
2259 2851 2307 2915 ita

311 2934 444 3003 absurdi
465 2945 515 3001 est
537 2937 566 3002 si
587 2935 733 3002 dieamus
751 2959 770 3002 a
791 2939 945 3003 confluxu
976 2937 1107 3003 diversa
1128 2935 1281 3003 habuisse
1334 2942 1485 3000 vescatur
1502 2956 1544 3000 ne
1566 2935 1644 3018 qnid
1666 2934 1721 3001 vel
1742 2957 1803 3020 per
1828 2934 1945 3001 luxum
1975 2935 2143 3019 dilapidet,
2173 2937 2225 3002 vel
2248 2958 2307 3020 per

310 3026 453 3087 nomina.
498 3020 593 3087 Adde
630 3022 715 3105 quod
745 3023 830 3087 inter
859 3023 960 3088 Pasin
983 3032 1016 3087 et
1046 3023 1146 3088 Pison
1173 3023 1281 3106 aliqua
1334 3020 1572 3105 negligentiam
1601 3023 1765 3104 comumpi
1793 3041 1831 3088 ac
1860 3023 1967 3106 perire
1994 3023 2090 3088 sinat.
2134 3022 2239 3088 Porro
2267 3029 2308 3087 ut

311 3116 361 3174 est
388 3107 542 3174 affinitas:
571 3117 609 3172 ut
639 3129 705 3172 non
734 3107 882 3174 absimile
911 3130 989 3174 vero
1018 3110 1077 3188 sit,
1106 3109 1281 3194 Pasitigris
1332 3109 1419 3171 inter
1446 3126 1506 3172 nos
1529 3107 1639 3191 vigeat
1667 3107 1731 3174 ista
1752 3108 1964 3192 parsimonia,
1993 3109 2082 3173 etin
2107 3107 2201 3174 bonis
2223 3127 2306 3192 qnae

309 3213 429 3258 nomen
458 3195 612 3276 antiquae
641 3193 867 3276 appellationis
892 3214 964 3260 esee
1002 3194 1184 3278 vestigium.
1236 3196 1281 3260 Et
1332 3191 1424 3257 Deus
1447 3191 1538 3257 nobis
1557 3193 1696 3258 fruenda
1713 3193 1803 3258 dedit
1824 3192 1994 3260 sedulitas:
2025 3195 2145 3280 cogitet
2168 3195 2306 3277 quisque

309 3278 392 3344 libro
410 3279 523 3362 quinto
542 3279 659 3361 Quinti
676 3279 783 3345 Curtii
793 3279 845 3344 De
863 3281 960 3346 rebus
977 3282 1078 3365 gestis
1090 3281 1280 3360 Alexandri,
1332 3298 1368 3342 se
1390 3279 1424 3341 in
1446 3280 1595 3344 omnibus
1616 3300 1700 3361 quae
1727 3278 1872 3363 possidet
1900 3301 1971 3346 esse
1990 3279 2052 3345 Dei
2080 3295 2304 3346 oeconomum.

309 3366 365 3431 ubi
393 3365 564 3451 Pasitigris
589 3366 629 3430 fit
653 3367 790 3431 mentio:
827 3367 958 3449 quidam
986 3365 1113 3432 codices
1148 3365 1280 3446 habent,
1334 3363 1385 3426 [ta
1410 3364 1468 3428 fiet
1496 3372 1534 3429 ιιι
1562 3385 1667 3449 neque
1695 3386 1729 3430 se
1759 3364 1913 3431 dissolute
1936 3373 2046 3449 gerat,
2068 3387 2175 3450 neque
2202 3364 2304 3432 abusu

308 3451 420 3517 vocari
453 3450 494 3516 ab
526 3451 643 3516 accolis
675 3452 785 3516 Pasiu.
840 3452 909 3519 Nae
954 3453 1038 3517 male
1081 3452 1282 3519 conveniunt
1332 3459 1519 3533 corrumpat
1539 3471 1621 3533 quae
1644 3449 1735 3516 Deus
1757 3449 1830 3516 vult
1851 3453 1983 3516 servari.

309 3537 455 3620 reliquae
477 3537 756 3615 circumstantiae,
785 3537 901 3620 quibus
924 3545 992 3603 tres
1014 3560 1054 3603 ex
1078 3537 1187 3603 fluviis
1210 3539 1281 3603 istis
1418 3535 1468 3600 16.
1495 3534 1724 3619 Ρναιιιριιᾳιιι.
1770 3535 2121 3614 Docetnuncllioses,
2144 3536 2305 3604 cumbae

309 3621 414 3688 Moses
444 3621 603 3706 designat.
655 3621 755 3688 Pison
785 3623 901 3689 circuit
929 3631 1051 3689 terram
1080 3623 1202 3688 Havila
1225 3623 1280 3688 ubi
1332 3622 1522 3704 exceptione
1553 3621 1720 3687 hominem
1748 3622 1847 3688 ιιιιιιι
1881 3633 1986 3688 ιιιιιι
2015 3622 2231 3707 praefectum,
2265 3630 2304 3687 ut

308 3727 425 3772 anrum
464 3707 618 3773 nascitur.
674 3708 767 3792 Pigri
806 3709 962 3775 circuitus
996 3716 1082 3775 recte
1116 3708 1280 3786 tribuitur,
1331 3715 1444 3772 tamar
1467 3706 1538 3772 Deo
1571 3708 1727 3774 subesset.
1772 3709 1846 3774 Lex
1874 3709 1922 3772 illi
1953 3709 1988 3772 in
2017 3709 2147 3788 signum
2177 3709 2303 3775 subiec-

308 3800 443 3876 propter
476 3793 660 3858 flexuosum
700 3801 840 3860 tractum
878 3795 964 3860 infra
998 3794 1279 3879 Mesopotamiam.
1332 3793 1429 3858 tionis
1440 3792 1636 3875 imponitur:
1654 3813 1731 3858 nam
1749 3794 1812 3859 Dei
1832 3793 1915 3859 nihil
1933 3796 2099 3872 intererat,
2117 3793 2210 3859 illum
2230 3814 2303 3876 pro-

309 3878 413 3942 Perra
434 3897 512 3944 vero
534 3877 671 3953 Havila,
691 3878 746 3945 hic
766 3901 825 3964 pro
858 3879 991 3965 regione
1014 3881 1142 3946 Persidi
1165 3881 1280 3960 vicina,
1332 3879 1457 3944 ιιιιιιιιιι
1482 3877 1626 3961 quolibet
1653 3880 1765 3946 fructu
1792 3881 1888 3946 vesei.
1934 3880 2024 3964 llrgo
2052 3880 2150 3946 unius
2179 3879 2302 3946 arboris

310 3983 384 4029 meo
412 3963 551 4042 indicio,
574 3965 723 4029 sumitur.
775 3965 862 4030 Nam
884 3965 971 4031 inira
996 3969 1103 4051 capite
1125 3966 1280 4034 vicesimo
1332 3963 1509 4048 prohibitio
1539 3963 1684 4048 obsequii
1706 3985 1843 4032 examen
1867 3966 1937 4032 fuit.
1982 3965 2091 4048 Atque
2119 3966 2180 4032 hoc
2207 3963 2302 4030 modo

309 4049 438 4130 quinto,
479 4050 625 4114 narrabit
657 4050 781 4130 Moses,
818 4051 1004 4118 Iemaelitas
1044 4053 1207 4118 habitasse
1240 4053 1281 4118 ab
1333 4049 1500 4115 assuefieri
1539 4050 1579 4115 ab
1612 4051 1706 4115 initio
1739 4051 1781 4117 ad
1814 4051 1958 4116 numinis
1995 4052 2046 4116 sui
2082 4051 2302 4117 reverentiam

309 4134 432 4200 Havila
460 4156 563 4217 usque
591 4134 632 4200 ad
656 4135 740 4215 Sur,
763 4158 845 4220 quae
873 4139 1026 4223 contigua
1048 4147 1099 4205 est
1120 4141 1281 4223 Aegypto,
1333 4134 1437 4203 voluit
1462 4135 1554 4201 Deus
1581 4144 1686 4201 totum
1715 4157 1817 4218 genus
1844 4137 2043 4202 humanum:
2073 4146 2112 4202 ut
2131 4145 2219 4203 certe
2244 4157 2302 4202 ne·

309 4241 376 4304 qua
397 4220 464 4285 itur
485 4222 520 4284 in
543 4220 724 4305 Assyriam.
770 4221 956 4307 opponitur
977 4225 1138 4289 terminus
1160 4222 1282 4290 Havila
1333 4241 1421 4288 cesse
1439 4232 1510 4286 erat
1527 4231 1575 4287 tot
1592 4221 1767 4304 praeclaris
1787 4221 1915 4288 dotibus
1933 4229 2084 4288 ornatum
2104 4244 2141 4291 ac
2158 4223 2303 4305 locuples

308 4307 451 4372 termino
481 4305 564 4389 Sur,
597 4329 695 4391 quam
729 4308 839 4376 Moses
875 4312 1027 4396 Aegypto
1065 4309 1281 4394 propinquam
1332 4306 1392 4374 snb
1418 4307 1531 4372 fraeno
1553 4309 1666 4382 teneri,
1689 4329 1731 4372 ne
1747 4309 1782 4373 in
1801 4309 1970 4375 lasciviam
1987 4317 2181 4393 erumperet.
2221 4309 2305 4373 Erat

308 4393 401 4470 facit,
424 4400 459 4458 et
486 4393 617 4476 quidem
645 4394 817 4478 Assyriam
840 4415 963 4461 versus.
1008 4395 1106 4463 Unde
1123 4397 1280 4478 sequitur,
1333 4392 1464 4478 quidem
1488 4393 1590 4458 altera
1607 4394 1757 4477 specialis
1779 4396 1870 4472 ratio,
1894 4415 1991 4478 quam
2009 4415 2109 4477 supra
2126 4395 2303 4479 attigimus,

308 4479 432 4545 Havila
451 4478 586 4546 tendere
604 4479 647 4544 ad
664 4479 841 4546 Susianam
863 4489 896 4546 et
918 4481 1096 4550 Persidem.
1141 4481 1281 4548 Necesse
1332 4501 1378 4554 ιιι
1395 4478 1503 4544 Adam
1527 4479 1615 4545 ultra
1635 4480 1770 4546 modum
1799 4500 1912 4563 sapere
1941 4489 2121 4564 appeteret:
2156 4481 2213 4546 sed
2240 4479 2303 4547 hoo

309 4565 395 4629 enim
435 4573 499 4640 eet,
535 4574 571 4630 ut
604 4566 647 4630 sit
684 4564 821 4631 inferior
860 4569 999 4652 Assyria
1037 4588 1152 4633 versus
1191 4587 1283 4632 mare
1332 4564 1486 4650 generale
1498 4565 1562 4630 Dei
1579 4565 1750 4632 eonsilium
1769 4565 1946 4631 tenendum
1960 4576 2020 4643 est,
2038 4565 2124 4650 quod
2135 4565 2302 4633 hominem

308 4651 493 4717 Persicum:
521 4649 639 4716 deinde
665 4651 778 4735 procul
806 4652 921 4718 dissita
945 4654 985 4719 ab
1009 4655 1175 4739 Aegypto:
1206 4652 1281 4735 quia
1333 4672 1392 4717 suo
1413 4651 1552 4735 imperio
1581 4651 1739 4717 subiicere
1769 4651 1883 4717 voluit.
1928 4651 2007 4718 Ideo
2034 4652 2235 4718 abstinentia
2261 4652 2303 4717 ab

308 4735 429 4801 multos
450 4735 588 4820 populos
616 4745 766 4804 recenset
795 4738 904 4804 Moses
925 4740 981 4822 qui
1009 4738 1193 4804 interillos
1215 4749 1280 4803 ter-
1332 4737 1431 4803 nnius
1450 4736 1577 4803 arboris
1594 4738 1701 4803 fructu
1724 4737 1928 4804 obedientiae
1948 4736 2111 4820 quoddam
2131 4737 2194 4803 fuit
2216 4737 2306 4802 rudi·

308 4823 416 4887 minos
459 4821 660 4889 habitarunt.
726 4823 856 4890 Deinde
898 4825 1097 4906 Nabataeos,
1141 4845 1280 4908 qnorum
1332 4834 1493 4890 mentum:
1527 4831 1565 4887 ut
1590 4824 1687 4889 sciret
1717 4822 1812 4888 homo
1835 4823 1956 4889 habere
1977 4843 2012 4888 ιι
2035 4831 2192 4890 rectorem
2214 4825 2303 4888 vitae

308 4906 375 4973 illic
418 4909 456 4972 fit
499 4910 637 4990 mentio,
681 4910 793 4976 Persis
837 4910 964 4977 vicinos
1002 4911 1103 4978 fuisse
1141 4919 1278 4976 constat.
1331 4930 1369 4975 ac
1397 4908 1584 4988 dominum,
1616 4930 1636 4973 a
1663 4908 1755 4974 cuius
1784 4918 1868 4974 nutu
1889 4908 2047 4992 pendere,
2080 4921 2113 4974 et
2133 4909 2227 4975 cuius
2248 4931 2303 4976 ao·

308 4991 443 5075 Optime
471 5015 560 5060 nunc
589 4995 744 5061 convenit
769 4995 855 5080 quod
885 4996 925 5062 de
954 5018 1034 5063 auro
1059 5007 1093 5063 et
1119 4995 1281 5080 lapidibus
1331 4995 1496 5078 quiescere
1524 4995 1621 5060 iussis
1651 4994 1791 5060 deberet.
1840 4995 1885 5059 llt
1911 5015 1990 5060 sanc
2017 4995 2099 5060 haee
2128 4996 2225 5060 unica
2252 5004 2305 5062 est

308 5079 462 5160 pretiosis
495 5079 638 5146 affirmat
664 5082 785 5148 Moses.
837 5081 995 5166 Superest
1024 5083 1153 5162 Gihon,
1184 5102 1279 5164 quem
1331 5081 1413 5145 bene
1435 5089 1469 5146 et
1486 5099 1559 5144 cum
1577 5080 1704 5145 ratione
1722 5079 1854 5146 vivendi
1871 5079 1993 5164 regula,
2016 5089 2054 5144 ιιι
2075 5100 2110 5146 ιι
2127 5091 2305 5146 exerceant

309 5162 419 5229 Moses
459 5164 561 5230 tradit
599 5167 721 5234 alluere
755 5176 877 5233 terram
911 5169 1012 5234 Ghns.
1071 5167 1279 5253 Aethiopiam
1331 5165 1482 5232 homines
1499 5165 1540 5230 ad
1558 5165 1738 5248 parendum
1751 5167 1830 5232 Dao.
1866 5164 2008 5231 Videtur
2024 5175 2137 5231 tamen
2155 5166 2216 5232 hoe
2234 5187 2304 5232 non

309 5259 444 5315 vertunt
463 5271 576 5317 omnes
597 5252 808 5337 interpretes:
832 5253 888 5320 sed
906 5255 995 5339 regio
1013 5254 1280 5333 Madianitarnm,
1331 5272 1510 5337 congruere
1540 5272 1616 5317 cum
1645 5250 1742 5318 Pauli
1766 5253 1944 5330 sententia,
1981 5253 2036 5318 ubi
2071 5251 2165 5318 docet
2194 5251 2305 5338 legem

310 5341 344 5398 et
366 5336 455 5420 regio
483 5335 625 5404 Arabiae
652 5341 870 5420 contermina,
892 5342 1006 5407 eodem
1028 5341 1126 5406 etiam
1148 5339 1280 5405 nomine
1331 5359 1396 5404 non
1419 5359 1490 5406 esse
1515 5336 1601 5402 iusto
1624 5337 1763 5420 positam
1785 5335 1828 5422 (1.
1851 5337 1935 5403 Pim.
1959 5337 1987 5416 ι,
2010 5335 2053 5424 9).
2097 5337 2183 5404 Nam
2204 5339 2234 5404 si
2256 5339 2307 5406 ita
