5000 6208
123 443 178 510 345
766 438 1137 509 COMMENTARIUS
1158 440 1210 507 IN
1232 439 1447 508 GENESIN.
2043 443 2107 510 346

122 633 199 698 ritae
210 629 333 694 exitum
352 628 446 696 nohis
463 630 628 713 promisit:
649 629 831 714 etquidem
849 628 946 714 longe
963 629 1082 696 clarius
1132 627 1251 694 dicitnr
1273 628 1314 693 ad
1332 639 1441 712 patres
1459 650 1534 696 suos
1551 629 1705 698 collectus
1722 651 1792 696 esse
1813 628 1994 698 Abraham:
2017 633 2105 716 qued

121 737 207 803 qoam
221 714 307 799 patri
324 727 436 781 nostro
454 714 617 782 Abrahae.
1131 713 1267 779 minime
1289 725 1485 800 congrueret
1506 717 1533 781 si
1557 723 1730 782 evanescat
1751 715 1893 782 hominis
1913 719 1990 798 rita,
2015 734 2048 785 et
2068 722 2102 785 in

197 803 224 868 8.
256 799 301 866 Bb
332 800 407 866 obiit
437 800 612 868 Abrabam.
662 801 842 867 Falluntur
875 800 931 883 qui
962 807 1083 882 putant
1131 799 1271 865 nihilum
1300 800 1447 867 homines
1477 800 1642 867 diffluant:
1671 822 1771 884 quere
1804 804 1965 886 scriptura
1987 805 2036 872 ita
2057 806 2103 871 lo·

121 889 175 954 hcc
201 887 361 972 particula
389 888 494 952 notari
530 888 671 952 subitam
702 895 858 952 mortem:
893 885 987 970 qnasi
1016 905 1081 950 non
1131 885 1276 967 quando,
1306 887 1475 952 residuum
1497 909 1517 952 a
1537 895 1643 952 morte
1669 887 1747 952 facit
1771 886 1907 954 alterius
1928 890 2016 956 vitae
2038 901 2105 958 sta-

121 975 237 1040 diutino
254 971 367 1038 morbo
384 973 551 1039 coniectus
570 974 678 1052 luerit,
701 973 758 1038 sed
776 972 993 1056 exspiraverit
1011 971 1082 1036 sine
1131 979 1217 1047 tum,
1244 982 1282 1037 ut
1311 975 1463 1056 migratio
1485 995 1504 1039 e
1526 973 1648 1039 mundo
1677 994 1742 1039 non
1772 974 1815 1040 sit
1843 975 1946 1041 totius
1964 977 2106 1045 hominis

120 1059 228 1125 dolore.
264 1057 354 1139 Quin
372 1059 480 1142 potius
498 1059 654 1144 intelligit
672 1057 782 1126 Moses
799 1078 867 1123 non
891 1066 1081 1141 exemptum
1131 1056 1292 1122 interitus.

119 1145 251 1212 friesos
277 1144 443 1210 communi
467 1153 555 1210 sorte
583 1143 731 1211 fidelium
760 1152 904 1230 patrem:
922 1162 981 1233 ¹ne
1010 1142 1081 1207 lan·
1217 1142 1246 1208 9.
1270 1141 1316 1208 Et
1334 1143 1520 1228 sepelierunt
1545 1163 1624 1212 eam.
1669 1145 1757 1210 Hinc
1779 1155 1928 1230 apparet,
1956 1149 2106 1232 quamvis

118 1239 265 1313 grresom
286 1230 378 1297 nobis
408 1230 527 1310 animi,
557 1251 659 1314 quum
687 1231 830 1296 exterior
851 1229 948 1295 homo
972 1237 1082 1293 noster
1130 1229 1235 1294 multo
1252 1230 1344 1314 prins
1360 1229 1528 1297 abdicatus
1545 1230 1773 1309 essetIsmael,
1794 1253 1859 1298 non
1878 1233 1977 1300 luisse
1995 1242 2105 1301 tamen

119 1317 342 1399 corrumpitur:
372 1315 428 1380 sed
458 1316 548 1382 illam
571 1316 837 1395 renovationem,
860 1335 943 1399 qnae
965 1314 1000 1378 in
1022 1333 1080 1398 spe
1131 1325 1263 1397 epatre
1281 1337 1339 1380 suo
1357 1317 1510 1396 alienum,
1529 1318 1584 1401 qni
1601 1317 1637 1381 in
1653 1317 1856 1384 celebrandis
1873 1320 1994 1385 mortui
2011 1341 2104 1388 exse-

119 1411 163 1466 est
181 1400 375 1480 abscondita,
397 1401 603 1483 meditantes,
624 1401 790 1469 labascere
811 1400 926 1485 fragile
948 1399 1009 1466 hoc
1030 1409 1080 1465 ta·
1131 1400 1217 1483 quiis
1234 1399 1297 1466 filii
1315 1401 1420 1467 officio
1437 1403 1596 1488 fungitur.
1628 1401 1702 1468 Hoc
1723 1413 1832 1469 autem
1852 1404 1972 1471 Ismael
1993 1408 2105 1492 potins

116 1487 318 1554 bemaonlum
341 1488 454 1572 aequis
477 1488 596 1554 animis
617 1488 773 1554 sinamus.
809 1487 886 1552 Non
907 1494 958 1554 est
978 1486 1082 1570 igitur
1131 1505 1228 1569 qnam
1251 1487 1378 1570 reliqui,
1400 1509 1438 1553 eo
1460 1487 1545 1571 quod
1568 1489 1705 1554 vicinior
1726 1496 1805 1554 eret.

117 1593 169 1640 cnr
197 1595 255 1641 nos
286 1594 454 1658 exsangue
485 1583 520 1640 et
551 1575 751 1640 emarcidum
773 1593 907 1658 corpus,
947 1571 1080 1638 hebetes
1182 1605 1183 1608 ¹
1218 1572 1267 1638 12.
1290 1573 1335 1638 Et
1361 1575 1443 1639 istoc
1468 1575 1678 1658 pmmotioaes
1702 1573 1830 1641 Iemoel.
1875 1575 1948 1642 Non
1979 1585 2028 1643 est
2050 1599 2105 1644 su·

115 1659 200 1739 oculi,
223 1658 382 1726 tremulae
404 1679 531 1739 manns,
557 1668 589 1726 et
611 1660 833 1726 membrorum
855 1659 1002 1724 omnium
1025 1656 1080 1723 de·
1130 1677 1292 1742 pervacua
1331 1659 1484 1725 narratio.
1539 1660 1641 1726 Initio
1673 1661 1789 1745 eapitis
1822 1662 1966 1729 breviter
1996 1664 2107 1750 attigit

114 1745 201 1810 feodo
218 1767 280 1811 noe
296 1745 470 1824 exanimet,
491 1746 666 1830 quominus
687 1746 790 1830 patris
807 1747 913 1810 nostri
931 1743 1080 1827 exemplo
1130 1742 1209 1826 quid
1230 1743 1352 1810 facturn
1371 1754 1456 1811 esset
1478 1746 1555 1811 filiis
1576 1745 1726 1811 (loturae.
1769 1745 1834 1812 Hic
1856 1749 2006 1815 consulto
2028 1772 2105 1834 pro-

114 1828 184 1895 laeti
205 1842 238 1896 et
259 1831 384 1898 alacres
406 1831 447 1897 ad
470 1840 608 1908 mortem
638 1853 859 1917 properemus.
903 1830 1079 1896 Caeterum
1130 1829 1229 1894 lixior
1248 1839 1323 1910 est,
1353 1838 1390 1896 ut
1420 1829 1622 1896 demonstret
1650 1840 1754 1897 ratam
1784 1835 1958 1918 conspicuo
1986 1835 2106 1902 effectu

114 1919 237 1982 tametsi
267 1937 438 1984 commune
468 1918 529 1985 hoo
557 1917 709 1983 hebuerit
731 1917 899 1983 Abraham
926 1936 999 1981 cum
1023 1937 1079 2000 ge·
1130 1915 1231 1981 fuisse
1253 1917 1315 1980 Dei
1338 1917 1602 2000 promissionem,
1625 1937 1722 2000 quam
1744 1917 1869 1984 decimo
1892 1920 2030 2004 septimo
2051 1943 2104 1988 oa-

112 2019 186 2066 nere
213 2002 374 2082 hnmano,
405 2024 523 2088 nempe
551 2005 643 2069 senio
670 2002 856 2081 concidere,
884 2011 917 2068 ct
947 2000 1080 2066 tandem
1129 2001 1197 2084 pite
1215 2000 1398 2068 habuimus.
1435 2003 1559 2081 Primo,
1579 2024 1644 2068 non
1663 2003 1798 2088 vulgare
1816 2004 1877 2070 luit
1890 2005 1952 2072 Dei
1971 2005 2103 2086 donum,

112 2085 259 2153 deficere:
290 2089 388 2172 paulo
416 2103 491 2171 post
512 2089 636 2167 Moses,
666 2090 771 2174 quoad
794 2088 910 2154 mortis
932 2088 1080 2168 formem,
1129 2087 1214 2153 filios
1233 2086 1281 2152 illi
1305 2087 1476 2155 duodecim
1493 2090 1593 2169 nasci,
1616 2089 1670 2172 qui
1689 2109 1807 2156 nomen
1830 2099 1865 2156 et
1885 2092 2104 2175 principatum

113 2171 280 2239 discrimen
319 2175 406 2241 inter
438 2176 547 2260 ipsum
580 2184 612 2241 et
650 2177 870 2260 promiscuum
910 2174 1079 2239 hominum
1129 2173 1166 2237 in
1199 2173 1333 2238 totidem
1364 2173 1498 2240 familiis
1531 2175 1707 2240 tenuerint.
1759 2174 1825 2242 Sed
1858 2178 1935 2260 quia
1966 2181 2104 2262 promis-

111 2257 225 2343 rulgus
254 2262 364 2343 ponit,
395 2280 511 2344 nempe
541 2261 627 2344 quod
653 2267 796 2328 mortam
815 2262 858 2325 cit
876 2261 911 2325 ia
932 2264 1081 2326 smectate
1130 2259 1213 2324 sioni
1237 2267 1375 2325 eventus
1396 2260 1584 2344 respondet,
1607 2261 1781 2343 praecipue
1803 2263 1989 2345 reputanda
2010 2263 2103 2332 nobis

112 2341 184 2408 bato
208 2349 237 2409 at
265 2346 349 2412 citae
376 2351 475 2412 scae.
521 2347 630 2414 Huius
660 2346 790 2430 quidem
820 2345 1081 2413 contristentur
1129 2356 1180 2410 est
1201 2343 1263 2409 Dei
1286 2345 1409 2411 veritas
1438 2367 1511 2413 oum
1541 2346 1701 2432 singulari
1725 2347 1967 2430 benevolentia,
1992 2359 2025 2414 et
2045 2350 2104 2416 ho·

109 2427 266 2496 increduli
284 2432 477 2515 plerumque
491 2453 561 2498 esse
578 2433 766 2517 participes:
786 2434 852 2498 irno
870 2432 1079 2515 conqueritur
1128 2451 1207 2496 nore
1247 2451 1311 2514 qno
1350 2451 1482 2499 servum
1522 2453 1619 2499 sunm
1651 2432 1821 2500 Abraham
1854 2433 2010 2519 dignatus
2043 2445 2104 2518 est,

109 2512 216 2580 David
244 2517 308 2584 hoo
335 2519 429 2602 quasi
462 2519 634 2604 privilegio
655 2520 742 2603 ipsos
774 2518 948 2585 expellere:
981 2525 1015 2582 et
1042 2517 1077 2582 in
1130 2516 1261 2600 quando
1279 2518 1311 2581 in
1331 2516 1521 2584 adventitiis
1543 2540 1669 2603 quoqne
1692 2519 1855 2586 beneficiis
1872 2529 1940 2586 tam
1962 2521 2106 2607 benigne

108 2597 187 2667 libro
203 2601 268 2668 Iob
288 2603 404 2669 similis
427 2602 567 2671 habetur
594 2605 807 2688 querimonia,
829 2605 917 2688 ipsos
939 2603 1078 2670 feliciter
1130 2623 1168 2668 ac
1189 2601 1368 2668 liberaliter
1389 2625 1463 2671 cum
1485 2605 1557 2688 ipso
1574 2605 1651 2689 egit.
1687 2605 1773 2670 Nam
1796 2604 2012 2673 adventitium
2031 2610 2105 2675 iure

108 2687 269 2771 complere
290 2700 419 2773 tompus
446 2711 560 2770 suum,
588 2690 689 2757 donec
706 2693 738 2756 in
762 2699 883 2776 puncto
905 2689 946 2754 ed
967 2689 1078 2772 sepul·
1130 2689 1316 2755 censebitur
1344 2690 1428 2773 quod
1457 2689 1724 2774 supperadditum
1753 2699 1803 2756 est
1824 2693 1912 2757 ultra
1933 2694 2103 2776 spirituale

108 2771 219 2838 chrum
262 2774 470 2841 descendant.
527 2775 594 2845 Sed
626 2777 805 2843 tenendum
838 2784 888 2842 est
920 2774 1079 2842 memoria
1129 2773 1253 2840 foedus.
1305 2774 1384 2840 Ideo
1413 2776 1523 2842 Moses
1555 2785 1725 2861 postquem
1756 2778 1846 2842 vicos
1872 2781 2039 2845 recensuit
2067 2781 2103 2846 in

106 2858 187 2940 quod
209 2862 304 2944 prius
323 2861 400 2941 dixi,
416 2864 630 2947 praecipuam
652 2871 779 2948 partam
803 2863 906 2929 bonae
928 2871 1077 2928 senecta·
1129 2881 1211 2945 quos
1239 2859 1414 2927 distributa
1440 2862 1505 2927 fuit
1533 2865 1707 2946 posteritas
1729 2863 1892 2939 ismaelis,
1923 2865 2039 2948 sepelit
2067 2867 2102 2932 in

104 2943 142 3008 tis
162 2945 196 3008 in
220 2947 309 3016 bona
335 2949 548 3028 conscientia,
577 2951 686 3015 animo
708 2971 823 3015 sereno
845 2956 880 3014 et
900 2947 1077 3031 tranquillo
1129 2954 1296 3030 posterum
1319 2955 1420 3012 totam
1443 2948 1534 3013 illam
1553 2957 1693 3033 gentem,
1716 2957 1756 3014 ut
1776 2949 1880 3014 solida
1902 2951 2105 3035 perpetuitas

102 3032 290 3098 consistere.
322 3032 417 3100 Unde
435 3035 593 3119 sequitur,
617 3036 747 3102 nonnisi
766 3036 800 3100 in
819 3055 916 3101 veros
932 3033 1078 3099 iustitiae
1130 3040 1259 3098 tantum
1281 3033 1318 3097 in
1339 3033 1474 3099 eeclesia
1495 3043 1641 3100 maneat:
1665 3036 1757 3100 iuxta
1777 3035 1858 3100 illud
1881 3035 2005 3102 Psalmi
2026 3059 2103 3103 oen·

102 3115 241 3184 cultores
275 3129 459 3204 competere
488 3121 574 3205 quod
606 3121 698 3186 Deus
724 3121 879 3188 Abrahae
907 3119 1077 3204 promittit.
1130 3119 1239 3183 tosimi
1257 3119 1390 3184 secundi
1409 3119 1460 3185 29.
1474 3143 1504 3186 r.
1539 3120 1617 3185 Filii
1634 3121 1778 3186 filiorum
1797 3120 2001 3188 habitabunt.
2035 3124 2103 3189 Ad·

99 3199 183 3266 Nam
207 3224 288 3270 vere
310 3226 376 3270 non
398 3207 508 3272 minus
530 3227 628 3291 quem
650 3207 730 3274 scite
752 3207 830 3272 dicit
852 3206 957 3286 Plato,
974 3204 998 3293 ¹)
1021 3204 1078 3271 bo·
1130 3203 1227 3284 haee,
1249 3203 1359 3269 Moses
1388 3207 1480 3287 quasi
1510 3207 1611 3291 digito
1633 3206 1825 3272 admirabile
1845 3207 1910 3273 Dei
1932 3209 2104 3276 consilinm

100 3307 173 3351 nam
197 3310 292 3372 spem
316 3310 386 3357 esse
408 3292 600 3377 γηροτρόφου
627 3291 763 3376 ideoque
792 3313 886 3358 senes
907 3292 992 3358 male
1015 3291 1079 3357 sibi
1130 3290 1281 3368 ostendit,
1305 3290 1390 3374 quod
1409 3294 1577 3375 regionem
1596 3313 1615 3358 a
1633 3301 1722 3357 terra
1738 3292 1897 3358 chanaan
1917 3293 2103 3362 distinctam

98 3375 247 3442 conscios
283 3376 402 3443 misere
434 3379 589 3456 cruciari,
623 3387 657 3443 et
688 3379 779 3443 intus
812 3379 949 3446 lacerari
982 3378 1079 3462 quasi
1128 3376 1299 3460 assignans
1321 3375 1538 3458 flliisIsmael,
1561 3399 1663 3462 quum
1683 3376 1751 3442 illis
1773 3379 1941 3463 prospexit
1958 3381 1992 3444 in
2015 3381 2122 3446 futu·¹

98 3468 260 3544 perpetua
278 3463 476 3529 carnificina.
504 3463 613 3530 Simul
623 3484 702 3531 vcro
720 3463 905 3530 addendum
925 3463 1078 3547 estquod
1127 3482 1203 3526 rum
1226 3469 1370 3545 tempus,
1396 3468 1468 3528 tum
1490 3483 1627 3530 vacuam
1650 3464 1887 3530 haereditatem
1910 3465 1988 3531 liliis
2009 3466 2104 3533 Isaac

98 3543 191 3611 Plato
215 3548 367 3630 nescivit,
388 3548 450 3616 hoc
467 3548 562 3615 nobis
580 3550 728 3616 conferre
749 3551 913 3634 pietatem,
936 3559 975 3616 ut
991 3551 1078 3616 bona
1127 3548 1281 3614 serravit.

98 3641 253 3700 senectus
277 3655 338 3701 nos
360 3634 402 3700 ad
422 3635 633 3720 sepulchrum
656 3657 760 3720 usque
782 3637 972 3702 comitetur:
999 3634 1078 3719 quia
1214 3633 1264 3700 18.
1306 3632 1419 3700 Omom
1457 3633 1599 3701 comibus
1637 3633 1794 3717 fratribus
1831 3637 1901 3702 saie
1941 3636 2101 3704 amimea

99 3719 299 3802 tranquillae
330 3723 450 3788 mentis
482 3729 592 3788 custos
625 3731 675 3787 est
708 3720 798 3788 fides.
851 3721 975 3789 Eodem
1009 3722 1077 3788 fere
1126 3719 1235 3785 Maior
1255 3739 1332 3803 pars
1353 3718 1571 3803 interpretum
1594 3720 1657 3786 hoc
1679 3723 1796 3805 accipit
1813 3719 1854 3787 de
1875 3731 1995 3787 morte:
2018 3743 2055 3790 ac
2074 3725 2105 3790 si

96 3806 242 3886 pertinet
271 3805 358 3891 quod
379 3828 456 3872 mox
477 3807 626 3874 additur:
651 3806 802 3874 Sauram
821 3808 923 3892 faisse
944 3810 1077 3887 eliaam,
1127 3805 1265 3872 dixisset
1277 3806 1386 3871 Moses
1403 3805 1586 3874 breviorem
1605 3808 1706 3872 fnisse
1716 3807 1866 3873 ismaelis
1884 3809 1985 3873 vitam
2003 3830 2103 3892 qoam

96 3897 131 3953 ut
162 3911 233 3957 non
268 3900 437 3975 appeteret
469 3895 556 3960 vitae
588 3894 861 3980 prorogationem.
916 3893 1077 3960 Videmus
1126 3893 1266 3957 fratrum
1289 3891 1346 3974 qui
1368 3890 1424 3956 diu
1453 3893 1588 3960 luerunt
1614 3893 1663 3958 illi
1692 3894 1894 3976 superstites.
1938 3892 2005 3961 Sed
2028 3895 2105 3977 quia

96 3996 196 4058 quam
229 3977 355 4045 multos
387 3979 592 4065 constringat
625 3980 712 4046 vitae
745 3980 918 4066 cupiditas:
952 3983 1018 4048 imo
1041 3989 1078 4047 nt
1126 3977 1264 4044 verbum
1288 3963 1343 4047 bnt
1365 3978 1506 4044 refertur
1528 3978 1569 4044 ad
1599 3987 1739 4044 mortem
1767 3980 1962 4059 violentam,
1991 3980 2103 4048 Moses

95 4068 185 4127 totns
206 4063 282 4128 fere
309 4065 453 4131 mundus
481 4067 571 4132 inter
591 4064 759 4132 fastidium
782 4069 963 4152 praesentis
987 4067 1077 4132 vitae
1126 4071 1238 4130 autem
1260 4072 1400 4130 testatur
1421 4064 1593 4131 Ismaelem
1615 4066 1682 4130 fato
1704 4085 1763 4130 suo
1790 4063 1997 4132 defunctum:
2027 4087 2102 4149 pro·

95 4153 127 4210 et
159 4147 400 4232 inexplebilem
433 4152 553 4218 famem
585 4151 757 4237 langueat:
791 4154 965 4238 singularis
998 4174 1077 4238 ergo
1126 4150 1198 4217 bari
1216 4171 1283 4215 non
1300 4156 1407 4234 potest
1423 4150 1480 4216 illa
1496 4151 1665 4235 expositio.
1703 4149 1889 4217 Chaldaeus
1905 4152 2102 4235 paraphras-

94 4231 158 4297 Dei
182 4235 297 4320 gratia
317 4237 405 4304 vitae
427 4239 597 4317 saturitas,
623 4247 660 4302 ut
682 4260 723 4304 ex
745 4240 948 4324 semigrare
969 4240 1076 4323 parati
1127 4246 1177 4303 tes
1199 4235 1352 4302 subaudit
1381 4256 1499 4302 nomen
1522 4237 1634 4303 sortis:
1663 4245 1760 4320 atque
1782 4236 1871 4302 huno
1892 4257 2024 4303 mnsam
2043 4236 2101 4303 eli·

92 4318 208 4386 simus.
1126 4323 1186 4389 cit:
1209 4321 1341 4388 Sortem
1369 4320 1418 4386 illi
1440 4322 1595 4390 cecidisse
1616 4329 1655 4388 ut
1677 4343 1743 4387 non
1765 4323 1878 4406 procul
1901 4345 1921 4388 a
1942 4323 2101 4390 fratribus

179 4406 227 4472 Et
256 4413 457 4493 anaante
484 4413 530 4476 est
556 4409 599 4474 cd
621 4410 757 4492 populos
782 4430 866 4477 auos,
918 4410 1077 4478 Libenter
1127 4407 1298 4475 habitaret.
1333 4407 1405 4492 Ego
1423 4409 1484 4474 etsi
1501 4410 1534 4474 in
1554 4429 1590 4474 re
1608 4430 1672 4473 non
1691 4408 1831 4473 multum
1854 4406 2011 4493 discrepo,
2035 4431 2100 4492 pon

93 4492 282 4576 amplector
303 4514 417 4560 corum
438 4494 636 4562 sententiam
656 4495 711 4579 qui
729 4495 791 4562 hac
808 4497 993 4581 loquutione
1010 4507 1076 4566 sta·
1125 4505 1205 4579 puto
1227 4502 1337 4558 tamen
1360 4493 1406 4559 sie
1426 4492 1606 4578 torquenda
1623 4513 1694 4559 esse
1716 4493 1824 4560 verbe.
1867 4493 2015 4561 Verbum
2034 4493 2100 4576 bnt,

92 4583 164 4644 tum
188 4580 326 4646 futurae
347 4581 435 4647 vitae
457 4582 563 4648 notari
584 4581 708 4660 volunt,
734 4583 829 4648 modo
846 4605 887 4649 ne
905 4583 945 4649 ad
963 4583 1077 4652 fideles
1126 4581 1231 4646 iacere
1249 4578 1424 4657 interdum,
1447 4580 1499 4646 rel
1518 4580 1691 4664 quiescere,
1710 4587 1744 4644 et
1761 4579 1909 4645 habitare
1927 4580 2099 4661 significat.

93 4667 302 4752 restringas,
332 4666 417 4751 quod
443 4668 572 4734 iaciunt
597 4666 663 4736 illi:
694 4667 751 4733 sed
780 4670 910 4753 generis
939 4670 1077 4736 humani
1128 4664 1276 4751 Simplex
1295 4665 1395 4750 igitur
1406 4665 1508 4731 Mosie
1525 4686 1632 4732 sermo
1644 4673 1702 4744 cst,
1721 4664 1854 4731 Ismaeli
1872 4664 1980 4731 datam
1999 4665 2101 4732 scrisse

92 4753 292 4818 societatem
325 4753 490 4839 intelligas
518 4762 586 4818 tam
616 4753 651 4818 in
679 4761 785 4820 morte
809 4774 905 4838 quam
935 4755 970 4820 iu
998 4757 1075 4822 vita.
1127 4752 1359 4819 habitationem
1381 4772 1400 4814 e
1421 4753 1554 4837 regione
1574 4753 1730 4830 fratrum,
1753 4759 1790 4817 ut
1814 4753 1941 4817 vicinus
1967 4750 2099 4835 quidam

91 4834 274 4904 Frivolum
300 4839 361 4906 hoo
394 4843 477 4905 forte
509 4839 673 4906 ridebitur
703 4841 849 4924 profanis
880 4840 1076 4921 hominibus,
1127 4845 1228 4918 esset,
1260 4857 1337 4902 suos
1365 4843 1477 4902 temmr
1504 4837 1638 4903 haberet
1667 4835 1823 4904 discretos
1851 4839 1943 4902 fines.
1983 4837 2099 4920 Neque

91 4941 197 5006 quum
224 4923 337 4990 David
367 4925 473 4992 instar
499 4925 660 5009 pecudum
682 4925 791 5010 colligi
814 4923 902 4993 dicat
922 4928 1077 5011 reprobos
1127 4927 1213 4989 enim
1238 4921 1351 4987 dubito
1372 4923 1452 5005 quin
1474 4922 1515 4989 ad
1537 4923 1702 4988 oraculum
1734 4923 1913 5005 respexerit
1933 4922 2019 5007 quod
2042 4923 2099 4988 de·

90 5007 128 5072 in
156 5031 194 5076 se
222 5009 395 5078 nlehrum:
428 5033 543 5077 verum
573 5013 602 5077 si
628 5012 763 5095 propius
793 5011 977 5094 expendas,
1009 5034 1076 5079 non
1126 5011 1210 5077 cirno
1231 5017 1324 5075 sexto
1345 5008 1451 5091 capite
1475 5007 1665 5085 habuimus,
1700 5008 1755 5073 ubi
1778 5010 1864 5074 inter
1886 5007 1950 5074 alia
1973 5007 2099 5074 dicebat

90 5031 247 5161 exstabit
279 5095 360 5162 haec
381 5096 544 5178 collectio,
584 5097 612 5163 si
645 5098 680 5162 in
713 5096 852 5163 nihilum
885 5097 1077 5184 redigantur
1126 5094 1263 5180 angelus
1285 5095 1384 5160 matri
1402 5095 1472 5160 eius
1490 5094 1618 5180 Hagar:
1640 5094 1790 5160 Manebit
1810 5113 1917 5159 coram
1939 5093 2100 5160 fratribus

88 5183 239 5247 animae.
274 5181 473 5267 Sepulturae
490 5183 798 5268 continuopostfiet
815 5185 945 5250 mentio.
979 5185 1077 5251 Nunc
1126 5182 1209 5260 suis',
1243 5180 1297 5247 vel
1329 5183 1408 5265 figet
1440 5180 1659 5247 tabernacula.
1703 5180 1772 5246 Our
1802 5178 1864 5246 hoo
1896 5179 1935 5245 de
1958 5179 2098 5246 Ismaele

86 5321 308 5334 ...—
1125 5269 1353 5352 potiusquam
1377 5266 1416 5332 de
1438 5267 1520 5345 aliis,
1542 5268 1606 5332 nisi
1627 5266 1705 5351 quia
1726 5267 1913 5350 migrarunt
1934 5265 1969 5330 in
1991 5265 2097 5331 orien-

160 5371 192 5440 1)
219 5371 292 5426 Vide
307 5387 377 5442 quor
394 5373 585 5428 concreaturae
602 5372 641 5427 od
659 5371 725 5444 cop.
742 5371 802 5428 xv.
820 5370 861 5427 lh
1126 5354 1225 5419 telem
1256 5352 1403 5438 plagam:
1433 5352 1552 5418 ismael
1581 5373 1659 5417 vero
1687 5352 1764 5418 licet
1796 5361 1928 5437 gentem
1961 5350 2098 5418 haberet
