5000 6208
369 457 434 524 279
1030 455 1403 525 COMMENTARIUS
1425 456 1475 522 IN
1498 454 1712 522 CENESIN.
2310 457 2373 522 280

370 656 474 716 neret.
518 646 676 731 Oportuit
701 648 789 714 enim
817 656 911 713 notas
940 647 1067 732 aliquas
1095 646 1162 712 illic
1188 667 1260 712 esse
1286 645 1346 711 im·
1399 645 1619 712 coniecturam
1640 644 1770 725 inclino,
1793 645 1878 729 quod
1901 645 1941 712 de
1961 644 2019 711 illo
2040 645 2159 711 anxius
2180 644 2288 711 luerit.
2328 645 2373 710 Et

372 750 517 818 pressas,
548 732 635 798 unde
663 751 776 799 omnes
806 733 995 818 colligerent
1024 753 1095 800 csse
1117 731 1198 798 illud
1228 751 1348 798 memo-
1398 731 1470 797 fieri
1491 738 1599 815 potest
1620 739 1659 796 ut
1679 731 1767 796 inter
1789 751 1880 814 spem
1898 741 1931 796 et
1948 739 2071 797 metum
2094 728 2222 808 dubius,
2244 731 2373 797 obviam

372 818 476 885 rabile
497 827 693 902 portentum.
738 818 808 885 Alii
825 826 967 885 statuam
989 818 1068 888 salia
1087 820 1349 902 interpretantur
1399 815 1600 900 processerit,
1624 817 1756 882 risurus
1777 817 1934 883 liberatus
1956 827 2042 882 esset
2064 837 2174 882 necne.
2219 816 2293 882 Etsi
2315 837 2373 881 au·

369 903 669 987 incorruptibilem,
702 924 785 986 qrras
813 914 973 989 perpetuo
1001 903 1148 970 duraret:
1181 903 1238 969 sed
1260 903 1350 987 prior
1400 914 1467 968 tem
1488 901 1571 966 nihil
1600 911 1730 985 praeter
1758 901 1886 968 fumum
1908 903 2029 980 cernit,
2055 902 2110 986 qui
2132 901 2281 968 residuus
2302 923 2373 968 esse

371 990 533 1074 expositio
562 991 668 1074 magis
697 991 840 1074 genuina
869 1000 927 1055 est.
970 990 1068 1056 Nunc
1098 990 1277 1073 quaeritur'
1290 1009 1349 1053 cur
1400 987 1482 1054 solet
1504 1008 1547 1052 ex
1568 1008 1687 1072 magno
1715 987 1881 1054 incendio:
1912 986 1972 1053 hoo
1997 996 2108 1054 tamen
2129 986 2179 1053 illi
2201 989 2373 1074 signuma

366 1075 536 1142 Dominus
564 1083 634 1142 tam
663 1096 778 1142 severe
807 1076 1062 1160 imprudentiam
1089 1075 1227 1140 miserae
1256 1073 1348 1139 femi·
1398 1073 1543 1140 Domino
1561 1074 1672 1138 datum
1691 1081 1749 1154 est,
1769 1084 1807 1138 ut
1823 1074 1915 1139 testis
1932 1075 2015 1139 foret
2031 1073 2072 1138 ad
2090 1083 2235 1158 posteros
2251 1094 2372 1157 poenae

375 1181 437 1227 nae
459 1161 549 1226 ultus
571 1161 628 1226 sit:
652 1163 862 1243 nequeenim
892 1162 1038 1245 respexit
1049 1161 1147 1244 quasi
1171 1158 1350 1226 Sodomam
1401 1169 1468 1224 tam
1486 1159 1715 1225 memorabilis.
1746 1159 1981 1243 Deusquidom
1999 1160 2034 1223 in
2053 1161 2124 1243 ipso
2142 1158 2371 1244 lcciadspectn

372 1246 481 1314 redire
502 1257 647 1331 cuperet.
691 1245 792 1311 Forte
820 1246 926 1314 adhuc
949 1245 1117 1326 dubitans,
1147 1246 1270 1330 certius
1291 1266 1348 1310 ex·
1400 1244 1505 1311 voluit
1522 1252 1692 1312 aeternum
1712 1255 1840 1311 exstare
1861 1253 2127 1311 monumentum:
2150 1244 2206 1310 sed
2227 1245 2315 1329 quia,
2338 1253 2371 1310 ut

373 1333 595 1416 perimentum
638 1332 740 1399 oeulis
782 1332 903 1398 hahere
945 1333 1059 1399 voluit.
1114 1331 1205 1396 Fieri
1248 1330 1349 1397 stiam
1400 1329 1541 1395 mundus
1570 1330 1708 1396 libenter
1733 1331 1852 1397 iudicia
1874 1331 1938 1396 Dei
1959 1330 2127 1410 obscurat,
2155 1331 2247 1396 facile
2268 1331 2371 1396 oredi-

372 1425 483 1503 potest
512 1433 547 1482 ut
571 1413 740 1500 pereuntis
767 1417 880 1500 populi
909 1419 1056 1497 miserta,
1087 1417 1197 1484 oculos
1218 1415 1254 1481 in
1276 1436 1348 1481 eam
1400 1426 1472 1480 tum
1494 1416 1609 1482 fuisset
1629 1416 1683 1481 rel
1706 1416 1806 1482 talem
1827 1417 1867 1482 ab
1889 1416 1985 1481 initio
2006 1417 2106 1482 luisse
2128 1417 2189 1482 loci
2211 1426 2371 1495 naturam,

373 1513 502 1588 partem
529 1504 703 1569 reflexerit.
748 1504 857 1569 Moses
886 1515 971 1569 certe
1000 1524 1066 1568 non
1093 1502 1249 1585 exprimit
1273 1502 1349 1566 data
1400 1501 1454 1567 vel
1491 1501 1626 1567 fortuito
1664 1501 1833 1570 accidisse:
1868 1503 2028 1568 Dominus
2067 1501 2247 1568 vindictam
2277 1523 2372 1568 suam

374 1609 473 1672 opera
512 1589 707 1654 reluctatum
745 1610 817 1655 esse
850 1589 938 1654 Deo:
978 1587 1036 1654 sed
1075 1585 1348 1673 quemadmodum
1400 1587 1500 1653 oculis
1518 1584 1670 1653 Abrahae
1691 1588 1848 1654 subiicere
1870 1587 1983 1668 voluit,
2006 1597 2044 1655 ut
2063 1588 2231 1672 praeconis
2252 1608 2371 1653 munus

374 1676 444 1740 eius
466 1695 504 1740 ac
526 1674 637 1740 mariti
665 1673 812 1740 liberatio
839 1673 1094 1758 incomparabile
1122 1683 1194 1740 orat
1220 1672 1348 1740 miseri·
1400 1671 1486 1756 apud
1509 1681 1653 1754 posteros
1675 1673 1788 1739 obiret.

374 1759 504 1825 cordiae
525 1758 591 1826 Dei
612 1759 808 1843 exemplum,
834 1760 882 1825 ita
904 1760 973 1827 eius
994 1758 1267 1844 ingratitudinem
1291 1779 1349 1840 pu·
1485 1758 1537 1824 29.
1558 1757 1751 1825 Recordatur
1771 1764 1815 1825 eat
1831 1758 1923 1825 Dece
1940 1758 2099 1824 Abrabae.
2144 1759 2286 1824 Tametsi
2305 1779 2369 1823 non

374 1845 442 1910 niri
470 1866 610 1929 aequum
638 1845 709 1911 suit.
754 1845 875 1911 Iamsi
905 1845 1128 1928 expendamus
1150 1865 1264 1910 omnes
1286 1843 1349 1909 cir·
1399 1844 1555 1927 exprimit
1571 1844 1680 1910 Moses
1701 1846 1897 1928 patefactam
1913 1845 2067 1910 Abrahae
2088 1845 2188 1911 fuisse
2208 1844 2370 1910 liberatio-

374 1931 605 2010 cumstantias,
637 1939 762 1998 certum
784 1938 922 1998 estnon
942 1931 1042 1997 fixisse
1068 1931 1141 1996 leve
1162 1930 1231 1997 eius
1254 1927 1350 1994 delio·
1400 1951 1476 1994 nem
1505 1931 1650 2012 nepotis,
1680 1952 1780 2015 quum
1808 1941 1919 1996 tamen
1947 1930 2025 1996 dicit
2053 1931 2089 1995 in
2117 1931 2206 1996 illius
2234 1931 2370 2015 gratiam

375 2024 455 2082 tum.
490 2017 640 2082 Primum
662 2016 856 2099 respiciendi
878 2016 1039 2099 cupiditas
1057 2038 1099 2082 ex
1121 2015 1349 2085 incredulitate
1400 2015 1488 2080 huuc
1508 2015 1609 2080 fuisse
1629 2014 1669 2080 ab
1691 2017 1826 2081 interitu
1847 2026 2024 2094 servatum,
2048 2016 2214 2100 probabile
2235 2025 2285 2081 est
2306 2037 2370 2080 non

373 2101 520 2186 profecta
549 2113 611 2168 est:
641 2103 733 2168 nulla
761 2113 870 2168 autem
892 2103 1031 2170 atrocior
1053 2103 1123 2168 fieri
1146 2109 1255 2185 potest
1275 2099 1349 2166 Deo
1401 2101 1499 2168 fuisse
1528 2100 1693 2184 privatum
1722 2123 1760 2167 ea
1786 2102 2005 2180 consolatione
2034 2123 2098 2184 qua
2126 2103 2268 2168 maxime
2289 2121 2370 2184 opus

374 2188 496 2253 iniuria
533 2209 630 2270 quam
669 2188 747 2253 dum
786 2189 857 2253 eius
900 2187 1000 2253 verbo
1042 2187 1218 2272 abrogatur
1256 2186 1347 2252 fides.
1399 2186 1554 2252 habebat:
1581 2207 1619 2253 ac
1641 2189 1712 2253 eius
1733 2186 1882 2254 beneficii
1903 2187 2070 2254 conscium
2089 2188 2206 2265 irrisas,
2229 2208 2287 2270 pro
2311 2207 2369 2269 quo

373 2272 503 2340 Deinde
532 2293 573 2338 ex
604 2274 711 2340 verbis
732 2272 857 2338 Christi
890 2273 963 2340 colli
988 2275 1074 2339 imus
1105 2293 1207 2357 pravo
1241 2273 1349 2356 aliquo
1402 2294 1476 2338 eum
1504 2274 1626 2357 gratias
1653 2293 1750 2357 agere
1779 2272 1921 2339 decebat.
1966 2271 2005 2339 Si
2026 2273 2079 2340 cui
2103 2272 2279 2339 absurdum
2301 2293 2369 2338 esse

376 2358 535 2424 desiderio
556 2359 657 2424 fuisse
679 2357 862 2425 titillatam:
891 2380 950 2424 nec
965 2295 1113 2424 libenter
1136 2357 1277 2424 Sodoma
1296 2380 1347 2425 rs·
1400 2357 1539 2436 videtur,
1561 2366 1711 2424 sanctum
1733 2359 1899 2424 hominem
1916 2359 1984 2424 Lot
2004 2359 2100 2424 alteri
2120 2359 2221 2424 fuisse
2241 2377 2369 2424 conces·

373 2443 453 2510 licta
484 2464 673 2528 properasse
706 2465 770 2527 quo
798 2445 889 2510 Deus
923 2443 1072 2510 vocabat:
1107 2444 1227 2511 scimus
1259 2444 1348 2510 enim
1400 2465 1491 2522 sum,
1521 2463 1558 2510 ac
1580 2444 1609 2508 si
1629 2464 1697 2508 non
1725 2453 1873 2529 respecta
1901 2445 2017 2511 fuisset
2037 2464 2057 2508 a
2078 2445 2220 2510 Domino
2241 2445 2369 2526 propria

374 2549 530 2612 quorsum
561 2550 620 2595 nos
644 2530 752 2595 iubeat
779 2551 939 2596 memores
969 2551 1039 2595 esse
1061 2531 1174 2596 uxoris
1197 2530 1277 2609 Lot,
1307 2551 1348 2595 ne
1401 2534 1471 2595 eins
1492 2529 1613 2613 pietas:
1637 2529 1825 2614 respondeo,
1846 2529 1927 2596 haec
1949 2529 2013 2595 duo
2034 2531 2268 2597 interessetis
2289 2528 2368 2594 bene

374 2615 533 2681 sciliceta
550 2614 759 2681 meditatione
781 2615 930 2681 coelestis
952 2617 1038 2681 vitae
1059 2615 1173 2681 mundi
1196 2636 1255 2680 nos
1276 2614 1348 2680 ille·
1400 2635 1589 2699 congruere,
1611 2615 1698 2697 quod
1715 2616 1885 2694 Dominus,
1908 2625 1946 2680 ut
1961 2618 2029 2682 suis
2050 2615 2200 2682 omnibus
2222 2614 2368 2680 auxiliari

374 2699 490 2767 ochrae
517 2701 705 2784 impediant.
750 2699 923 2766 Probabile
950 2712 1001 2768 sst
1027 2702 1129 2786 igitur
1149 2701 1215 2767 Dei
1242 2701 1349 2786 gratia
1401 2701 1497 2778 solet,
1527 2701 1649 2766 iustum
1672 2701 1738 2766 Lot
1766 2723 1861 2785 quem
1892 2700 2051 2785 elegerat,
2080 2710 2114 2768 et
2135 2721 2232 2785 quem
2255 2699 2369 2783 spiritu

373 2806 441 2850 nou
463 2793 650 2852 contentam
672 2785 853 2852 diffluxisse
874 2786 910 2850 in
932 2807 1036 2871 prava
1057 2786 1227 2866 desideria,
1253 2786 1348 2853 cuius
1400 2807 1460 2852 suo
1482 2787 1630 2870 regebat,
1657 2807 1755 2853 curas
1785 2785 1951 2852 habuerit:
1979 2788 2105 2852 interea
2126 2795 2237 2852 tamen
2258 2784 2368 2850 testari

375 2871 475 2936 etiam
507 2874 554 2936 rei
588 2874 720 2956 signum
751 2871 817 2937 fuit
845 2871 998 2938 tarditas:
1032 2873 1186 2938 maritum
1220 2873 1349 2939 anima
1401 2871 1507 2939 voluit
1528 2873 1564 2936 in
1594 2873 1664 2938 eius
1693 2872 1762 2938 vita
1790 2881 1990 2956 quantopere
2023 2871 2172 2956 diligeret
2193 2871 2367 2948 Abraham,

374 2966 468 3040 tergo
497 2967 667 3039 sequutum
696 2977 767 3023 esse
795 2957 958 3042 significat
985 2958 1112 3038 Moses,
1142 2979 1243 3041 quum
1270 2957 1349 3024 dicit
1401 2958 1454 3024 cui
1484 2978 1550 3022 non
1574 2957 1670 3022 modo
1699 2959 1839 3024 salutem
1863 2957 2064 3042 praestabat,
2093 2956 2151 3024 sed
2172 2957 2253 3023 alios
2273 2957 2368 3023 etiam

375 3044 558 3125 respexisse
591 3050 664 3126 post
693 3064 783 3108 eum:
824 3063 929 3126 neque
962 3044 1050 3108 enim
1079 3044 1224 3127 respexit
1254 3043 1347 3108 illum
1402 3042 1501 3109 dabat
1527 3042 1714 3110 incolumes.
1759 3044 1934 3110 Caeterum
1957 3055 2069 3110 tenere
2090 3045 2259 3122 convenit,
2288 3039 2368 3125 quod
2476 3071 2477 3090 ι

375 3149 506 3195 vorsus:
537 3128 594 3195 sed
617 3127 693 3212 quia
714 3128 802 3194 lente
830 3129 1012 3213 pergendo,
1041 3130 1150 3196 minus
1178 3150 1350 3214 progressa
1401 3130 1543 3214 gratuito
1566 3129 1643 3195 facit
1664 3129 1843 3208 Dominus,
1867 3151 1927 3197 nec
1949 3130 2079 3197 aliunde
2100 3129 2255 3196 inductus
2275 3147 2368 3211 quam

377 3223 458 3293 erat,
481 3221 518 3279 ut
539 3213 595 3279 illo
618 3223 706 3280 esset
725 3215 892 3298 posterior.
928 3215 1001 3281 Etsi
1022 3222 1132 3280 autem
1154 3214 1194 3280 de
1217 3224 1350 3281 aeterna
1401 3235 1461 3281 sua
1481 3215 1634 3295 bonitate,
1656 3213 1728 3280 ideo
1749 3215 1887 3282 adscribi
1908 3216 2078 3282 hominum
2100 3217 2213 3300 pietati
2230 3213 2282 3281 vel
2299 3233 2367 3296 pre-

377 3298 446 3366 eius
468 3299 573 3365 saluts
595 3297 679 3364 nihil
700 3319 844 3366 asserere
865 3299 956 3378 licet,
979 3300 1146 3384 probabile
1168 3317 1278 3366 tamen
1300 3308 1350 3366 est
1401 3299 1492 3366 cibus
1515 3309 1553 3366 ut
1574 3300 1616 3366 ad
1632 3299 1741 3367 Deum
1763 3300 1935 3368 colendum
1957 3315 1990 3368 et
2010 3301 2169 3367 orandum
2190 3302 2366 3366 incitemur.
2476 3313 2477 3326 ¹

374 3383 486 3456 Deum
507 3385 631 3452 inflicta
655 3386 826 3470 temporali
847 3405 965 3469 poena,
994 3386 1064 3452 eius
1084 3386 1213 3452 animae
1233 3408 1349 3471 peper·
1402 3384 1510 3466 Quam
1529 3407 1564 3452 se
1581 3386 1823 3452 misericordem
1842 3385 1935 3454 Deus
1957 3387 2142 3454 exhibuerit
2159 3389 2195 3452 in
2213 3383 2367 3452 servando

376 3471 467 3549 cisse,
495 3469 769 3555 quemadmodum
797 3492 894 3555 saepe
921 3493 996 3538 suos
1021 3473 1057 3536 in
1079 3492 1177 3539 carne
1199 3473 1348 3558 castigat,
1400 3472 1476 3550 Lot,
1494 3472 1593 3554 paulo
1612 3481 1689 3537 ante
1708 3473 1865 3540 vidimus:
1890 3493 1950 3540 uec
1968 3495 2046 3540 vero
2064 3472 2224 3557 periisset,
2246 3470 2367 3537 edumei
2476 3491 2477 3494 ¹

375 3568 414 3621 ut
434 3555 528 3622 salva
548 3557 592 3624 sit
613 3556 655 3623 ab
682 3569 815 3623 aeterno
841 3557 979 3623 interitu
1008 3557 1127 3623 anima.
1173 3557 1241 3624 Sed
1272 3559 1350 3641 quia
1401 3576 1468 3622 non
1503 3557 1619 3624 suisset
1651 3579 1751 3642 nepos
1784 3559 1946 3625 Abrahae.
2001 3560 2093 3626 Dicit
2124 3569 2235 3624 minen
2266 3558 2368 3623 Moses
2476 3625 2477 3638 ,

373 3641 456 3707 illud
479 3663 545 3709 non
567 3641 741 3708 admodum
763 3642 842 3709 utile
863 3644 998 3729 cognitu
1021 3653 1086 3728 est,
1112 3662 1150 3710 ao
1171 3645 1242 3709 sine
1264 3644 1348 3726 peri·
1402 3643 1488 3726 quod
1517 3644 1584 3709 Lot
1611 3664 1678 3709 non
1711 3655 1925 3728 consumptus
1956 3655 2006 3711 est
2038 3645 2151 3712 eodem
2176 3644 2277 3709 exitio
2307 3660 2368 3724 quo

376 3727 450 3794 culo
479 3729 639 3808 nescitur,
673 3729 781 3811 potius
809 3729 846 3793 in
873 3729 1059 3813 exemplum
1085 3731 1204 3794 intenti
1237 3731 1348 3807 simus,
1403 3727 1554 3808 Sodoma,
1577 3729 1611 3794 id
1634 3729 1747 3795 datum
1769 3731 1868 3797 fuisse
1889 3730 2051 3797 Abrahae.
2096 3730 2193 3813 Quod
2216 3730 2244 3796 si
2265 3727 2368 3794 Domi·

376 3812 463 3966 guod
485 3814 576 3880 Deus
599 3814 735 3882 saeculis
765 3813 915 3881 omnihus
942 3835 1113 3880 commune
1141 3836 1213 3882 esse
1233 3814 1348 3881 voluit.
1402 3836 1465 3881 nus
1492 3816 1647 3899 gratiam,
1680 3837 1744 3899 qua
1771 3838 1905 3883 servum
1934 3838 2030 3900 suum
2058 3818 2213 3902 dignatus
2236 3823 2298 3894 est,
2327 3809 2368 3876 ad
2476 3807 2477 3864 ἲ

405 3899 416 3962 i
446 3921 506 3966 nos
532 3907 634 3966 terret
660 3920 783 3983 poenae
816 3900 977 3984 gravitas,
1009 3900 1255 3968 meminerimus
1283 3923 1350 3966 non
1402 3909 1553 3985 nepotem
1581 3921 1684 3984 usque
1714 3901 1874 3983 extendit,
1903 3903 1960 3986 qui
1979 3903 2047 3969 iam
2075 3904 2170 3987 quasi
2200 3910 2368 3968 extraneus
2476 3917 2477 3996 ,

362 3984 483 4071 ‚levius
504 3984 600 4051 hodie
621 4007 755 4071 peccare
776 4007 831 4052 cos
853 3987 909 4070 qui
930 4007 997 4051 uon
1019 4008 1039 4051 a
1062 3984 1212 4064 Sodoma,
1235 3988 1291 4054 sed
1310 3986 1351 4052 ab
1401 3994 1472 4052 erat
1504 3986 1545 4052 ab
1576 3987 1647 4052 eius
1679 3987 1815 4067 familia,
1855 3998 1976 4072 quanto
2007 3989 2124 4055 melius
2155 3987 2369 4072 unusquisque

377 4071 491 4136 inferis
518 4072 598 4154 ipsis
627 4073 771 4150 liberati,
801 4071 865 4137 alio
886 4092 982 4156 quam
1005 4069 1046 4137 ad
1075 4075 1274 4155 propositam
1296 4095 1351 4140 su·
1400 4071 1547 4137 fidelium
1569 4092 1699 4156 sperare
1721 4072 1826 4153 debet,
1848 4073 1985 4139 eandem
2004 4075 2145 4159 gratiam
2163 4075 2232 4140 suis
2250 4073 2368 4139 domes-

376 4177 498 4239 pernae
520 4158 695 4224 vocationis
718 4157 860 4240 palmam
881 4167 1074 4241 respectant.
1401 4158 1474 4224 ticis
1496 4158 1631 4223 minime
1652 4157 1840 4224 defuturam
1864 4159 1955 4228 essa?
1978 4159 2051 4226 Iam
2073 4161 2101 4226 si
2123 4161 2293 4237 Dominus,
2313 4153 2367 4220 ubi
2476 4161 2477 4184 ¹

464 4243 515 4307 27.
549 4243 593 4308 Et
633 4245 774 4309 mmccit
804 4241 978 4308 Abraham.
1033 4242 1134 4309 Redit
1166 4243 1277 4310 Moses
1309 4243 1350 4310 ad
1402 4244 1496 4310 nobis
1524 4244 1628 4330 farm,
1658 4244 1738 4310 alios
1767 4246 1867 4310 etiam
1888 4247 1946 4329 qui
1974 4246 2067 4312 nobis
2094 4245 2261 4313 coniuncti
2284 4248 2366 4317 sunt,
2476 4279 2477 4308 ;

376 4326 557 4406 Abraham,
581 4349 618 4395 ac
639 4327 781 4396 ostendit
799 4328 935 4394 minime
957 4328 998 4394 ab
1016 4349 1053 4394 co
1075 4328 1258 4414 neglectum
1280 4351 1352 4396 esse
1403 4330 1611 4412 amplectitur
1637 4339 1751 4396 nostra
1779 4351 1892 4397 causa:
1943 4339 2045 4397 nanto
2073 4332 2179 4397 maior
2204 4329 2368 4398 habebitur
2476 4381 2477 4394 .

376 4412 464 4495 quod
481 4435 523 4478 ex
540 4435 595 4479 ore
617 4414 725 4499 angeli
748 4414 910 4480 audierat:
931 4414 967 4478 in
989 4414 1095 4481 locum
1118 4415 1205 4480 enim
1224 4416 1352 4483 venisse
1404 4414 1444 4480 ab
1467 4435 1504 4480 co
1532 4416 1635 4480 nostri
1664 4415 1772 4481 ratio?
1796 4415 1894 4497 Quod
1950 4417 2047 4485 'citur
2067 4417 2135 4484 Lot
2157 4418 2314 4485 habitasse
2333 4412 2368 4475 in

377 4506 507 4578 narrat,
536 4498 623 4564 unde
643 4499 798 4566 iudicium
820 4500 883 4565 Dei
906 4509 1053 4583 spectare
1075 4509 1193 4584 posset
1237 4501 1351 4584 Neque
1403 4500 1468 4565 illis
1489 4499 1640 4580 urbibus,
1663 4501 1899 4586 synecdochica
1921 4511 1971 4568 est
1991 4501 2152 4587 loquutio:
2176 4500 2234 4569 sed
2255 4501 2367 4566 diserte

377 4584 467 4650 enim
496 4582 728 4669 suspicandum
757 4594 807 4650 est
835 4584 934 4673 (quod
964 4586 1003 4650 dc
1029 4607 1133 4652 uxore
1155 4586 1219 4652 Lot
1247 4609 1293 4653 nu
1316 4609 1352 4652 er
1401 4585 1436 4652 id
1464 4587 1606 4670 positum
1636 4587 1699 4652 fuit
1726 4586 1767 4651 ad
1794 4588 2025 4654 illustrandum
2055 4588 2262 4655 miraculum:
2297 4581 2369 4666 quia

378 4668 534 4756 diximus)
561 4672 636 4754 plus
658 4669 736 4735 lidei
764 4671 917 4738 habuisse
946 4671 1014 4737 suis
1041 4671 1144 4738 oculis
1167 4693 1265 4756 quam
1322 4673 1352 4738 ei
1401 4673 1532 4739 nonnisi
1549 4672 1707 4756 singulari
1724 4673 1788 4739 Dei
1808 4672 2015 4759 providentia
2035 4674 2156 4740 lactum
2179 4682 2231 4739 est
2249 4681 2284 4737 ut
2302 4687 2371 4752 per·

378 4756 494 4821 verbo:
518 4766 552 4822 et
573 4757 648 4840 quia
664 4755 1003 4835 dubitaret,··venisse
1029 4757 1222 4842 explorandi
1244 4778 1350 4825 causa.
1401 4758 1477 4824 ditis
1498 4758 1642 4843 quinque
1662 4758 1807 4836 urbibus,
1828 4781 1914 4826 unus
1935 4759 2097 4827 evaderet.

378 4839 470 4922 Quin
503 4843 609 4925 potius
630 4864 671 4908 ex
703 4850 858 4908 contextu
888 4842 1072 4926 colligimus
1093 4844 1218 4926 ipsum,
1251 4865 1352 4927 quum
1491 4844 1542 4910 30.
1565 4845 1716 4911 Ascendit
1743 4844 1802 4910 Lot
1829 4846 1867 4911 de
1894 4845 2005 4912 Sohar.
2048 4845 2264 4912 Demonstrat
2292 4841 2369 4906 haec

376 4927 443 4993 iam
484 4948 656 5010 persuasus
696 4937 783 4996 esset
816 4949 880 4994 non
916 4929 1038 4994 frustra
1077 4930 1248 5014 loquutum
1282 4951 1353 4996 esse
1403 4931 1541 4998 historia
1562 4929 1647 5015 quod
1670 4931 1760 5016 prius
1782 4930 1890 5017 attigi,
1920 4933 2100 4998 temerariis
2129 4931 2270 4998 consiliis
2288 4943 2369 5010 quae
2476 4927 2477 4952 ³

373 5013 548 5097 angelum,
578 5034 619 5079 ex
642 5014 689 5080 rei
712 5016 896 5100 spectaculo
922 5015 1200 5082 confirmationem
1223 5015 1352 5099 petiisse
1404 5015 1465 5083 sibi
1495 5038 1536 5082 ex
1562 5016 1670 5082 carnis
1698 5037 1799 5084 sensu
1825 5016 1986 5084 fabricant
2015 5018 2180 5097 homines,
2210 5029 2369 5097 nunquam
2476 5043 2477 5052 ι

377 5119 463 5183 quae
484 5108 553 5165 tam
573 5099 620 5164 illi
638 5120 736 5184 quam
757 5102 896 5185 posteris
918 5101 1010 5167 utilis
1031 5100 1142 5166 futura
1163 5114 1243 5167 orat.
1284 5102 1354 5169 Neo
1405 5122 1558 5187 prospere
1579 5101 1765 5168 succedere:
1788 5103 1980 5187 praesertim
2003 5102 2059 5168 ubi
2080 5123 2167 5169 vana
2189 5123 2245 5188 sps
2264 5095 2368 5172 illecti,
2476 5119 2477 5144 ι

378 5203 460 5249 vero
482 5183 619 5250 dubium
641 5195 691 5253 cst
719 5187 797 5269 quin
819 5197 889 5253 tota
910 5207 948 5253 ea
970 5194 1066 5253 nocte
1086 5208 1205 5272 graves
1227 5190 1352 5256 orucia—
1405 5190 1458 5255 vel
1485 5188 1618 5272 impulsi
1646 5189 1759 5271 pravis
1790 5190 1891 5267 rotis,
1926 5211 1946 5254 a
1973 5189 2036 5257 Dei
2064 5187 2164 5256 verbo
2198 5184 2368 5254 discedunt.
2476 5223 2477 5238 .

379 5277 435 5336 tus
457 5270 629 5354 pertulerit
650 5270 690 5335 de
711 5271 816 5338 salute
837 5274 966 5356 nepotis
986 5273 1037 5338 aui
1059 5273 1141 5338 Lot:
1170 5292 1213 5338 au
1234 5275 1354 5342 certior
1405 5275 1479 5341 Etsi
1507 5275 1594 5341 enim
1622 5274 1812 5358 plerumque
1839 5276 1926 5340 inter
1954 5275 2049 5340 initia
2077 5275 2156 5342 felix
2178 5275 2298 5340 ridetur
2318 5277 2369 5365 te-
2476 5287 2477 5324 ι

376 5354 527 5422 redditus
561 5355 655 5438 foret,
694 5357 873 5424 nescimus:
912 5359 1019 5442 magis
1056 5365 1167 5425 tamen
1205 5360 1241 5424 iu
1280 5380 1352 5426 eam
1404 5361 1547 5440 meritas,
1571 5370 1605 5425 et
1619 5369 1753 5445 propter
1774 5360 1877 5427 laetos
1893 5370 2032 5428 eventus
2049 5359 2218 5428 exsultant
2232 5359 2283 5444 qui
2298 5353 2370 5418 libr·
2476 5385 2477 5420 ι
