4988 6192
385 415 452 480 495
1044 408 1413 479 COMMENTARIUS
1435 410 1485 475 IN
1507 407 1721 474 GENESIN.
2316 408 2380 474 496

387 609 565 687 perpetuus
583 608 616 667 et
638 600 814 684 aequabilis
836 607 946 667 tenor:
968 601 1017 667 ita
1033 621 1093 667 nee
1118 600 1257 666 virissim
1275 607 1357 664 tem-
1409 619 1494 664 unna
1512 619 1532 662 e
1553 598 1670 681 spiritu
1691 617 1749 680 per
1771 616 1807 662 os
1829 596 1942 674 Musis,
1974 595 2059 680 qnod
2077 597 2174 665 Onan
2198 596 2292 680 quasi
2316 598 2381 662 vio-

387 689 515 772 porales
532 707 654 771 poenas
672 686 782 752 eodem
795 707 923 771 semper
933 686 1029 752 modo
1043 687 1242 769 exsequitur.
1266 683 1357 751 Setis
1408 684 1495 749 lento
1524 685 1637 750 abortu
1667 682 1777 748 fratris
1800 685 1850 748 sui
1879 682 2023 748 sobolem
2046 705 2087 748 ex
2109 694 2201 749 utero
2232 691 2381 750 materno

388 785 451 851 est,
483 773 567 856 qnod
595 773 635 838 ad
662 780 867 856 praesentem
897 773 999 838 vitam
1027 781 1169 856 speotet,
1198 769 1357 855 quaedam
1407 771 1566 848 avulsam,
1588 791 1654 834 non
1674 769 1783 834 minus
1801 767 1975 834 crudeliter
1993 789 2089 852 quam
2107 769 2199 833 foede
2211 770 2381 833 interram

387 878 564 942 poenarum
587 867 620 923 et
648 859 867 941 praemiorum
895 859 1045 942 exempla
1074 859 1219 940 proponi.
1265 856 1358 921 Adde
1407 856 1550 940 proieeit.
1602 854 1713 930 Adde,
1746 855 1830 938 qnod
1863 854 1925 921 hoe
1954 853 2049 919 modo
2077 855 2208 938 generis
2242 854 2382 919 humani

387 943 471 1028 quod
505 945 600 1010 siouti
633 963 807 1010 aerumnae
839 943 926 1009 vitae
964 944 1161 1027 praesentis,
1200 962 1284 1025 quae
1315 963 1358 1006 ex
1407 951 1543 1024 partem,
1565 949 1722 1024 quantum
1741 941 1776 1004 in
1794 961 1829 1005 se
1846 951 1925 1018 erat,
1948 940 2077 1006 abolere
2094 949 2230 1006 conatus
2248 949 2309 1006 est.
2345 937 2382 1006 Si

387 1038 526 1096 naturae
547 1031 730 1113 eorruptela
761 1029 1013 1112 superveniunt,
1046 1049 1114 1094 non
1142 1029 1359 1113 exstinguunt
1407 1048 1471 1109 que
1492 1027 1610 1092 mulier
1637 1028 1760 1091 foetum
1789 1047 1830 1092 ex
1859 1034 1953 1091 utero
1982 1024 2228 1092 medioamentis
2261 1025 2382 1109 abigat,

387 1117 526 1200 primam
548 1125 580 1180 et
601 1115 746 1181 nativam
765 1114 829 1180 Dei
850 1117 1005 1198 gratiam:
1028 1116 1074 1180 ita
1096 1115 1237 1180 vicissim
1260 1134 1358 1191 mors,
1407 1112 1604 1195 inexpiabile
1626 1119 1778 1178 censetur
1800 1112 1938 1178 orimeu:
1961 1119 1994 1175 et
2011 1111 2136 1176 merito.
2165 1111 2292 1176 Eodem
2311 1111 2383 1194 pia·

387 1221 489 1284 quum
516 1221 575 1284 per
597 1223 632 1266 se
653 1200 717 1266 Dei
745 1200 928 1266 maledietio
950 1201 1007 1278 sit,
1037 1199 1279 1284 supernaturali
1306 1219 1357 1264 re·
1408 1198 1473 1264 ouli
1496 1218 1615 1282 genere
1637 1218 1671 1264 se
1693 1197 1869 1262 obstrinxit
1890 1196 2004 1276 Onan,
2031 1205 2152 1262 terrem
2175 1218 2234 1262 suo
2256 1197 2381 1263 semine

387 1286 494 1351 medio
523 1287 608 1352 aedit
639 1287 750 1352 eleotis
782 1287 815 1350 in
850 1287 1004 1352 salutem:
1038 1293 1168 1352 tantum
1202 1285 1292 1350 abest
1321 1291 1359 1348 ut
1408 1283 1571 1364 infieiens,
1600 1304 1642 1348 ne
1663 1282 1808 1348 Thamar
1830 1283 1999 1348 hominem
2025 1283 2210 1366 eoneiperet
2231 1283 2382 1349 futurum

387 1373 564 1455 quidquam
594 1382 718 1438 nooeat.
762 1372 963 1437 Praesertim
993 1371 1102 1449 hodie,
1134 1393 1175 1436 ex
1204 1392 1267 1453 quo
1290 1369 1357 1453 pri·
1409 1380 1516 1435 terrae
1538 1369 1687 1436 insolam.

387 1457 499 1524 mitiae
522 1459 765 1523 resurreetionis
786 1457 822 1521 in
845 1456 979 1523 Obristo
997 1455 1124 1522 oblatae
1146 1465 1232 1535 sunt,
1256 1455 1358 1521 nihilo
1495 1456 1546 1520 11.
1570 1454 1613 1519 st
1634 1455 1718 1520 dieii
1740 1452 1880 1519 Iabudub
1902 1453 1945 1518 ed
1958 1453 2108 1519 Thamar.
2143 1453 2383 1520 InnuitMoses

389 1543 533 1610 deterior
550 1552 599 1609 est
617 1563 729 1608 eorum
747 1542 888 1608 eonditio
906 1544 961 1625 qui
979 1543 1042 1609 oito
1060 1541 1221 1607 tolluntur
1238 1563 1256 1606 e
1274 1541 1357 1605 vita:
1409 1540 1553 1605 Thamar
1582 1559 1648 1605 non
1677 1540 1778 1604 fuisse
1807 1538 1959 1630 liberam,
1988 1547 2027 1604 ut
2056 1541 2089 1604 in
2118 1540 2216 1605 aliam
2248 1539 2383 1604 domum

388 1630 463 1713 quia
489 1629 642 1696 Christus
674 1629 743 1711 ipse
776 1629 904 1692 luorum
932 1635 980 1693 est
1009 1637 1076 1693 tam
1108 1627 1149 1693 nd
1183 1627 1359 1693 vivendum
1409 1626 1596 1705 obnuberet,
1611 1627 1767 1709 quamdin
1779 1623 1841 1690 sub
1852 1625 1922 1690 iure
1934 1645 1993 1690 suo
2005 1646 2077 1690 eam
2089 1625 2221 1692 volebat
2238 1626 2383 1692 retinere

387 1714 550 1800 quemad
579 1713 792 1779 moriendum.
837 1713 878 1778 In
909 1722 1015 1779 morte
1039 1723 1148 1778 autern
1171 1714 1243 1779 Her
1271 1714 1359 1778 elara
1408 1712 1518 1778 Iudas.
1563 1712 1652 1776 Fieri
1676 1709 1805 1794 quidem
1833 1719 1998 1795 potestat
2020 1731 2055 1777 se
2077 1712 2164 1776 ultro
2192 1709 2384 1777 submiserit

387 1801 451 1867 fuit
479 1809 512 1866 et
540 1799 691 1865 notabilis
719 1799 865 1864 vindiela
891 1796 970 1876 Dei,
1004 1808 1041 1863 ut
1072 1801 1166 1866 facile
1196 1805 1359 1866 oonstaret
1408 1798 1543 1864 arbitrio
1564 1798 1682 1874 soteri,
1711 1819 1810 1880 quum
1840 1797 1953 1863 lioeret
1980 1817 2116 1880 negare:
2148 1798 2249 1863 verba
2272 1805 2383 1862 tamen

387 1886 527 1971 quadam
547 1885 636 1952 velut
658 1883 751 1950 sorde
773 1885 909 1968 pnrgari
931 1896 1062 1950 terram.
1408 1904 1523 1949 sonare
1541 1883 1602 1949 hoe
1619 1883 1784 1961 videntur,
1803 1904 1866 1948 usu
1881 1891 1914 1947 et
1933 1884 2076 1949 moribus
2094 1882 2195 1948 fuisse
2212 1892 2383 1967 reeeptum

473 1973 502 2038 8.
526 1971 692 2054 Iupredere
712 1971 756 2036 ud
785 1990 920 2036 uxorea
965 1970 1110 2035 Tametsi
1133 1969 1173 2034 de
1205 1969 1358 2035 fraternis
1408 1991 1450 2034 ne
1472 1970 1616 2035 Thamar
1638 1969 1674 2033 in
1696 1969 1838 2034 alienam
1858 1967 2017 2034 familiam
2039 1970 2212 2048 transiret,
2238 1969 2306 2034 nisi
2329 1991 2383 2034 vo·

386 2057 561 2142 eoniugiis,
591 2065 627 2121 ut
654 2058 754 2121 freter
784 2063 949 2138 superstes
972 2076 1084 2121 semen
1107 2064 1234 2121 mortuo
1257 2056 1358 2121 susoi-
1407 2054 1495 2120 lente
1515 2076 1638 2130 sosero,
1663 2054 1817 2139 quamdiu
1841 2055 1902 2119 fnit
1923 2075 2104 2132 suceessor,
2127 2055 2183 2139 qui
2205 2075 2322 2121 semen
2344 2077 2384 2120 ex

387 2151 487 2223 taret,
517 2143 608 2207 nulla
630 2141 737 2208 adhue
759 2141 814 2207 lex
836 2143 1018 2224 perscripta
1039 2151 1125 2206 erat:
1159 2163 1225 2208 non
1247 2149 1357 2205 tamen
1408 2161 1446 2204 oe
1463 2142 1652 2225 suseiperet.
1686 2138 1854 2226 Quidquid
1872 2141 1924 2217 sit,
1948 2141 2047 2205 nimis
2065 2143 2174 2223 inique
2192 2139 2382 2224 egitIudas,

385 2231 506 2294 mirum
539 2238 589 2293 est
621 2227 689 2292 solo
722 2237 858 2293 naturae
892 2228 1049 2293 instinotu
1082 2227 1145 2292 huo
1179 2247 1356 2310 propensos
1407 2225 1469 2291 sibi
1492 2226 1679 2293 devinctam
1701 2234 1818 2291 tenens
1836 2247 1933 2309 quum
1951 2225 2103 2292 fraudare
2125 2226 2282 2292 deerevit.
2317 2227 2383 2292 Neo

385 2314 658 2380 fuissehomines.
677 2311 1357 2396 Namquumnasoentnrsingulibomines
1408 2332 1485 2377 vero
1513 2333 1612 2379 eausa
1639 2311 1702 2378 fuit
1728 2334 1786 2378 our
1815 2333 1833 2377 e
1862 2311 1957 2376 domo
1986 2333 2047 2377 sua
2075 2311 2212 2378 liberam
2241 2312 2381 2394 migrare

385 2400 426 2465 ad
439 2400 537 2464 totius
548 2399 678 2482 generis
695 2399 984 2477 conservationem,
1002 2399 1032 2463 si
1048 2399 1121 2481 quis
1138 2398 1276 2464 moritur
1287 2399 1358 2463 sine
1407 2398 1523 2478 nollet,
1552 2398 1614 2464 nisi
1643 2396 1729 2480 quod
1757 2398 1884 2462 veritus
1913 2407 1963 2463 eet
1991 2397 2233 2464 inoonstantiae
2262 2407 2381 2462 notam.

384 2486 505 2563 liberis,
524 2485 652 2550 videtur
672 2484 724 2550 hio
742 2482 875 2566 quidam
893 2483 1195 2549 naturaedefeotus.
1228 2484 1357 2548 Huma·
1409 2481 1476 2550 Sed
1498 2484 1579 2548 tanti
1601 2503 1667 2548 non
1691 2482 1803 2548 debuit
1823 2505 1895 2548 esse
1917 2483 2108 2550 ambitiosus
2129 2483 2186 2548 ille
2208 2483 2324 2566 pudor,
2346 2491 2381 2548 nt

385 2593 463 2636 num
489 2571 592 2654 igitur
620 2591 690 2635 esse
718 2577 876 2652 putarunt
892 2590 1011 2634 nomen
1040 2569 1169 2653 aliquod
1192 2570 1358 2653 aequirere
1408 2589 1487 2652 erga
1509 2590 1628 2635 nurum
1650 2590 1743 2634 suam
1765 2569 1911 2651 perfidus
1934 2577 2019 2634 esset
2041 2591 2078 2636 eo
2100 2569 2252 2635 erudelis.
2291 2567 2381 2635 Adde

385 2658 531 2732 mortuis,
554 2677 596 2720 ex
618 2675 682 2738 quo
704 2661 830 2738 pateret
848 2655 935 2738 ipsos
957 2655 1087 2720 vixisse.
1120 2654 1225 2722 Uniea
1246 2664 1358 2720 autem
1410 2653 1496 2738 qnod
1525 2656 1605 2721 haee
1633 2655 1753 2720 iniuria
1774 2676 1815 2720 ex
1844 2675 1945 2737 pravo
1973 2654 2094 2721 indioio
2115 2664 2187 2720 ortu
2209 2665 2278 2720 est:
2309 2656 2383 2737 quia

342 2771 345 2778 ·
384 2743 468 2808 ratio
486 2741 556 2820 fnit,
575 2741 692 2808 liberos
710 2762 752 2805 ex
769 2740 869 2806 fratre
886 2742 1061 2822 superstite
1079 2741 1206 2824 genitos
1218 2740 1359 2806 adscribi
1410 2760 1524 2806 eausas
1543 2742 1656 2806 mortis
1673 2741 1816 2806 filiorum
1834 2761 1901 2805 non
1918 2750 2084 2824 reputans,
2106 2741 2189 2807 falso
2206 2761 2245 2805 ao
2264 2741 2382 2806 iniuste

384 2837 523 2906 mortuo,
542 2849 584 2892 ne
602 2827 675 2909 quis
692 2834 777 2892 esset
795 2826 829 2890 in
848 2826 971 2890 familie
989 2825 1099 2892 aridus
1117 2847 1241 2892 ramus:
1262 2836 1358 2910 atque
1410 2825 1539 2910 eulpam
1571 2828 1727 2893 transfert
1759 2826 1793 2890 in
1827 2826 1997 2892 mulierem
2029 2827 2209 2892 innoxiam.
2262 2826 2383 2892 Infelix

385 2913 447 2979 hoe
458 2910 554 2978 modo
566 2911 748 2978 sterilitatis
759 2911 972 2995 ignominiam
983 2911 1143 2978 delebant.
1167 2911 1261 2977 Adde
1272 2910 1359 2995 quod
1410 2912 1512 2978 eredit
1542 2933 1612 2978 esse
1644 2912 1834 2995 ooniugium
1863 2911 2023 2978 Thamar:
2057 2931 2116 2977 our
2148 2933 2227 2996 ergo
2258 2919 2296 2977 ut
2323 2911 2384 2978 sibi

385 3019 484 3083 quum
505 2997 625 3062 mulier
647 2996 722 3063 data
750 2998 794 3063 sit
816 2997 889 3063 viro
912 2997 1072 3078 adiutrix,
1101 3005 1139 3062 ut
1159 3017 1306 3081 quaeque
1322 2998 1358 3062 in
1411 2999 1574 3078 oonsulat‚
1597 2997 1816 3081 maritumque
1835 2998 1913 3062 alibi
1934 2998 2086 3081 reperiat,
2108 3018 2173 3062 non
2196 2997 2381 3078 permittit?

385 3084 529 3168 aliquam
540 3082 696 3148 familiam
708 3091 874 3166 nupserat:
891 3081 1125 3166 quodammodo
1137 3084 1207 3150 eius
1217 3083 1359 3149 familiae
1412 3082 1479 3149 Sed
1501 3083 1580 3148 illud
1602 3103 1729 3167 qnoque
1750 3083 1829 3149 feeit
1859 3103 2046 3167 perperam,
2075 3083 2160 3166 quod
2183 3104 2288 3166 quum
2309 3084 2383 3148 filiis

386 3169 511 3236 nomini
550 3175 621 3234 erat
662 3167 799 3234 addiota.
843 3166 1031 3234 Secundum
1069 3169 1156 3235 hano
1199 3171 1360 3234 rationem
1411 3191 1512 3237 eausa
1533 3169 1625 3234 exitii
1646 3170 1746 3235 fuerit
1767 3170 1899 3253 propriu
1920 3169 2121 3253 improbitas,
2144 3168 2279 3235 sinistre
2301 3168 2383 3234 iudi·

386 3255 531 3320 Thamar
553 3276 619 3319 non
641 3274 774 3337 prorsus
796 3261 867 3319 erat
888 3253 1006 3334 libera,
1040 3254 1117 3337 quin
1139 3254 1237 3320 fidem
1259 3252 1360 3320 habe·
1412 3264 1465 3322 eat
1486 3255 1526 3320 de
1542 3257 1612 3338 ipsa
1629 3255 1782 3335 Thamar,
1806 3255 1859 3322 eui
1882 3254 1966 3320 nihil
1987 3255 2143 3338 imputari
2164 3254 2282 3338 potuit.
2317 3254 2383 3319 Nos

385 3350 438 3407 ret
458 3339 646 3406 obstrictam
669 3340 779 3405 domni
796 3339 898 3405 Iudae
915 3339 957 3404 ad
972 3338 1207 3424 proereandum
1229 3339 1360 3424 aliquod
1410 3361 1490 3407 vero
1507 3341 1569 3407 hoo
1587 3341 1736 3426 exemplo
1753 3340 1926 3422 diseamus,
1947 3341 2074 3424 quoties
2091 3339 2184 3406 nobis
2206 3339 2383 3425 quidquam

386 3447 507 3494 semen.
551 3426 624 3492 Etsi
647 3432 757 3491 entem
777 3425 838 3491 hoo
860 3447 924 3491 non
947 3433 1054 3492 estex
1076 3427 1208 3509 pietatis
1234 3425 1359 3510 regule,
1410 3427 1571 3512 contingit
1589 3426 1730 3507 adversi,
1747 3448 1813 3492 non
1831 3427 1895 3492 elio
1913 3427 2041 3510 eulpam
2060 3425 2305 3506 transsoribere,
2323 3447 2383 3492 nee

385 3513 549 3579 Dominus
575 3519 685 3577 tamen
711 3520 867 3595 tanquam
894 3511 1111 3579 humanitatis
1136 3512 1277 3578 officium
1300 3512 1359 3577 bu·
1411 3533 1577 3580 aeeorsere
1599 3513 1677 3580 hine
1698 3511 1774 3580 inde
1796 3512 1913 3578 dubias
1934 3513 2148 3596 suspiciones,
2170 3510 2230 3579 sed
2252 3523 2384 3597 peeoata

384 3599 513 3664 minum
536 3596 688 3664 cordibus
709 3597 889 3662 indiderat:
918 3597 1016 3662 sienti
1038 3605 1152 3682 postea
1171 3596 1301 3665 Indaeis
1322 3598 1359 3662 in
1410 3609 1521 3666 nostra
1554 3607 1714 3666 exentera.
1769 3598 1962 3666 Oavendnm
1996 3600 2095 3664 etiam
2128 3619 2169 3664 ne
2211 3604 2384 3682 tantopere

384 3704 445 3749 sne
477 3683 592 3766 politia
618 3681 795 3748 mandavit.
839 3682 928 3747 Hino
955 3684 1141 3767 oolligimus
1169 3704 1266 3767 quam
1289 3704 1358 3748 ma·
1410 3685 1596 3750 dominetur
1618 3684 1739 3751 stultus
1761 3683 1882 3768 pudor:
1908 3691 1945 3749 nt
1967 3684 2045 3749 dnm
2068 3685 2188 3750 famam
2211 3685 2382 3751 studemus

384 3770 495 3854 lignus
527 3769 626 3834 fuerit
647 3767 753 3840 ,Onan
788 3769 842 3852 qni
870 3767 959 3834 huno
993 3769 1148 3834 honorem
1175 3769 1271 3835 fratri
1298 3791 1358 3836 suo
1408 3770 1556 3836 illaesam
1579 3773 1661 3836 tueri
1682 3772 1768 3854 apud
1784 3770 1942 3850 homines,
1965 3770 2060 3836 nobis
2081 3770 2204 3835 minori
2225 3792 2321 3837 ouraa
2340 3770 2383 3836 sit

384 3855 520 3935 invidit,
550 3875 587 3920 ae
616 3874 728 3920 semen
757 3875 964 3938 eorrumpere
993 3855 1111 3920 maluit
1137 3875 1235 3938 qnam
1263 3855 1358 3921 fratri
1409 3856 1495 3923 bona
1517 3856 1714 3922 eonsoientia
1735 3876 1845 3923 eoram
1867 3858 1948 3922 Deo.

385 3949 515 4006 mortno
537 3949 713 4023 paternum
736 3940 868 4004 titulum
890 3940 1074 4022 aequirere:
1104 3950 1202 4026 atque
1224 3942 1286 4008 hoe
1308 3950 1357 4007 to·
1496 3942 1546 4008 13.
1575 3941 1618 4006 Et
1648 3942 1830 4008 nunciatam
1862 3942 1928 4024 fuit
1958 3941 2023 4023 ipsi
2058 3941 2208 4007 Ibatur.
2260 3941 2382 4007 Narrat

385 4036 457 4092 tum
479 4025 515 4089 in
536 4046 707 4092 eommnne
729 4025 860 4108 generis
881 4024 1020 4091 dedeeue
1042 4025 1214 4093 redundat.
1259 4027 1358 4094 Vida-
1408 4029 1518 4095 Moses
1539 4026 1697 4110 quomodo
1731 4027 1884 4092 iniuriam
1911 4026 1973 4093 sibi
1994 4027 2113 4094 foetam
2136 4027 2207 4092 ulta
2228 4027 2272 4094 sit
2293 4026 2384 4092 Tha·

385 4132 459 4176 mus
482 4119 519 4175 ut
539 4110 636 4175 multi
664 4109 777 4177 amieis
805 4111 954 4195 proprios
983 4111 1066 4177 filios
1088 4114 1123 4177 in
1152 4112 1357 4197 adoptionem
1408 4135 1489 4180 mar.
1534 4113 1700 4197 Prineipio
1723 4112 1834 4178 dolum
1856 4133 1922 4178 non
1945 4113 2067 4194 olfeoit,
2095 4111 2153 4179 sed
2178 4113 2277 4198 longo
2299 4121 2383 4178 tem·

385 4196 579 4263 ooneedant:
612 4195 764 4262 immanis
794 4216 871 4280 ergo
900 4197 963 4261 fnit
992 4196 1173 4277 barbaries,
1202 4219 1357 4282 germano
1408 4200 1496 4283 poris
1512 4218 1673 4265 suooessn.
1706 4199 1885 4282 Postquam
1904 4199 2090 4265 adoleverat
2103 4197 2189 4278 Sela,
2213 4199 2384 4282 dereptam

386 4283 481 4348 fratri
498 4302 618 4366 negare
635 4280 719 4363 qnod
741 4283 907 4347 extrtnsis
930 4281 1035 4348 datur.
1072 4282 1167 4348 Adde
1185 4285 1272 4367 quod
1289 4305 1355 4349 non
1408 4307 1443 4351 se
1472 4284 1604 4363 videns,
1620 4285 1678 4350 'ad
1712 4285 1889 4351 vindictam
1919 4307 1954 4350 se
1983 4285 2155 4350 convertit.
2207 4285 2276 4350 Neo
2304 4305 2384 4351 vero

386 4369 490 4435 solum
522 4367 658 4432 fratrem
691 4366 797 4434 debito
829 4367 902 4433 iure
934 4366 1114 4436 fraudavit:
1151 4368 1209 4435 sed
1234 4370 1357 4435 ¹maluit
1408 4369 1543 4437 dubium
1561 4379 1612 4435 est
1628 4371 1706 4453 quin
1724 4391 1833 4436 seeum
1851 4370 1908 4436 din
1926 4370 2083 4436 meditata
2104 4371 2214 4450 fuerit,
2237 4379 2269 4436 et
2287 4370 2385 4455 qnasi
2477 4413 2478 4418 κ

386 4475 497 4520 semen
516 4455 550 4518 in
570 4463 657 4518 terra
678 4463 874 4536 putreseere,
897 4474 996 4537 quum
1014 4455 1075 4520 snb
1094 4455 1203 4520 fratris
1223 4457 1357 4522 nomine
1408 4455 1534 4523 coxerit
1559 4455 1621 4522 hoo
1649 4457 1830 4523 eonsilium.
1874 4456 1960 4521 Nam
1990 4455 2031 4522 de
2057 4457 2257 4540 profeetione
2277 4457 2384 4523 Indae
2477 4455 2478 4502 ἒ

385 4541 520 4625 gignere
542 4539 657 4602 filium.
1408 4563 1475 4609 non
1496 4542 1616 4609 allatus
1638 4551 1688 4608 est
1709 4541 1843 4607 fortuito
1871 4541 2025 4608 nunoius:
2053 4541 2112 4609 sed
2134 4543 2211 4627 qnia
2232 4543 2265 4608 iu
2287 4563 2385 4610 oeca-
2477 4567 2478 4572 ¹

471 4625 522 4690 10.
555 4623 601 4688 Et
636 4624 799 4705 displicuit
835 4625 870 4689 ia
906 4625 1006 4691 uadis
1035 4624 1177 4692 Domini.
1232 4627 1356 4694 Parnm
1406 4630 1531 4696 sionem
1548 4628 1684 4706 intenta,
1704 4628 1854 4695 custodes
1871 4635 2070 4712 apposuerat
2087 4629 2142 4712 qui
2159 4628 2289 4714 singula
2308 4631 2384 4696 eius
2477 4671 2478 4702 ι

386 4710 569 4778 verecunde
586 4709 700 4774 Iudaei
719 4708 760 4775 de
777 4731 812 4776 re
834 4709 987 4793 pudenda
1008 4712 1168 4796 garriunt.
1203 4713 1357 4780 Breviter
1408 4716 1494 4782 faeta
1515 4712 1687 4779 referrent.
1732 4711 1930 4796 Quanquam
1952 4727 2063 4779 autem
2091 4723 2187 4799 turpe
2217 4724 2250 4781 et
2276 4717 2385 4799 proba
2477 4737 2478 4784 3

386 4796 535 4880 attigisse
557 4794 638 4860 mihi
660 4795 799 4861 sufficiet
827 4806 988 4880 quantum
1016 4796 1121 4880 pudor
1141 4798 1247 4882 eloqui
1267 4800 1355 4867 sinit.
1406 4801 1529 4867 femine
1545 4797 1719 4884 iudignum
1744 4799 1915 4865 eonsilium
1935 4800 2037 4884 oepit:
2062 4801 2187 4866 erimen
2212 4802 2279 4867 sius
2298 4801 2384 4871 haee
2477 4785 2478 4860 l

385 4884 598 4948 Monstruosu
618 4902 671 4947 ree
692 4890 743 4946 est
764 4881 947 4949 voluntaria
969 4883 1103 4950 seminis
1124 4884 1238 4950 ell'nsio
1261 4894 1356 4952 extra
1406 4887 1651 4953 oireumstantia
1667 4885 1873 4968 aliquatenus
1891 4885 1987 4964 levat,
2010 4883 2209 4970 quodIudae
2226 4909 2384 4973 oongres·

384 4987 596 5052 trangressum
615 4967 679 5031 viri
700 4976 733 5032 et
754 4967 910 5035 mulieris.
945 4970 1080 5035 Aeoitn
1098 4977 1209 5035 autem
1226 4993 1261 5037 se
1280 4971 1356 5039 data
1406 4994 1479 5039 snm
1507 4992 1572 5036 non
1600 4971 1739 5055 appetit,
1772 4971 1835 5037 nisi
1864 4971 1899 5037 in
1927 4971 2097 5038 oaelibatu.
2148 4971 2217 5038 Sed
2246 4975 2384 5040 interim
2477 5017 2478 5042 ι

385 5075 485 5139 opera
505 5052 727 5118 retraherent
748 5055 912 5119 semenin
931 5062 1052 5121 terram
1075 5055 1211 5137 deeidat,
1233 5056 1356 5142 duplex
1406 5078 1501 5126 oaeeo
1526 5059 1646 5122 mentis
1676 5076 1786 5123 errore
1814 5058 1848 5122 in
1877 5057 1968 5123 aliud
1996 5059 2102 5125 soelue
2129 5057 2288 5126 adulterio
2313 5084 2384 5128 non

385 5148 436 5205 est
463 5147 661 5205 monstrum:
690 5139 767 5221 qnia
795 5139 856 5207 boe
877 5148 928 5206 est
957 5161 1048 5225 spem
1074 5142 1204 5226 generis
1232 5145 1356 5210 exstin·
1406 5146 1515 5212 minus
1537 5139 1726 5209 detestabile
1747 5142 1884 5226 rapitur.
1923 5143 2098 5210 Adulterio
2120 5143 2244 5211 violata
2263 5147 2384 5214 fuisset
2477 5185 2478 5198 ι

385 5245 496 5310 gnere,
519 5235 552 5292 et
573 5223 679 5289 filium
701 5224 756 5306 qui
778 5226 957 5308 sperandus
978 5236 1072 5307 esset,
1096 5227 1242 5295 oooidere
1263 5239 1355 5296 ante-
1406 5229 1547 5314 ooningii
1568 5228 1664 5295 fides:
1692 5230 1874 5295 inoestnoso
1893 5229 1957 5295 hoo
1977 5231 2065 5296 ooitn
2086 5249 2205 5296 eversa
2225 5231 2286 5297 fuit
2311 5243 2383 5300 tuta

385 5331 483 5396 quam
511 5316 673 5376 naaoatur.
717 5309 810 5377 Haeo
838 5312 980 5377 maxime
1007 5312 1159 5397 impietas
1181 5315 1356 5383 damnatur
1406 5323 1542 5382 naturae
1563 5315 1728 5383 honestas.
1766 5314 1840 5383 Hoo
1862 5313 2037 5404 diligenter
2058 5315 2249 5398 notandum,
2269 5339 2317 5386 ne
2341 5321 2383 5387 nd
