4988 6192
379 416 443 482 383
1033 412 1404 482 COMMENTARIUS
1426 413 1477 480 IN
1499 411 1713 480 GENESIN.
2309 411 2360 478 384

378 603 467 688 atqui
490 602 583 668 Isaac
606 601 759 686 pinguem
782 601 830 667 illi
853 602 1013 686 promittit
1040 613 1170 669 terrem.
1215 602 1348 685 Duplex
1399 601 1467 665 vim
1488 598 1723 667 benedictionis
1745 601 1927 683 exinanire,
1959 601 1993 666 in
2015 621 2079 685 qua
2100 607 2228 684 patrem
2250 600 2360 666 sciebat

379 688 494 753 solutio
517 696 576 764 est,
599 687 653 751 vel
671 687 758 770 quod
780 689 939 772 propheta
961 689 1180 772 comparative
1201 688 1348 772 loquens,
1398 685 1464 751 Dei
1481 706 1675 770 praeconem
1692 687 1792 754 fuisse
1810 709 1848 755 ac
1864 687 2075 753 ministrum?
2094 685 2182 751 Viva
2204 693 2360 769 praeterea

377 774 564 839 Idumaeam
593 772 709 838 merito
739 783 832 840 vocet
860 774 1023 840 desertum
1051 793 1129 857 prae
1151 783 1238 839 terra
1261 773 1348 840 Oba·
1399 771 1588 858 hypocritae
1611 773 1736 856 effigies
1757 772 1850 839 nobis
1872 773 2072 857 proponitur.
2106 772 2250 838 Mortem
2268 775 2360 854 patris

377 879 462 923 nean
492 878 574 942 quae
603 859 698 943 longe
726 869 796 924 orat
827 860 972 936 uberior,
1006 859 1059 926 vel
1092 858 1177 942 quod
1206 866 1348 924 aetatem
1380 859 1461 925 'sibi
1480 857 1659 924 luctuosam
1678 859 1747 923 fore
1763 859 1911 925 simulat:
1931 867 2064 924 atcerte
2080 858 2210 942 pietatis
2228 857 2360 924 officium

376 963 469 1010 suam
507 944 668 1028 respiciat
730 945 873 1012 Tametsi
913 946 999 1010 enim
1040 944 1201 1010 horrenda
1240 944 1349 1010 fuerat
1399 955 1458 1024 est,
1480 944 1593 1026 lugere
1611 951 1778 1010 mortuum
1799 953 1937 1028 patrem.
1974 942 2040 1010 Sed
2058 964 2159 1028 quum
2177 943 2217 1008 ad
2235 943 2360 1026 impiam

377 1031 548 1113 utriusque
576 1038 683 1095 terrae
712 1031 865 1110 vastitas,
895 1031 988 1098 brevi
1016 1038 1125 1096 umen
1155 1031 1348 1096 refloruerat
1399 1029 1509 1094 fratris
1531 1027 1662 1094 caedem
1681 1030 1870 1113 proponenti
1889 1028 1984 1096 tarda
2004 1029 2048 1096 sit
2070 1049 2156 1096 mors
2185 1028 2306 1113 patris,
2334 1041 2361 1096 et

376 1123 467 1181 terra
488 1115 664 1193 Ohanaan,
698 1137 797 1202 quum
818 1115 910 1201 regio
931 1115 1036 1182 Edem
1059 1117 1151 1200 quasi
1172 1123 1358 1200 perpetuae¹
1399 1114 1497 1179 simul
1525 1115 1594 1181 eius
1623 1115 1862 1198 propinquitate
1895 1117 2051 1182 laetetur:
2085 1135 2177 1180 mera
2209 1115 2300 1180 fictio
2320 1125 2361 1181 cst

377 1201 545 1266 sterilitati
579 1199 750 1276 damnata,
791 1211 822 1265 et
862 1201 1059 1268 draconibus
1091 1200 1221 1268 addicta
1255 1202 1345 1266 foret.
1399 1200 1483 1284 quod
1507 1199 1593 1265 diem
1616 1200 1722 1267 luctus
1748 1202 1907 1268 nominat.
1951 1200 2027 1283 Qua
2055 1201 2154 1266 etiam
2181 1199 2289 1265 fronte
2310 1200 2360 1266 bu-

378 1286 541 1369 Quamvis
563 1307 640 1370 ergo
662 1285 754 1352 Deus
772 1287 884 1370 populi
905 1287 957 1353 sui
976 1294 1123 1371 respectu
1146 1287 1349 1372 ablegaverit
1399 1306 1532 1351 manum
1554 1285 1707 1351 affectum
1735 1286 1897 1352 obtendit:
1930 1287 1987 1370 qui
2014 1285 2179 1353 fraternae
2207 1285 2300 1350 caedi
2320 1288 2362 1350 in·
2461 1287 2462 1360 J

376 1373 467 1437 Esau
489 1372 523 1437 iu
552 1379 679 1436 montes
710 1371 870 1453 desertos,
899 1373 948 1438 illi
976 1383 1085 1439 tamon
1114 1381 1234 1437 terram
1265 1373 1347 1438 satis
1399 1371 1505 1450 hians,
1526 1370 1641 1436 codem
1663 1379 1827 1438 momento
1849 1373 1960 1439 omnia
1976 1380 2114 1438 naturae
2131 1371 2205 1436 iura
2223 1379 2361 1439 evertere

375 1479 435 1544 per
462 1478 497 1523 se
526 1457 718 1523 foecundam
749 1457 853 1538 dedit,
884 1469 922 1523 ιιι
948 1460 1082 1524 ιιιίιιὶιιιιι
1111 1459 1218 1523 inanis
1248 1457 1347 1523 fuerit
1398 1456 1556 1521 molitur?
1578 1455 1669 1521 Fieri
1692 1457 1791 1522 etiam
1813 1466 1921 1543 potest
1941 1466 1978 1523 ut
1998 1459 2069 1541 ipse
2090 1466 2227 1522 naturae
2254 1478 2361 1524 sensus
2461 1471 2462 1504 l

377 1544 560 1628 promissio.
605 1543 688 1607 Nam
712 1552 863 1609 montosa
884 1544 942 1609 illa
966 1546 1055 1628 ragio
1078 1554 1148 1609 tum
1171 1564 1265 1609 suam
1288 1543 1346 1608 ba·
1398 1542 1630 1608 confessionem
1664 1543 1694 1607 ei
1727 1544 1918 1622 extorserit,
1951 1563 2015 1626 qua
2044 1564 2079 1608 se
2100 1544 2206 1625 ipsum
2236 1544 2362 1627 gratim

376 1629 449 1696 buit
470 1626 712 1713 pinguedinem,
734 1637 804 1694 tum
827 1629 956 1694 coelesti
979 1651 1051 1696 rore
1073 1629 1186 1695 adiuta
1205 1629 1285 1708 fuit,
1307 1636 1347 1693 ut
1398 1625 1583 1693 damnaret:
1606 1629 1652 1694 sic
1671 1629 1761 1695 Deus
1778 1629 1896 1713 impios
1913 1649 2007 1712 saepe
2030 1649 2088 1712 pro
2111 1628 2161 1694 ria
2181 1648 2261 1694 voce
2279 1649 2362 1695 coar·
2461 1681 2462 1684 ,

376 1715 505 1865 viotuffi
525 1714 640 1865 iffae
662 1713 864 1798 produceret.
1398 1734 1512 1798 guens,
1534 1714 1639 1798 magis
1660 1714 1896 1782 inexcusabiles
1918 1712 2033 1780 reddit
2078 1649 2175 1796 guod
2197 1733 2276 1780 vero
2298 1736 2362 1781 oru-

377 1850 566 1951 Notandum
588 1893 638 1952 eet
655 1823 713 1950 laic
741 1884 883 1970 praedici
913 1907 995 1970 quae
1023 1905 1191 1968 nunquam
1212 1884 1348 1968 impleta
1399 1884 1487 1950 laudi
1511 1882 1721 1950 tribuendum
1744 1894 1810 1964 est,
1839 1895 1872 1950 et
1900 1885 2068 1969 stupidum
2090 1885 2287 1968 brutumque
2306 1885 2363 1951 Dei

377 1972 509 2037 suntin
539 1991 678 2054 persona
701 1971 805 2036 llsau:
836 1971 971 2055 ideoque
999 1970 1191 2036 vaticinium
1213 1991 1285 2036 esse
1307 1967 1347 2034 de
1399 1976 1621 2052 contemptum
1644 1970 1762 2053 prodit.
1806 1971 1905 2036 Valet
1926 1970 2057 2054 quidem
2084 1970 2252 2036 interdum
2273 1971 2362 2036 etiam
2461 2053 2462 2064 .

677 1800 762 1866 ladio
783 1806 835 1867 tuo
855 1800 952 1879 maes,
986 1797 1127 1882 etfrctri
1149 1804 1201 1865 tao
1221 1799 1345 1864 sacas.
1399 1798 1505 1865 dalem
1517 1799 1662 1864 animum
1675 1799 1805 1867 cohibet
1815 1801 1886 1866 sola
1895 1797 2099 1878 verecundia,
2116 1820 2221 1882 neque
2233 1819 2362 1883 magnae
2461 1829 2462 1886 ι

376 2057 472 2123 rebus
500 2056 612 2140 procul
641 2054 748 2123 adbuc
777 2059 919 2122 remotis.
965 2057 1049 2121 Nam
1078 2054 1159 2121 adeo
1185 2054 1267 2120 nihil
1290 2055 1347 2121 do·
1400 2054 1487 2139 apud
1509 2057 1579 2139 pios
1601 2055 1772 2121 hominum
1793 2057 1987 2134 reverentia,
2009 2055 2105 2122 sicuti
2122 2056 2162 2120 de
2179 2055 2277 2122 Iacob
2296 2077 2362 2140 pro·
2461 2065 2462 2082 ¹

376 2143 566 2207 minationis
594 2141 735 2207 obtinuit
755 2141 850 2207 Iacob
877 2143 912 2206 in
940 2145 1093 2220 fratrem,
1126 2150 1166 2206 ut
1194 2161 1347 2208 reversus
1400 2143 1489 2206 ximo
1511 2142 1617 2225 capite
1638 2140 1824 2208 babuimus:
1848 2142 1905 2208 sed
1923 2141 2020 2208 altius
2037 2161 2116 2207 mox
2137 2141 2363 2221 conscendunt,

376 2251 418 2294 ex
436 2227 550 2293 Padan
567 2227 670 2292 Aram
692 2228 831 2310 supplex
848 2227 1004 2314 obsequia
1024 2226 1075 2292 illi
1096 2247 1156 2292 sua
1177 2226 1346 2293 detulerit:
1400 2237 1437 2294 ut
1457 2227 1646 2310 praevaleat
1675 2227 1772 2293 timor
1793 2226 1870 2309 Dci,
1899 2228 1992 2294 cuins
2019 2226 2140 2293 oblivio
2155 2227 2215 2297 ,sio
2237 2237 2364 2310 occupat
2461 2229 2462 2248 ¹

376 2326 410 2379 et
427 2313 635 2380 subiectionis
652 2313 811 2394 excussio,
832 2313 926 2379 ouius
948 2315 1001 2379 hio
1022 2313 1172 2378 meminit
1190 2312 1289 2389 Isaac,
1311 2313 1347 2376 in
1399 2312 1574 2396 impiorum
1604 2312 1718 2392 corda,
1747 2315 1840 2378 utin
1870 2311 2059 2379 hominibus
2086 2312 2164 2378 solis
2191 2311 2361 2378 subsidant.

377 2400 590 2484 longinquum
634 2406 764 2482 tempus
806 2400 954 2465 refertur.
1017 2399 1205 2464 Denunciat
1247 2398 1348 2482 igitur
1400 2399 1491 2482 Ergo
1513 2399 1658 2482 quisquis
1681 2398 1853 2463 bominum
1870 2407 2011 2465 metuet
2030 2397 2191 2482 pudorea
2213 2398 2362 2464 maleficio

398 2486 481 2550 nelis
502 2491 648 2568 posteros
672 2485 761 2550 Esau
783 2493 914 2550 maneat
942 2483 1094 2549 conditio.
1138 2484 1183 2548 Et
1205 2484 1348 2567 primum
1401 2483 1557 2565 abstinet,
1586 2505 1651 2548 non
1674 2485 1813 2550 multum
1844 2483 1949 2551 adhuc
1973 2483 2119 2568 profecit.
2164 2483 2239 2549 Hoc
2260 2493 2363 2549 tamen

377 2507 455 2636 licit
484 2569 592 2655 gladio
619 2591 678 2635 suo
707 2571 863 2636 victuros:
891 2570 985 2637 ouius
1014 2569 1107 2635 verbi
1133 2568 1255 2652 duplex
1277 2590 1348 2634 esse
1400 2571 1544 2636 maxime
1576 2570 1680 2654 elogio
1707 2591 1727 2635 a
1758 2571 1893 2653 papistis
1925 2591 1985 2636 sua
2017 2569 2175 2636 confessio
2209 2569 2361 2646 laudatur,
2461 2637 2462 2642 χ

375 2665 484 2741 potest
505 2675 635 2734 sensus,
666 2655 718 2720 val
740 2655 824 2739 quod
847 2656 946 2723 cincti
972 2654 1140 2735 hostibus,
1169 2655 1348 2720 militarem
1401 2654 1486 2738 quod
1518 2656 1639 2720 multos
1670 2655 1830 2721 absterret
1862 2677 1882 2722 a
1914 2655 2098 2740 peccando,=
2130 2676 2171 2720 ne
2212 2663 2364 2739 cogentur
2461 2653 2462 2672 ¹

377 2754 411 2808 et
438 2741 618 2824 inquietam
653 2740 754 2806 vitam
791 2743 897 2807 acturi
930 2740 1012 2807 sint:
1053 2740 1106 2807 vel
1136 2739 1220 2824 quod
1254 2739 1348 2805 liberi
1400 2762 1496 2807 suum
1525 2739 1665 2808 dedecus
1693 2741 1848 2824 proferre.
1893 2742 2009 2826 Longe
2036 2761 2114 2808 vero
2144 2739 2280 2806 aliaest
2303 2741 2362 2824 pie
2461 2807 2462 2816 ,

375 2828 479 2892 futuri
509 2827 635 2893 sintae
664 2827 714 2890 sui
743 2827 834 2892 iuris.
879 2827 1015 2892 Nullum
1048 2827 1136 2890 enim
1165 2826 1219 2891 ius
1246 2825 1348 2910 gladii
1401 2827 1479 2892 tutis
1500 2825 1622 2912 regula,
1645 2833 1682 2891 ut
1699 2826 1899 2892 conscientia
1917 2835 2030 2893 nostra
2046 2827 2107 2892 sibi
2126 2825 2235 2892 Deum
2253 2834 2362 2891 testem
2461 2817 2462 2874 l

376 2913 433 2979 ubi
455 2913 546 2978 nulla
566 2923 616 2978 est
646 2911 787 2978 libertas.
832 2910 975 2978 Videtur
996 2912 1083 2995 prior
1105 2931 1221 2978 sensus
1242 2911 1348 2996 magis
1400 2920 1433 2978 et
1454 2911 1616 2978 arbitrum
1639 2921 1810 2995 proponat.
2461 2921 2462 2944 ¹

378 2998 553 3081 quadrare,
586 3004 623 3062 ut
652 2998 900 3080 promissionem
926 3017 1020 3064 suam
1049 2997 1227 3082 restringat
1248 2997 1348 3078 Deus,
1485 2997 1537 3063 42.
1561 2997 1604 3062 Et
1625 2997 1775 3064 aancicta
1795 3003 1871 3063 aaut
1891 2998 1956 3079 ipsi
1974 2996 2100 3063 Rtbcaa.
2145 2997 2242 3063 Nunc
2263 3005 2364 3060 trans·
2461 3043 2462 3086 ,

377 3105 420 3148 ne
443 3105 477 3150 se
495 3084 585 3149 Esau
607 3083 705 3148 nimis
728 3082 857 3148 efferat:
880 3104 958 3148 num
979 3104 1058 3166 pace
1079 3082 1163 3147 nihil
1185 3091 1236 3150 est
1256 3091 1348 3168 opta·
1401 3084 1484 3148 itum
1513 3085 1591 3150 lacit
1626 3084 1735 3148 Moses
1764 3084 1806 3150 ad
1838 3103 1957 3148 novam
1990 3081 2181 3162 historiam,
2212 3080 2363 3166 quomodo
2461 3123 2462 3162 ,

378 3169 484 3235 bilius.
520 3168 678 3233 Monetur
694 3167 822 3251 quidem
842 3176 874 3234 at
891 3177 1025 3235 sanctus
1046 3170 1197 3253 populus,
1219 3189 1350 3251 semper
1401 3167 1496 3235 Iacob
1518 3189 1536 3234 e
1557 3168 1651 3234 domo
1673 3169 1776 3252 patris
1797 3169 1963 3252 profugus,
1985 3169 2022 3233 in
2045 3168 2312 3251 Mesopotamiam
2332 3187 2365 3232 se
2461 3165 2462 3242 Τ

379 3255 503 3338 aliquos
536 3254 643 3320 hostes
676 3253 745 3319 fore
777 3255 832 3338 qui
865 3273 939 3319 aum
973 3253 1138 3320 infestent.
1190 3253 1258 3320 Sed
1287 3253 1348 3320 hoc
1378 3254 1584 3334 contulerit.
1627 3255 1707 3320 Fuit
1736 3263 1845 3320 autem
1874 3253 1962 3320 baud
1992 3252 2088 3320 dubie
2112 3254 2195 3320 haec
2216 3273 2364 3338 perquam
2461 3273 2462 3328 3

378 3341 474 3425 longe
496 3339 584 3404 aliud
607 3347 657 3404 est
678 3360 776 3422 quam
799 3360 858 3405 suo
879 3338 986 3424 gladio
1009 3340 1135 3406 vivere:
1169 3339 1253 3423 quod
1276 3349 1349 3405 tan·
1401 3340 1537 3407 molesta
1559 3339 1704 3424 duraque
1724 3339 1864 3406 tentatio
1882 3346 2012 3406 emotae
2034 3346 2212 3418 mamonae,
2234 3337 2308 3404 dum
2324 3358 2364 3402 ex

378 3426 513 3491 tundam
542 3424 632 3491 valet
649 3445 686 3491 ac
704 3427 731 3490 si
750 3424 902 3506 dixisset,
934 3425 1018 3491 filios
1035 3426 1125 3491 Esau
1148 3423 1350 3509 praedonum
1401 3447 1459 3492 suo
1481 3427 1566 3492 facto
1587 3425 1702 3492 mortis
1725 3425 1898 3492 discrimen
1919 3425 1988 3491 filio
2009 3425 2134 3492 instare
2156 3425 2254 3492 videt
2288 3423 2365 3490 (lae
2461 3431 2462 3450 ¹

378 3532 469 3578 more
490 3509 689 3595 praesidium
715 3532 809 3575 suum
833 3511 868 3574 in
889 3511 989 3578 armis
1011 3519 1045 3576 et
1066 3511 1223 3579 violentia
1244 3511 1349 3596 magis
1401 3519 1509 3578 terum
1541 3511 1606 3578 fide
1637 3511 1761 3579 luctata
1787 3519 1852 3593 est,
1885 3519 1923 3576 ut
1955 3512 2054 3576 semel
2087 3519 2216 3595 partam
2248 3509 2364 3595 gratiae

377 3618 476 3681 quam
494 3597 528 3660 in
547 3598 616 3662 iure
635 3596 780 3681 legitimo
798 3595 974 3664 babituros.
1016 3595 1167 3663 Secunda
1189 3597 1349 3662 restrictio
1401 3598 1639 3681 possessionem
1671 3597 1836 3663 retineret.
1877 3596 1977 3669 ¹Nam
2010 3597 2037 3662 ri
2069 3595 2222 3663 muliebri
2253 3595 2365 3661 affectu
2461 3589 2462 3612 ³

377 3680 541 3766 estquod
563 3682 673 3766 gladio
695 3689 841 3747 armatus
862 3682 954 3762 licet,
984 3702 1050 3748 non
1080 3692 1192 3748 tamen
1214 3683 1349 3768 effugiet
1401 3704 1562 3768 propensa
1584 3682 1699 3750 fuisset
1720 3683 1756 3748 in
1778 3703 1923 3749 amorem
1946 3683 2082 3749 minoris
2104 3681 2180 3761 filii,
2202 3682 2263 3746 boc
2282 3693 2364 3747 certa

378 3769 490 3834 fratris
512 3768 756 3835 subiectionem.
801 3768 886 3832 Nam
909 3767 1053 3833 Idumaei
1086 3766 1220 3833 tandem
1247 3769 1348 3835 electo
1400 3770 1560 3854 optimum
1594 3782 1664 3834 erat
1696 3767 1941 3852 compendium,
1974 3779 2013 3833 ut
2043 3768 2298 3853 primogenitura
2326 3763 2365 3830 ad
2461 3805 2462 3858 l

378 3854 496 3940 populo
518 3854 594 3920 facti
622 3865 701 3920 sunt
730 3852 908 3918 tributarii:
942 3854 998 3919 sed
1022 3874 1087 3919 non
1110 3855 1171 3919 fuit
1193 3853 1350 3919 diuturna
1401 3856 1490 3922 Esau
1512 3854 1648 3920 rediret:
1671 3855 1718 3920 sic
1736 3856 1823 3919 enim
1841 3852 1972 3919 sublata
1992 3853 2108 3919 fuisset
2130 3854 2309 3930 aemulatio,
2333 3859 2364 3916 et

378 3941 535 4008 servitus:
554 3940 631 4022 quia
651 3936 765 4004 divisis
782 3940 893 4024 regnis
911 3939 1041 4006 concisa
1051 3938 1113 4004 luit
1122 3939 1181 4004 illa
1192 3941 1346 4022 potentia,
1401 3941 1546 4024 placatus
1568 3941 1639 4006 eius
1660 3941 1765 4018 furor,
1795 3941 1849 4023 qui
1873 3938 1984 4004 dolore
2006 3939 2118 4004 amissi
2138 3939 2221 4006 iuris
2243 3939 2291 4005 sui
2314 3957 2366 4002 ar·
2461 3963 2462 4024 ι

378 4047 460 4110 quae
489 4025 613 4091 vicinos
640 4045 753 4089 omnes
775 4026 808 4088 in
830 4025 935 4091 officio
958 4035 991 4091 et
1011 4026 1073 4091 sub
1096 4034 1185 4090 metu
1207 4025 1346 4091 tenebat.
1401 4025 1506 4092 debat.
1542 4025 1638 4108 Quod
1657 4047 1736 4110 ergo
1754 4047 1818 4091 non
1841 4025 1997 4110 transigit
2006 4023 2166 4105 Rebecca,
2189 4024 2246 4091 sed
2266 4023 2366 4089 filium
2461 4025 2462 4090 l

378 4111 493 4178 Voluit
522 4120 633 4176 tamen
665 4111 825 4176 Dominus
854 4111 906 4175 vel
937 4110 976 4175 ad
1005 4111 1103 4176 breve
1137 4121 1282 4194 tempus,
1313 4110 1348 4175 in
1400 4133 1499 4177 suum
1520 4111 1671 4177 bortatur
1693 4111 1733 4176 ad
1757 4111 1979 4176 voluntarium
2001 4109 2164 4188 exsilium,
2194 4119 2227 4176 et
2248 4107 2364 4193 privari
2461 4153 2462 4192 3

378 4195 525 4264 ordinem
547 4197 619 4281 cogi
642 4195 812 4262 Idumaeos
836 4205 873 4260 ut
899 4196 1026 4262 visibile
1054 4197 1218 4278 specimen
1248 4196 1349 4261 buius
1400 4198 1527 4264 mavult
1559 4198 1630 4263 eius
1658 4199 1841 4281 praesentia
1869 4209 1968 4280 quam·
1995 4195 2116 4262 utillo
2148 4195 2364 4262 benedictione
2461 4247 2462 4260 .

379 4282 526 4349 ratioimi
545 4283 714 4365 proferret.
751 4281 889 4365 Reliquo
912 4292 1059 4365 tempore
1081 4301 1166 4366 vaga
1180 4291 1213 4346 et
1234 4281 1349 4347 effrac-
1401 4283 1502 4349 semel
1530 4295 1658 4366 recepta
1685 4281 1794 4349 cedat:
1822 4282 1884 4348 hoc
1913 4289 2001 4348 certe
2027 4303 2120 4348 rarae
2142 4281 2219 4346 fidei
2240 4281 2363 4365 signum
2461 4273 2462 4344 l

379 4371 432 4435 nis
453 4368 588 4434 libertas
609 4368 699 4433 Esau
721 4367 812 4432 omni
832 4367 1031 4434 subiectione
1051 4367 1114 4432 fuit
1136 4368 1294 4432 miserior.
1401 4378 1460 4436 est.
1494 4369 1567 4434 Iam
1587 4369 1707 4434 lusoria
1728 4368 1833 4434 videri
1876 4375 1983 4434 oterat
2003 4367 2105 4452 patris
2127 4366 2309 4443 benedictio,
2328 4371 2365 4427 ut

464 4455 516 4520 41.
540 4453 584 4518 Et
605 4453 675 4519 odio
696 4451 803 4518 babuit
825 4453 919 4519 Esau
941 4453 1084 4518 Ialaacob.
1120 4453 1209 4520 Hinc
1231 4453 1350 4520 clarius
1402 4455 1520 4522 mirum
1540 4455 1613 4519 sita
1634 4453 1782 4521 Rebecca
1799 4463 1833 4520 et
1858 4454 1936 4520 acob
1954 4455 2039 4518 tanti
2057 4454 2144 4519 fieri:
2163 4453 2245 4519 adeo
2260 4461 2362 4516 temen

378 4549 470 4625 patet
496 4541 659 4638 lacrymas
689 4539 777 4604 Esau
807 4539 887 4604 adeo
915 4539 1077 4622 profectas
1103 4559 1169 4604 non
1199 4538 1300 4604 trisse
1330 4560 1350 4603 a
1401 4561 1455 4606 eos
1485 4561 1552 4605 non
1582 4541 1740 4624 poenitet,
1771 4547 1808 4604 ut
1835 4539 1986 4605 acerbam
2007 4539 2115 4605 exsilii
2143 4558 2279 4622 poenam
2297 4555 2364 4600 non
2461 4585 2462 4590 ,

379 4647 459 4692 vera
481 4624 689 4709 poenitentia,
708 4633 745 4689 ut
761 4623 901 4690 furiosae
919 4625 1024 4709 magis
1045 4623 1231 4690 iracundiae
1249 4633 1349 4690 testes
1401 4633 1561 4704 recusent,
1584 4625 1680 4690 modo
1702 4647 1811 4692 secum
1834 4625 1959 4690 auferat
1976 4623 2071 4690 lacob
2092 4623 2250 4708 prolatam
2270 4645 2287 4687 a
2306 4640 2364 4703 pa·

378 4711 510 4777 fuerim.
554 4709 667 4794 Neque
689 4711 777 4776 enim
799 4710 925 4776 occulto
942 4709 1039 4776 modo
1059 4708 1168 4775 odium
1191 4711 1278 4776 fovet
1293 4708 1349 4775 ad·
1402 4721 1452 4776 tre
1473 4733 1595 4778 vocem.
1640 4712 1743 4777 Porro
1765 4712 1827 4776 boc
1849 4711 1999 4795 exemplo
2021 4709 2183 4788 docemur,
2211 4709 2364 4793 patienter
2461 4739 2462 4752 ι

379 4817 494 4864 versus
532 4796 683 4876 fratrem,
723 4794 780 4862 sed
819 4795 929 4879 palam
961 4798 995 4861 in
1028 4797 1203 4863 sceleratas
1243 4796 1350 4862 minas
1402 4796 1572 4863 ferendum
1596 4818 1674 4875 esse,
1697 4797 1725 4862 si
1743 4817 1842 4880 spemv
1856 4796 1999 4861 melioris
2016 4796 2103 4862 vitae
2120 4815 2205 4862 crux
2226 4793 2366 4877 sequitur

379 4883 530 4965 erumpit.
581 4881 691 4965 Atque
718 4881 795 4947 binc
824 4889 959 5032 apparet
987 4902 1085 4964 quam
1114 4881 1199 4946 altae
1227 4882 1350 4946 luerint
1402 4903 1525 4949 comes:
1549 4884 1614 4948 imo
1635 4884 1662 4948 si
1684 4882 1747 4948 bac
1767 4883 1840 4966 lege
1858 4883 2020 4948 Dominus
2043 4900 2102 4947 nos
2124 4880 2256 4964 adoptat
2273 4875 2365 4960 regni
2461 4935 2462 4938 ,

380 4968 525 5034 malitiae
547 4967 686 5047 radices,
708 4965 793 5051 quod
815 4969 842 5032 si
869 4969 933 5032 iin
956 4967 1097 5033 nefanda
1119 4967 1228 5032 fratris
1250 4967 1349 5034 caede
1401 4971 1451 5034 sui
1473 4967 1644 5046 haeredes,
1668 4976 1704 5035 ut
1725 4967 1894 5034 instabiles
1913 4969 1947 5032 in
1970 4966 2092 5032 mundo
2113 4967 2364 5051 peregrinemur.

378 5054 535 5138 indulget.
579 5053 721 5119 Profuna
747 5053 902 5119 etiamst
934 5055 1092 5138 sacrilega
1111 5053 1146 5117 in
1168 5073 1207 5118 eo
1236 5061 1347 5118 contu·
1401 5053 1477 5119 ldco
1505 5055 1594 5119 enim
1620 5062 1774 5120 extrusus
1804 5075 1822 5118 e
1851 5054 1948 5119 domo
1974 5061 2129 5137 paterna,
2156 5051 2212 5118 ubi
2240 5049 2366 5135 quietus

380 5142 484 5207 mucia
505 5160 539 5205 se
560 5137 684 5222 prodit,
714 5137 798 5223 quod
823 5160 857 5204 se
880 5139 921 5205 ad
943 5139 1111 5204 decretum
1134 5138 1196 5204 Dei
1219 5139 1349 5204 abolen·
1401 5140 1503 5206 vitam
1536 5141 1630 5206 finire
1663 5147 1804 5223 poterat,
1836 5140 1869 5204 in
1903 5138 2043 5204 alienam
2077 5146 2200 5203 terram
2229 5136 2366 5218 migmro

380 5226 460 5291 dum
477 5224 584 5310 gladio
602 5233 778 5307 comparat.
812 5225 974 5303 Efficiam,
997 5225 1112 5309 inquit,
1131 5245 1172 5289 ne
1190 5225 1351 5306 promissa
1401 5227 1529 5309 cogitur
1551 5224 1659 5291 laoob:
1683 5226 1757 5309 quia
1778 5224 1827 5290 illi
1848 5225 2007 5309 promisee
2030 5223 2161 5290 estDei
2184 5217 2365 5288 benedictio.

378 5309 439 5376 sibi
458 5309 659 5376 haereditate
680 5309 819 5376 truatur.
857 5311 944 5392 Quid
970 5309 1031 5376 hoc
1060 5308 1148 5376 aliud
1178 5319 1228 5376 est
1249 5330 1349 5394 qnam
1403 5310 1509 5379 Sicuti
1536 5320 1645 5378 autem
1676 5317 1826 5395 acceptae
1855 5311 1980 5396 gratiae
2008 5310 2136 5376 iactura
2162 5303 2368 5392 temporalem
