4962 6192
357 418 423 485 599
1022 415 1392 488 COMMENTARIUS
1413 416 1464 482 IN
1486 415 1701 484 GENESIN.
2298 413 2366 479 600

359 607 585 687 nihilominus,
603 627 684 690 quae
703 607 765 674 snb
777 606 901 674 Mersia
919 607 1081 690 speranda
1098 615 1169 671 erat
1186 605 1334 680 felicitas,
1386 625 1500 670 omnes
1511 604 1708 684 extenditur,
1727 605 1780 672 his
1797 605 1915 684 verbis,
1934 603 2030 670 Genu
2049 603 2232 670 curvabunt
2248 625 2362 671 coram

359 694 465 760 veteri
488 714 546 758 suo
576 713 678 776 ragno
707 693 808 759 fuisse
837 693 1074 760 adumbratam.
1118 692 1215 757 Nunc
1236 691 1334 755 redeo
1387 699 1419 756 te
1441 689 1500 754 lilii
1521 692 1637 758 matris
1659 700 1744 757 tuae.
1788 689 1881 756 Nihil
1903 711 1981 775 ergo
1999 697 2113 756 contra
2134 711 2194 755 nos
2216 691 2364 756 afferunt

359 777 401 844 ad
423 779 526 844 verba
547 777 662 844 Iacob:
684 778 791 845 Donec
810 780 915 846 ocuiot
937 777 1033 858 Stet,
1055 779 1170 860 inquit,
1193 775 1336 842 residebit
1386 775 1472 858 quod
1504 797 1569 842 uon
1608 777 1758 860 protinus
1795 778 1830 843 in
1869 777 1959 858 ipsos
1992 775 2132 842 vicissim
2170 784 2362 860 retorquere

359 869 523 946 sceptrum,
546 865 597 930 vel
621 864 799 930 dominatio
821 867 856 930 ia
878 865 972 931 Iuda.
1017 865 1132 929 Primo
1155 862 1332 928 videndum
1386 862 1489 928 liceat.
1533 863 1689 929 Nondum
1712 872 1822 928 tamen
1844 864 1951 929 soluta
1973 871 2022 926 est
2044 861 2207 944 quaestio,
2238 863 2361 928 fateor:

360 959 412 1014 est
439 950 518 1033 qnid
551 949 713 1034 significet
742 971 806 1016 vox
832 934 939 1019 urban.
991 949 1079 1030 Quia
1107 949 1334 1032 Hieronymus
1386 947 1443 1014 sed
1472 949 1533 1014 hoo
1560 949 1700 1032 praefari
1730 949 1841 1027 libuit,
1872 961 1911 1014 nt
1932 947 2044 1012 Iudaei
2069 945 2212 1029 deposito
2236 948 2362 1014 calum-

360 1039 476 1103 vertit:
511 1035 577 1116 Qui
604 1035 784 1102 mittendus
812 1045 877 1103 est:
912 1041 1030 1119 putant
1048 1034 1199 1101 nonnulli
1221 1031 1335 1097 fraude
1386 1032 1500 1098 niandi
1522 1034 1646 1112 studio,
1676 1055 1746 1099 rem
1767 1035 1871 1117 ipsam
1894 1032 2022 1099 discant
2042 1033 2167 1115 placide
2189 1034 2362 1100 nobiscum

360 1132 553 1205 corruptum
590 1137 664 1188 'esse
701 1123 823 1201 locum,
858 1141 895 1186 ao
931 1121 1061 1186 literam
1088 1135 1110 1188 rt
1134 1120 1334 1203 suppositam
1386 1118 1580 1202 expendere.
1614 1120 1813 1204 Perpetuam
1831 1118 2101 1203 gubernationem
2119 1120 2154 1182 in
2176 1120 2265 1186 trihu
2277 1119 2363 1184 Iuda

361 1207 463 1273 fuisse
484 1208 517 1272 in
542 1207 648 1273 locum
671 1220 693 1274 Π
719 1207 805 1290 quod
828 1207 903 1273 lieet
924 1208 1056 1272 firmum
1078 1208 1226 1285 nonsit,
1249 1205 1335 1270 veri·
1386 1205 1448 1270 hoc
1467 1205 1534 1270 fere
1556 1205 1652 1271 modo
1681 1211 1854 1272 contexere
1883 1205 1990 1270 solent
2011 1203 2201 1270 Christiani.
2247 1205 2363 1287 Quum

362 1295 424 1358 tati
457 1301 568 1358 tamen
597 1293 704 1358 simile
736 1301 793 1358 est.
845 1292 941 1374 Quod
971 1315 1011 1358 ex
1040 1291 1172 1357 Iudaeis
1202 1290 1335 1374 quidam
1387 1289 1428 1355 ab
1450 1290 1564 1358 exsilio
1586 1312 1739 1362 reversus
1766 1298 1817 1356 est
1846 1289 1998 1373 populus,
2031 1290 2100 1356 loeo
2126 1292 2247 1373 sceptri
2278 1292 2366 1375 regii

361 1379 468 1445 locum
497 1377 604 1444 notari
632 1377 748 1445 volunt
775 1378 831 1444 ubi
860 1380 916 1444 diu
947 1379 1089 1461 reposita
1120 1377 1228 1442 fuerat
1260 1396 1335 1441 arca
1386 1377 1487 1442 fuisse
1505 1376 1619 1444 dicunt
1640 1377 1859 1461 principatum
1882 1375 1939 1458 qui
1960 1397 2063 1458 usqne
2084 1375 2125 1440 ad
2142 1375 2365 1443 Machabaeos

360 1463 519 1542 foederis,
549 1464 625 1547 quia
656 1465 752 1547 paulo
782 1471 857 1530 ante
886 1464 1057 1530 exordium
1079 1464 1172 1546 regni
1196 1461 1335 1528 Daridis
1387 1461 1527 1527 duravit.
1571 1463 1701 1528 Deinde
1722 1463 1914 1528 successisse
1936 1462 2068 1526 tertium
2098 1462 2270 1546 regiminis
2291 1483 2363 1528 mo-

360 1549 397 1616 in
424 1551 614 1617 vastitatem
641 1548 792 1615 redactus
822 1559 887 1630 est,
920 1550 1048 1615 ratione
1081 1569 1212 1632 prorsus
1234 1555 1333 1614 caret.
1387 1547 1479 1613 dum:
1511 1548 1588 1631 quia
1609 1569 1738 1615 summa
1759 1547 1922 1614 iudicandi
1944 1557 2086 1630 potestas
2107 1569 2206 1631 panes
2229 1561 2365 1632 septua-

361 1635 477 1719 Neque
500 1636 587 1700 enim
609 1635 663 1702 hic
685 1635 844 1718 praedicit
865 1634 958 1702 iacob
987 1656 1050 1718 quo
1080 1645 1227 1717 tempore
1248 1633 1335 1698 ordi·
1387 1633 1478 1717 ginta
1500 1635 1607 1713 hierit,
1630 1655 1709 1716 quos
1731 1656 1773 1698 ex
1791 1653 1910 1717 genere
1928 1634 2018 1717 regio
2037 1632 2176 1698 delectos
2195 1633 2296 1700 tuisse
2320 1656 2366 1699 ex

363 1722 493 1786 naudus
515 1721 557 1786 sit
581 1743 640 1786 rex
663 1720 787 1787 David:
816 1721 872 1787 sed
903 1742 1042 1805 regnum
1073 1721 1141 1785 fore
1163 1719 1278 1785 stabile
1301 1721 1335 1784 in
1387 1718 1532 1785 historiis
1558 1728 1694 1786 constat.
1739 1719 1830 1786 Adeo
1858 1727 1966 1784 autem
1995 1739 2061 1783 non
2090 1718 2276 1786 conciderat
2304 1720 2366 1784 illa

362 1809 433 1873 eius
456 1807 566 1886 domo,
595 1828 764 1890 quousque
790 1807 925 1891 impleat
947 1809 1037 1871 Deus
1065 1806 1149 1888 quod
1172 1805 1336 1888 pollicitus
1387 1805 1469 1888 regii
1512 1807 1642 1888 generis
1682 1808 1857 1884 autoritas,
1899 1813 1935 1869 ut
1968 1802 2117 1870 Herodes
2151 1804 2190 1870 ad
2227 1827 2365 1871 causam

363 1903 414 1959 cst
425 1892 465 1958 de
483 1893 643 1976 singulari
661 1893 884 1958 benedictione
902 1893 1035 1958 seminis
1046 1892 1210 1956 Abrahae.
1241 1891 1335 1956 Adde
1388 1889 1557 1957 dicendam
1579 1891 1712 1968 citatus,
1735 1892 1791 1959 vix
1813 1890 1951 1974 capitale
1972 1890 2168 1974 supplicium
2191 1891 2366 1975 effugerit:

362 1978 450 2063 quod
463 1977 545 2044 dura
558 1992 644 2044 essct
661 1999 698 2045 ae
720 1989 832 2044 coacta
853 1978 1008 2061 loquutio,
1032 1976 1103 2043 Silo
1125 1978 1252 2042 venire:
1276 1996 1336 2060 pro
1387 1978 1462 2059 quia
1480 1977 1715 2042 contumaciter
1733 1998 1768 2042 se
1786 1975 1997 2041 subduxerat.
2032 1975 2241 2042 Concludunt
2258 1979 2366 2062 igitur

363 2066 477 2132 venire
502 2065 572 2129 eins
597 2066 705 2129 finem.
748 2066 864 2148 Longe
892 2065 1013 2129 rectius
1044 2074 1078 2127 et
1101 2065 1336 2146 congruentius
1387 2063 1507 2138 ncshi,
1536 2062 1687 2145 quamvis
1710 2082 1776 2127 nou
1798 2060 2036 2145 resplenduerit
2055 2062 2144 2143 regia
2165 2063 2321 2130 maiestas
2344 2087 2366 2129 a

362 2159 530 2234 exponunt
552 2150 609 2214 alii
639 2152 849 2232 interpretes:
883 2150 1006 2214 Filium
1037 2149 1121 2214 eius:
1156 2135 1216 2217 but
1248 2150 1337 2213 enim
1388 2147 1517 2213 Davide
1539 2168 1643 2231 usque
1666 2145 1706 2213 ad
1728 2147 1910 2226 Christum,
1931 2149 2060 2213 stetisse
2085 2155 2194 2213 umen
2216 2150 2364 2232 aliquem

361 2237 450 2303 lilius
472 2236 636 2302 Hebraeis
658 2235 790 2302 dicitur:
818 2250 841 2303 η
866 2256 943 2301 vero
965 2235 1106 2318 positum
1129 2256 1200 2300 esse
1223 2234 1337 2300 dicunt
1387 2233 1602 2318 principatum
1627 2233 1661 2297 in
1680 2233 1870 2312 tribuluda,
1894 2241 1991 2315 atque
2007 2234 2053 2297 ita
2070 2233 2238 2316 impletum
2258 2235 2367 2300 fuisse

361 2322 433 2389 loco
455 2339 465 2394 r
488 2321 628 2387 relativi.
672 2325 782 2404 Atque
804 2321 840 2386 in
869 2320 957 2386 hunc
980 2341 1111 2386 sensum
1136 2321 1241 2385 maior
1261 2342 1336 2404 pars
1388 2319 1565 2385 oraculum.
1596 2319 1688 2386 Haec
1710 2340 1898 2402 quanquam
1916 2339 1996 2384 vera
2017 2327 2103 2398 sunt,
2127 2321 2229 2384 maior
2248 2330 2364 2386 tamen

362 2407 538 2474 descendit.
568 2405 651 2474 'Sed
673 2408 792 2472 iterum
814 2429 833 2472 a
855 2415 965 2472 mente
994 2406 1199 2488 patriarchae
1220 2427 1336 2489 perpe·
1387 2405 1456 2471 loco
1478 2404 1576 2487 probe
1598 2404 1791 2470 excutiendo
1813 2402 1997 2469 adhibenda
2018 2414 2068 2470 est
2089 2405 2277 2472 dexteritas.
2313 2406 2367 2472 Ac

362 2515 435 2559 ram
458 2491 617 2558 dissident
627 2492 742 2558 Iudaei
757 2491 834 2557 dum
858 2492 918 2559 hoe
939 2493 1088 2557 referunt
1110 2491 1151 2557 ad
1164 2491 1335 2559 Davidem.
1387 2491 1493 2575 primo
1521 2491 1697 2556 tenendum
1727 2490 1850 2555 tribum
1879 2489 1963 2555 Iuda
1990 2491 2056 2556 iam
2085 2511 2173 2555 nuno
2202 2493 2366 2558 constitui

362 2579 449 2644 Nam
484 2577 593 2664 (sicuti
631 2599 737 2661 nuper
769 2577 877 2666 attigi)
911 2599 976 2643 non
1008 2577 1212 2662 promittitur
1243 2579 1336 2661 regni
1388 2577 1566 2661 prinoipem
1590 2577 1677 2642 inter
1694 2576 1784 2654 alias,
1808 2584 1845 2640 ut
1863 2574 2023 2659 dignitate
2041 2577 2189 2657 emineat,
2210 2579 2366 2660 quamvis

363 2667 455 2750 origo
478 2668 512 2728 in
535 2664 680 2740 Davide,
710 2664 767 2730 sed
789 2664 938 2729 absoluta
968 2665 1122 2748 perfectio
1144 2665 1179 2728 in
1201 2665 1334 2730 Messia.
1388 2663 1534 2728 nondum
1557 2661 1673 2745 adepta
1700 2663 1743 2727 sit
1764 2662 1947 2744 imperium.
1992 2662 2037 2728 Et
2065 2669 2153 2728 certe
2183 2665 2365 2746 primatum

360 2751 407 2816 Et
429 2758 517 2816 certe
539 2757 606 2814 tam
625 2771 735 2816 crassa
751 2749 935 2816 absurditas
949 2771 1015 2814 uon
1033 2750 1131 2832 longa
1141 2749 1336 2816 refutatione
1388 2749 1418 2813 ei
1448 2748 1549 2814 fuisse
1576 2747 1661 2812 ultro
1696 2767 1882 2814 conoessum
1913 2769 1932 2812 a
1960 2748 2107 2831 reliquis,
2139 2771 2181 2814 ex
2209 2770 2274 2832 quo
2309 2773 2365 2814 re-

361 2835 496 2921 indiget.
541 2834 630 2915 Quid
653 2836 740 2900 enim
764 2837 825 2901 hoo
847 2836 907 2900 sihi
930 2835 1045 2915 vellet,
1074 2855 1213 2920 regnum
1236 2838 1334 2900 finem
1387 2834 1537 2917 demptus
1555 2833 1617 2898 fuit
1629 2833 1779 2917 populus,
1798 2835 1891 2898 testis
1903 2845 1952 2898 est
1963 2833 2040 2898 alibi
2053 2834 2173 2900 Moses.
2207 2834 2366 2902 Secundo

363 2943 429 2987 non
460 2922 595 3004 accipiet
623 2921 658 2985 in
691 2919 780 2985 tribu
803 2920 887 2986 Iuda
915 2920 1016 2986 donec
1046 2931 1191 2987 erectum
1212 2921 1333 2986 fuerit?
1387 2921 1456 2986 loco
1478 2919 1655 2985 tenendum
1679 2931 1737 2999 est,
1759 2919 1858 2984 huius
1881 2917 2050 3003 dignitatis
2070 2922 2233 3003 specimen
2255 2924 2368 3006 magis

364 3007 463 3074 Certe
497 3007 661 3072 Recederc
697 3006 779 3070 nihil
817 3004 906 3072 aliud
944 3017 994 3072 est
1033 3027 1131 3090 quam
1164 3007 1333 3073 Desinere.
1387 3006 1588 3072 luculentum
1617 3006 1652 3070 in
1679 3027 1780 3090 regno
1809 3006 1945 3088 proponi
1974 3005 2060 3088 quod
2088 3008 2276 3088 auspicatus
2313 3015 2366 3074 est

362 3092 492 3160 Deinde
514 3094 701 3160 continuam
724 3093 842 3157 seriem
867 3092 958 3175 ponit
979 3091 1075 3157 Iacob
1095 3092 1175 3157 dum
1197 3092 1334 3158 scribam
1388 3092 1480 3157 Deus
1501 3093 1536 3155 in
1560 3089 1698 3156 Davide.
1743 3090 1938 3173 Quanquam
1962 3099 2073 3156 autam
2095 3092 2191 3174 paulo
2214 3100 2288 3175 post
2312 3115 2366 3159 se·

363 3199 569 3246 recessurum
593 3187 692 3261 negat
714 3200 755 3243 ex
778 3176 922 3261 pedihus.
966 3178 1050 3242 Nam
1073 3198 1183 3262 regem
1202 3180 1237 3245 in
1255 3178 1335 3245 solio
1387 3191 1488 3260 quuta
1510 3187 1560 3242 est
1582 3176 1726 3255 defectio,
1749 3188 1787 3241 ut
1809 3177 1927 3260 exigua
1943 3179 2050 3259 portio
2073 3175 2305 3244 dominationis
2329 3181 2366 3245 in

363 3265 429 3329 iam
459 3265 600 3330 locatum
631 3285 701 3328 csse
731 3273 875 3347 oportet,
906 3273 943 3328 ut
972 3262 1080 3329 scriba
1109 3264 1221 3330 sedeat
1249 3265 1336 3330 inter
1388 3265 1475 3329 tribu
1497 3262 1581 3327 Iuda
1602 3263 1745 3328 steterit:
1768 3263 1819 3328 ius
1841 3270 1952 3327 tamen
1974 3263 2132 3330 divinitus
2155 3265 2184 3329 ei
2205 3265 2366 3331 collatum

365 3351 436 3416 eius
458 3348 566 3432 pedes.
612 3347 820 3414 Describitur
848 3369 926 3433 ergo
951 3348 1046 3414 nobis
1067 3371 1222 3434 regnum,
1251 3348 1336 3433 quod
1368 3349 1523 3414 ‘minime
1544 3349 1647 3431 potuit
1668 3348 1765 3430 eripi:
1788 3347 1944 3431 ideoque
1966 3354 2111 3431 tempore
2130 3371 2258 3414 summa
2277 3373 2366 3434 opu-

364 3445 536 3519 postquam
566 3436 781 3500 constitutum
808 3435 904 3500 luerit
933 3455 1000 3499 nou
1023 3434 1150 3502 desinet
1171 3457 1338 3519 quousque
1388 3435 1489 3500 lautia
1511 3435 1664 3500 refertum
1690 3442 1769 3511 erat,
1793 3433 1921 3517 altoque
1943 3435 2029 3499 fastu
2051 3436 2204 3518 turgebat
2220 3457 2367 3520 regnum

364 3521 519 3589 succedat
572 3520 722 3586 erfecticr
755 3528 876 3586 status:
917 3521 970 3586 vel
1002 3520 1087 3603 quod
1121 3520 1207 3586 idem
1242 3522 1338 3603 valet,
1388 3520 1506 3600 Israel,
1537 3519 1655 3585 dicitur
1684 3527 1793 3586 umen
1822 3539 1957 3586 accensa
1985 3519 2085 3586 fuisse
2111 3521 2367 3606 Hierosolymae

363 3610 512 3674 futurum
581 3605 685 3672 avidis
717 3627 857 3691 reguum
896 3605 957 3672 hoo
998 3606 1095 3671 titulo
1133 3607 1339 3673 commendat
1387 3608 1522 3673 lucerna
1550 3605 1694 3670 Domini.
1743 3605 1925 3688 Pergamus
1954 3606 2099 3690 lougius:
2133 3628 2233 3689 quum
2265 3609 2368 3694 regni

364 3693 478 3760 Iacob:
512 3693 588 3775 quia
617 3703 737 3756 tessera
766 3712 803 3757 ao
830 3692 951 3776 pignus
974 3704 1059 3758 esset
1081 3690 1194 3758 beatae
1216 3693 1339 3777 gloriae
1389 3692 1513 3758 cladem
1546 3690 1705 3774 praedicit
1737 3691 1906 3770 Ezechiel,
1940 3711 2007 3774 cap.
2036 3692 2088 3770 21,
2123 3693 2165 3758 31
2197 3694 2273 3759 satis
2306 3695 2367 3760 de·

363 3801 448 3864 quae
469 3781 534 3844 iam
564 3778 641 3842 olim
664 3777 818 3843 Abrahae
847 3777 960 3862 generi
990 3778 1151 3844 destinata
1173 3789 1251 3845 erat.
1297 3779 1338 3843 Iu
1388 3788 1548 3844 monstrat
1575 3776 1735 3859 quomodo
1764 3785 1929 3859 sceptrum
1952 3797 1972 3840 a
1993 3777 2137 3842 Domino
2162 3780 2368 3845 servandum

365 3886 504 3939 summa,
526 3885 664 3949 regnum
682 3864 769 3946 quod
792 3865 948 3928 transfert
970 3864 1004 3928 in
1026 3863 1147 3929 tribum
1160 3863 1249 3942 luda,
1271 3885 1338 3930 non
1389 3864 1489 3930 luerit
1511 3863 1612 3929 donec
1633 3864 1668 3926 in
1691 3883 1809 3927 manus
1830 3861 1957 3928 Ohristi
1980 3863 2117 3928 veniret.
2159 3865 2249 3930 Tolle
2270 3867 2367 3932 cida-

365 3951 803 4034 forerulgarepronunciat:
827 3951 902 4032 quia
920 3949 997 4015 iude
1015 3950 1147 4015 tandem
1166 3952 1338 4034 proveniet
1388 3949 1452 4014 rim
1479 3947 1613 4034 (iuquit)
1643 3949 1736 4014 aufer
1764 3967 1933 4014 coronam:
1967 3948 2048 4014 haeo
2076 3970 2143 4014 non
2173 3951 2234 4015 erit
2261 3951 2366 4017 haec:

365 4038 547 4124 promissae
579 4035 816 4101 benedictionis
848 4036 1132 4118 complementum.
1186 4035 1251 4102 Sed
1285 4036 1338 4102 hic
1390 4055 1586 4119 perversam,
1608 4055 1805 4118 perversam,
1829 4055 2017 4117 perversam
2039 4055 2125 4118 pono
2147 4057 2236 4115 eam,
2258 4036 2369 4105 donee

367 4123 547 4207 procaciter
566 4122 743 4204 insurgunt
764 4119 893 4204 Iudaei,
923 4120 1007 4203 quod
1031 4133 1168 4187 eventus
1190 4130 1338 4187 nostrum
1389 4122 1501 4187 veniat
1521 4122 1613 4188 ouius
1635 4127 1693 4185 est.
1728 4119 1842 4184 Videri
1865 4128 1975 4202 posset
1995 4121 2101 4203 primo
2123 4131 2254 4204 aspectu
2279 4126 2368 4188 vati-

368 4229 511 4275 errorem
535 4217 698 4290 coarguat.
744 4206 828 4270 Nam
856 4227 995 4289 regnum
1025 4207 1066 4272 ad
1089 4207 1213 4274 Christi
1235 4228 1340 4291 usque
1390 4208 1511 4274 oinium
1533 4205 1631 4272 Iacob
1653 4205 1826 4285 excidisse,
1850 4205 1927 4270 dum
1950 4213 2069 4272 ornatu
2091 4209 2183 4292 regio
2205 4207 2369 4290 spoliatur

368 4295 546 4360 adventum
570 4312 773 4374 nequaquam
796 4291 930 4358 durasse
952 4300 1093 4358 constat:
1128 4295 1208 4375 quin
1230 4296 1339 4377 potius
1390 4294 1496 4358 tribus
1517 4291 1609 4357 Iuda.
1633 4290 1713 4358 'Sed
1735 4291 1812 4356 hinc
1834 4290 2018 4375 colligimus
2040 4312 2108 4357 nou
2130 4292 2229 4360 fuisse
2249 4294 2368 4360 Deum

365 4404 406 4448 ex
426 4399 489 4463 quo
507 4380 542 4444 in
566 4378 719 4442 exsilium
741 4377 910 4443 traductus
932 4387 983 4442 est
1004 4379 1153 4462 populus,
1176 4393 1338 4463 sceptrum
1391 4374 1597 4455 adstrictum,
1631 4387 1668 4442 ut
1700 4375 1861 4443 visibilem
1889 4377 1983 4461 regni
2016 4378 2153 4461 gloriam
2184 4401 2202 4444 e
2229 4381 2369 4446 sublimi

366 4467 469 4532 fuisse
481 4463 690 4529 confractum.
725 4463 849 4528 Verum
868 4465 896 4528 si
914 4464 1012 4529 fidem
1032 4463 1155 4530 habent
1166 4466 1338 4543 vaticiniis,
1391 4485 1519 4546 semper
1541 4463 1734 4529 ostenderet.
1775 4463 1907 4547 Alioqui
1926 4463 2029 4529 falsae
2050 4473 2162 4531 esseut
2183 4465 2263 4530 aliae
2288 4487 2370 4550 pro·

366 4567 541 4634 antequam
573 4548 705 4613 illorum
740 4549 951 4614 abiectionem
986 4549 1087 4629 diluo,
1120 4551 1220 4616 velim
1257 4551 1340 4616 mihi
1392 4551 1569 4626 missiones,
1592 4570 1675 4633 quae
1693 4549 1766 4614 solii
1785 4549 1894 4627 diruti,
1917 4560 1950 4614 et
1970 4549 2103 4615 lacerati
2122 4551 2369 4618 restitutionem

365 4636 586 4719 respondeant
613 4634 771 4717 quomodo
807 4633 861 4700 hio
894 4655 1033 4718 regnum
1068 4638 1215 4720 assignet
1242 4637 1340 4704 Iacob
1391 4635 1595 4722 praedicunt.
1646 4636 1747 4714 Ecce,
1782 4635 1850 4700 dies
1885 4635 2022 4703 veniunt
2049 4635 2167 4717 quihus
2200 4639 2371 4703 suscitabo

366 4725 436 4790 filio
468 4721 567 4786 Iuda:
608 4741 683 4784 nam
717 4741 818 4802 quum
859 4720 995 4786 vixdum
1024 4723 1119 4787 firma
1154 4733 1240 4789 esset
1272 4724 1341 4788 eius
1392 4721 1637 4789 tabernaculum
1672 4718 1800 4798 David,
1841 4719 1927 4803 quod
1960 4721 2092 4802 cecidit,
2124 4731 2157 4786 ct
2187 4722 2371 4790 aedificabo

365 4807 537 4894 possessio,
561 4817 694 4888 repente
712 4805 889 4872 laceratum
907 4807 1006 4872 fuisse
1024 4807 1154 4890 seimus,
1177 4816 1341 4891 totamque
1392 4817 1547 4891 rupturas
1570 4808 1647 4884 eius,
1669 4813 1702 4870 et
1724 4826 1805 4888 quae
1828 4816 2018 4872 corruerant
2040 4808 2228 4874 instaurabo
2246 4806 2371 4894 (Amos

367 4898 437 4960 fere
470 4892 541 4958 eius
573 4891 752 4973 potentiam
786 4902 975 4974 occupatam
1003 4913 1022 4957 a
1053 4894 1141 4958 tribu
1170 4895 1339 4977 Ephraim.
1392 4895 1427 4972 9,
1456 4893 1519 4981 11).
1564 4892 1759 4974 Quanquam
1793 4890 1970 4958 absurdum
2002 4902 2089 4958 esset
2121 4894 2229 4976 plures
2260 4898 2371 4961 citare

368 4983 424 5047 An
438 4980 531 5044 Deus
544 4976 724 5042 seeundum
742 4978 828 5060 ipsos
852 4978 905 5042 hic
927 4999 985 5060 per
1003 4999 1038 5042 os
1050 4978 1148 5044 Iacob
1166 4981 1340 5047 evanidam
1391 4982 1493 5058 locos,
1517 5001 1618 5062 quum
1642 4979 1761 5060 passim
1784 4989 1932 5044 occurrat
1960 4977 2042 5044 hacc
2064 4976 2213 5045 doctrina
2232 4981 2264 5044 in
2292 5003 2370 5064 pro·

369 5063 502 5150 aliquod
524 5085 661 5147 regnum
685 5063 856 5144 promisit?
903 5062 940 5130 Si
963 5064 1145 5146 excipiant,
1175 5088 1239 5132 non
1269 5067 1342 5132 ideo
1391 5066 1510 5151 phetis.
1553 5064 1651 5131 Unde
1673 5062 1858 5148 colligimus
1886 5085 1952 5129 non
1979 5064 2027 5128 ita
2055 5063 2236 5130 stabilitum
2263 5067 2370 5132 fuisse

368 5154 469 5218 fuisse
504 5151 644 5214 fractum
678 5161 858 5230 sceptrum,
892 5151 1044 5232 quamvis
1073 5171 1194 5234 magna
1229 5153 1341 5235 populi
1392 5173 1547 5236 rognum,
1578 5159 1615 5214 ut
1643 5149 1802 5232 aequabili
1833 5156 1947 5215 tenore
1969 5171 2099 5233 semper
2118 5149 2273 5236 fulgeret:
2312 5153 2368 5218 sed

369 5247 464 5323 parte
496 5234 655 5320 spoliatus
687 5236 750 5300 fuit
779 5234 941 5312 Roboam,
973 5236 1034 5302 hoc
1064 5238 1180 5302 cavillo
1208 5238 1342 5304 minime
1393 5235 1477 5321 quod
1501 5237 1542 5302 ad
1564 5245 1693 5319 tempus
1710 5235 1886 5318 collapsum
1906 5255 1944 5300 ao
1961 5234 2114 5314 deforme,
2137 5247 2248 5320 postea
2271 5259 2370 5306 recu·

366 5323 543 5408 effugient:
577 5322 654 5404 quia
684 5321 804 5386 diserte
831 5320 1007 5404 imperium
1033 5321 1139 5388 Iudae
1167 5321 1207 5388 ad
1239 5323 1342 5390 trihus
1393 5331 1523 5406 peraret
1564 5321 1719 5388 amissum
1759 5320 1974 5405 splendorem.
2029 5321 2195 5388 Videntur
2232 5323 2369 5406 quidem
