5000 6208
379 447 444 510 ier
1039 447 1482 517 consarcinatam
1505 396 1727 516 enunsrrvs
2319 452 2378 517 ree

379 635 475 702 Deus
496 637 530 700 in
552 638 623 719 pari
652 655 762 702 secum
792 636 895 722 mado
922 637 1094 702 constituit
1116 659 1195 720 quos
1218 638 1353 722 alloqui·
1406 639 1479 703 dem
1509 639 1621 724 generi
1650 638 1793 703 hnmano
1827 658 1937 704 eorum
1967 639 2061 722 culpa
2091 638 2256 706 inflictam.
2310 641 2374 705 Ha·

379 729 450 786 tur:
481 730 591 788 coacta
616 727 666 787 est
693 721 751 787 illa
778 723 951 806 expositio,
985 730 1018 789 et
1047 723 1164 789 merito
1198 725 1352 790 reiicitur.
1405 725 1484 790 bent
1516 723 1646 807 quidem
1679 745 1816 800 nomen,
1850 725 1907 790 sed
1940 745 2004 788 non
2037 725 2133 808 quale
2166 735 2374 810 optaverant:

378 807 493 873 Potius
515 808 569 873 hic
591 808 680 874 locus
707 807 810 892 priori
839 809 1030 892 respondet,
1059 829 1155 890 quem
1178 809 1354 875 habuimus
1405 811 1451 875 sic
1469 811 1560 876 Deus
1578 830 1690 874 eorum
1714 809 1900 893 superbiam
1922 812 2075 892 probrose
2098 810 2217 877 disiicit
2239 812 2296 894 qui
2318 812 2375 877 sibi

376 892 413 956 in
443 893 586 959 hominis
614 894 792 960 creatione:
827 915 926 978 quum
961 895 1089 960 dicebat
1117 896 1217 961 etiam
1238 896 1352 960 Domi·
1404 896 1479 980 plus
1508 904 1669 978 usurpant
1693 916 1789 977 quam
1820 895 1922 960 liceat.
1968 896 2057 962 Hinc
2086 907 2196 961 autem
2220 898 2375 962 refellitur

377 999 458 1058 nus,
492 979 668 1045 faciamus
707 978 873 1044 hominem
906 978 948 1044 ad
986 980 1163 1065 imaginem
1196 989 1351 1047 nostram.
1404 1002 1517 1047 eorum
1547 1002 1654 1058 error,
1688 983 1744 1064 qui
1777 981 1980 1067 Babylonem
2007 1001 2027 1045 a
2059 981 2138 1047 Iove
2166 983 2248 1048 Belo
2278 983 2375 1049 dedu·

377 1067 466 1148 Apte
495 1067 583 1130 enim
613 1073 645 1130 et
681 1065 837 1132 concinne
876 1085 997 1150 magno
1032 1066 1152 1149 populo
1185 1076 1353 1132 aeternam
1404 1077 1492 1133 cunt.

376 1171 471 1216 suam
496 1153 706 1234 sapientiam,
733 1158 767 1215 et
790 1153 947 1216 virtutem
969 1152 1062 1217 Deus
1093 1153 1242 1235 opponit:
1266 1174 1303 1218 ac
1325 1153 1353 1218 si
1492 1153 1541 1217 10.
1571 1151 1643 1216 Hoc
1669 1157 1742 1216 east
1771 1154 1980 1235 resecem
2011 1151 2091 1218 Sem.
2141 1153 2195 1218 De
2222 1157 2375 1239 progenie

378 1235 514 1302 diceret:
536 1239 612 1302 Non
635 1259 717 1320 opus
740 1237 801 1302 sibi
824 1257 894 1302 esse
916 1237 1030 1302 alienis
1053 1237 1200 1318 auxiliis,
1222 1238 1279 1304 sed
1301 1239 1351 1302 in·
1405 1237 1483 1304 Sem
1516 1237 1669 1303 nonnihil
1698 1237 1827 1303 dixerat
1849 1238 1957 1304 Moses
1985 1239 2137 1322 proximo
2166 1241 2286 1324 capite:
2321 1241 2374 1306 sed

376 1329 432 1388 tus
454 1323 514 1388 sibi
544 1332 717 1407 suppetere
747 1322 833 1405 quod
862 1320 903 1386 ad
930 1343 984 1388 eos
1014 1322 1169 1388 delendos
1202 1325 1350 1390 sufficiat.
1405 1346 1492 1390 nunc
1523 1324 1691 1388 hominum
1720 1324 1908 1389 nominibus
1940 1343 2101 1389 annorum
2130 1327 2272 1408 spatium
2302 1347 2374 1391 con·

375 1407 488 1490 Quare
510 1429 551 1473 ex
573 1408 725 1474 hocloco
747 1429 812 1473 non
841 1409 951 1491 inepte
983 1409 1140 1492 probatur
1162 1409 1294 1475 subesse
1317 1411 1350 1473 in
1404 1410 1521 1475 nectit:
1549 1431 1591 1474 ne
1618 1409 1785 1494 incognita
1812 1410 1904 1475 nobis
1933 1420 2019 1475 esset
2046 1409 2161 1475 mundi
2181 1412 2259 1476 vita.
2305 1413 2375 1478 Nisi

375 1515 444 1559 nna
466 1495 529 1560 Dei
551 1496 694 1562 essentia
722 1502 789 1560 tres
813 1515 978 1577 personas.
1023 1495 1127 1560 Porro
1147 1495 1208 1559 hoc
1226 1495 1353 1568 ,vindic-
1403 1495 1490 1559 enim
1510 1495 1618 1561 brevis
1636 1495 1715 1559 haec
1734 1494 1905 1578 descriptio
1923 1503 2077 1576 exstaret,
2099 1495 2195 1562 hodie
2213 1501 2375 1563 nescirent

375 1587 429 1645 tae
459 1579 591 1648 divinae
617 1580 804 1662 exemplum
833 1579 874 1644 ad
897 1600 1011 1644 omnes
1043 1587 1167 1646 aetates
1194 1582 1351 1664 pertinet:
1403 1581 1553 1646 homines
1580 1587 1737 1664 quantum
1772 1583 1926 1664 temporis
1955 1602 1975 1645 a
2002 1581 2124 1647 diluvio
2157 1584 2374 1649 intercesserit

376 1686 506 1750 semper
534 1667 652 1732 insana
680 1666 815 1731 libidine
843 1667 998 1750 pruriunt
1024 1666 1174 1732 homines
1198 1667 1272 1750 plus
1295 1687 1352 1731 au·
1404 1667 1445 1731 ad
1467 1687 1541 1733 eum
1564 1685 1668 1750 usqne
1690 1667 1775 1730 diem
1798 1688 1862 1749 quo
1882 1667 1998 1732 foedus
2021 1688 2117 1732 sunm
2139 1669 2265 1753 pepigit
2287 1669 2373 1734 Dens

376 1753 482 1817 dandi
496 1773 595 1836 quam
616 1752 665 1818 fas
688 1753 739 1816 sit.
785 1753 938 1817 Testatur
966 1759 1073 1817 autem
1103 1753 1183 1818 haec
1217 1753 1353 1818 historia
1404 1773 1478 1818 cum
1501 1751 1635 1817 Abram.
1679 1752 1783 1817 Porro
1806 1751 1993 1832 notandum,
2017 1753 2102 1835 quod
2125 1753 2259 1820 honoris
2281 1775 2373 1820 causa

374 1839 485 1903 Deum
507 1837 628 1903 talibus
649 1838 793 1903 consiliis
815 1845 848 1903 et
875 1836 994 1903 studiis
1023 1858 1152 1921 semper
1178 1836 1351 1903 adversum
1404 1836 1495 1902 Dens
1534 1858 1637 1902 annos
1676 1837 1791 1902 mundi
1832 1858 1851 1901 a
1888 1839 2043 1922 progenie
2083 1837 2161 1904 Sem
2208 1851 2371 1906 numerat:

375 1925 460 1990 fore:
491 1924 636 2006 adeoque
665 1925 718 1990 hic
747 1931 823 1989 ante
851 1923 960 1989 oculos
995 1922 1158 2007 depictum
1188 1925 1351 1988 cernimus
1404 1922 1674 2004 quemadmodum
1696 1923 1831 1988 annales
1853 1943 1929 1989 suos
1954 1925 2137 2007 insigniunt
2158 1924 2305 1992 historici
2326 1949 2372 1991 re·

375 2009 462 2094 quod
484 2009 562 2075 dicit
584 2009 738 2076 Salomon
768 2009 878 2096 (Prov.
910 2010 967 2088 21,
991 2009 1062 2095 30):
1106 2009 1181 2074 Non
1204 2017 1254 2074 est
1275 2029 1351 2074 con·
1403 2029 1482 2091 gum
1513 2010 1565 2074 vel
1593 2009 1762 2074 consulum
1791 2008 1987 2075 nominibus.
2031 2009 2145 2093 Neque
2177 2019 2288 2078 tamen
2316 2012 2372 2078 hoc

375 2097 501 2174 silium,
535 2116 599 2161 non
629 2105 679 2161 est
712 2095 900 2178 prudentia,
932 2115 999 2160 non
1026 2102 1077 2160 est
1109 2094 1209 2160 robur
1238 2104 1351 2160 contra
1403 2103 1470 2158 tem
1494 2094 1647 2178 dignitati
1671 2105 1703 2159 et
1725 2095 1850 2159 meritis
1871 2093 2013 2159 familiae
2042 2095 2159 2161 detulit
2180 2117 2280 2179 quam
2303 2119 2371 2182 grs-

374 2182 567 2247 Dcminum.
612 2182 684 2246 Nisi
718 2181 803 2246 adsit
824 2181 888 2246 Dei
917 2180 1114 2258 benedictio,
1145 2201 1165 2246 a
1191 2203 1255 2264 qua
1284 2202 1352 2245 una
1404 2181 1504 2245 tuitae
1532 2201 1610 2245 suae
1640 2179 1819 2262 adoptioni:
1849 2200 1925 2244 nam
1953 2179 2002 2266 (ut
2035 2183 2146 2246 statim
2180 2182 2372 2270 videbimus)

372 2289 569 2352 prosperum
587 2269 712 2333 exitum
730 2287 861 2352 sperare
879 2267 962 2345 licet,
981 2286 1177 2333 evanescere
1194 2265 1350 2350 quidquid
1403 2265 1541 2331 descivit
1563 2287 1686 2350 magna
1706 2287 1747 2330 ex
1770 2274 1862 2349 parte
1883 2266 2058 2350 posteritas
2077 2266 2192 2333 Seme
2214 2289 2295 2334 vero
2313 2269 2372 2335 Dei

374 2363 540 2419 tentamus
561 2373 695 2419 necesse
716 2353 788 2418 erit.
833 2352 945 2434 Quum
967 2374 1045 2416 vero
1071 2360 1266 2436 perpetuum
1288 2352 1350 2417 sibi
1404 2352 1503 2416 cultu.
1555 2350 1665 2431 Quare
1698 2351 1788 2434 digni
1823 2361 1917 2416 erant
1949 2372 2028 2434 quos
2057 2351 2149 2419 Deus
2181 2373 2248 2418 non
2282 2357 2371 2421 modo

371 2441 496 2506 bellum
518 2460 589 2505 esse
613 2439 705 2504 Deus
733 2439 927 2521 pronunciet
954 2460 1027 2504 cum
1051 2438 1225 2504 immodica
1246 2438 1350 2502 homi·
1403 2458 1512 2522 expun
1537 2447 1605 2502 eret
1624 2458 1641 2501 e
1663 2438 1731 2502 suis
1754 2437 1854 2516 fastis,
1878 2436 1970 2502 sede
1993 2438 2114 2503 mundo
2132 2460 2267 2521 prorsus
2288 2441 2372 2506 tolle-

376 2547 456 2590 num
475 2525 619 2604 audacis,
636 2524 810 2589 infeliciter
827 2545 993 2590 cessurum
1012 2535 1061 2590 est
1079 2523 1237 2608 quidquid
1256 2545 1349 2607 prae·
1402 2533 1462 2587 ret.
1507 2458 1679 2588 gaeterum
1702 2523 1806 2605 pluris
1828 2533 1878 2588 cst
1899 2522 1948 2586 illi
1969 2545 2029 2588 sua
2051 2523 2172 2603 electio,
2194 2544 2262 2608 qua
2281 2527 2370 2591 fami·

374 2619 427 2677 ter
449 2612 519 2677 eius
540 2619 659 2676 nutum
681 2610 907 2694 aggredimur,
935 2611 1063 2675 etiamsi
1091 2619 1259 2676 creaturae
1281 2631 1349 2674 om·
1403 2609 1480 2672 liam
1503 2609 1600 2674 istam
1629 2608 1783 2674 discrevit
1804 2609 1844 2673 ab
1872 2607 2022 2672 omuibus
2051 2611 2194 2693 populis,
2218 2632 2316 2694 quam
2337 2621 2370 2676 ut

375 2717 436 2761 nes
458 2717 587 2762 sursum
611 2704 645 2760 et
666 2695 816 2762 deorsum
846 2695 938 2761 nobis
968 2695 1117 2761 certatim
1139 2715 1234 2779 opem
1256 2716 1350 2761 suam
1402 2695 1595 2760 intercidere
1623 2703 1754 2777 propter
1783 2693 1952 2759 hominum
1986 2707 2118 2778 peccata
2149 2698 2244 2761 sinat.
2297 2697 2370 2762 Ideo

374 2783 524 2848 offerant.
569 2781 744 2848 Caeterum
771 2781 923 2864 quamvis
951 2781 1058 2848 adhuc
1088 2779 1185 2847 hodie
1207 2782 1349 2847 mundus
1402 2801 1442 2844 ex
1473 2779 1619 2863 pluribus
1652 2780 1728 2845 filiis
1754 2779 1832 2846 Sem
1864 2800 1969 2844 unum
1998 2780 2192 2863 Arphaxad,
2227 2803 2270 2847 ex
2300 2783 2370 2848 tiliis

374 2868 461 2934 hano
499 2867 760 2933 maledictionem
800 2867 975 2933 sustineat:
1018 2869 1054 2931 in
1093 2867 1200 2932 media
1240 2876 1349 2931 tamen
1401 2865 1583 2948 Arphaxad
1611 2887 1714 2931 unum
1737 2863 1829 2946 Sela,
1857 2865 1897 2930 ab
1919 2865 1976 2930 illo
2006 2887 2131 2949 quoque
2161 2889 2266 2932 unum
2288 2869 2371 2934 liber

375 2976 482 3038 poena
503 2962 537 3018 et
566 2952 714 3019 horribili
736 2954 805 3018 irae
824 2954 886 3019 Dei
916 2952 1074 3019 adversus
1103 2953 1272 3017 hominum
1296 2974 1350 3019 su·
1402 2952 1525 3036 deligit,
1548 2971 1650 3034 usque
1672 2951 1751 3016 dum
1774 2951 1815 3016 ad
1833 2951 1957 3016 Abram
1978 2952 2102 3016 veniat:
2131 2953 2226 3018 cuius
2248 2955 2370 3020 vocatio

377 3041 525 3124 perbiem
544 3040 748 3117 documento,
770 3041 853 3103 mira
870 3039 1011 3122 refulget
1028 3039 1091 3104 Dei
1111 3037 1246 3117 bonitas,
1265 3038 1350 3121 qu'od
1401 3037 1556 3103 ecclesiae
1578 3037 1745 3103 renovatio
1767 3037 1892 3102 censeri
1921 3037 2024 3102 debet.
2070 3038 2240 3119 Quantum
2262 3040 2301 3104 ad
2323 3061 2370 3105 re·

377 3127 516 3191 diversis
539 3125 660 3209 linguis
682 3135 795 3209 gentes
818 3125 903 3189 ultro
925 3125 1073 3208 citroque
1098 3125 1184 3188 inter
1206 3147 1240 3189 se
1263 3145 1350 3190 com·
1401 3125 1506 3205 liquos
1528 3131 1667 3206 spectat,
1693 3122 1858 3206 probabile
1881 3131 1931 3186 est
1953 3122 2099 3188 nondum
2122 3125 2282 3208 completo
2304 3147 2370 3190 sae·

376 3212 560 3278 municant:
594 3213 785 3294 praesertim
819 3231 895 3275 vero
929 3210 1014 3294 quod
1035 3211 1197 3274 omnibus
1230 3210 1352 3294 linguis
1402 3209 1475 3275 culo
1504 3210 1545 3273 ad
1572 3209 1689 3291 impias
1717 3208 1964 3291 superstitiones
1996 3209 2138 3292 dilapsos
2166 3231 2246 3276 esse.
2290 3211 2369 3275 Nam

375 3318 480 3363 unum
508 3297 714 3380 evangelium
746 3295 924 3379 publicavit
950 3317 1010 3380 per
1038 3305 1143 3360 totum
1167 3296 1294 3374 orbem,
1319 3306 1351 3361 et
1402 3315 1503 3377 quum
1526 3295 1616 3359 Deus
1638 3293 1769 3359 Iudaeis
1798 3294 1974 3377 exprobret
2002 3305 2113 3379 patres
2135 3317 2248 3360 eorum
2269 3297 2370 3361 There

377 3383 540 3466 apostolos
558 3383 653 3447 dono
686 3383 873 3466 linguarum
903 3381 1069 3446 instruxit.
1122 3381 1195 3462 Quo
1229 3383 1350 3446 factum
1403 3389 1435 3444 et
1452 3381 1582 3445 Nachor
1599 3380 1738 3446 servisse
1757 3379 1820 3444 diis
1838 3380 1953 3446 alienis
1971 3379 2082 3466 (Iosue
2100 3381 2151 3459 24,
2169 3380 2214 3468 2),
2236 3385 2369 3447 sciamus

376 3477 428 3534 est
460 3478 497 3534 nt
527 3469 562 3532 in
596 3470 755 3533 unitatem
788 3468 865 3532 fidei
896 3467 1129 3544 coalescerent,
1170 3469 1225 3549 qui
1259 3469 1351 3549 prius
1403 3466 1511 3532 a'utem
1534 3464 1665 3529 domum
1691 3464 1784 3544 Sem,
1813 3467 1847 3529 in
1870 3486 1935 3548 qua
1961 3465 2009 3531 illi
2038 3466 2107 3531 nati
2137 3476 2247 3548 erant,
2274 3467 2370 3532 tuisse

374 3557 495 3621 misere
513 3554 610 3618 divisi
628 3563 731 3619 erant.
768 3553 841 3619 Hoc
859 3574 956 3619 sensu
975 3552 1052 3617 dicit
1070 3552 1273 3638 lesaiastlc,
1298 3553 1351 3638 18)
1401 3552 1565 3637 peculiare
1582 3552 1647 3616 Dei
1664 3551 1850 3627 sacrarium,
1873 3553 1929 3616 ubi
1947 3553 2059 3635 vigere
2075 3555 2218 3618 maxime
2239 3553 2370 3618 debebat

375 3660 582 3706 communem
621 3641 772 3704 omnibus
813 3640 881 3703 fore
918 3639 1065 3722 lingnam
1099 3637 1257 3705 (lhanaan
1292 3639 1351 3704 sub
1403 3659 1486 3721 pura
1507 3637 1637 3722 religio:
1666 3635 1744 3718 quid
1766 3643 1919 3718 putamus
1941 3637 2014 3703 aliis
2035 3638 2226 3722 contigisse,
2256 3640 2308 3721 qui
2330 3637 2370 3701 ab

374 3748 477 3810 regno
510 3725 652 3791 Christi:
685 3725 763 3808 quia
793 3726 855 3790 etsi
888 3724 1042 3788 differant
1072 3725 1232 3789 sermonis
1261 3747 1349 3803 sono,
1402 3725 1496 3788 initio
1518 3724 1610 3806 quasi
1633 3723 1829 3805 emancipati
1857 3722 1960 3787 videri
1991 3723 2163 3805 poterant?
2187 3725 2274 3790 Hinc
2294 3728 2383 3788 vero‘

372 3833 476 3878 unum
497 3819 608 3877 tamen
629 3810 778 3893 idemque
795 3809 982 3894 loquuntur,
1001 3809 1079 3874 dum
1097 3809 1239 3876 clamant
1259 3810 1353 3876 Abba
1403 3809 1589 3894 prodigiosa
1618 3809 1754 3872 humani
1784 3808 1907 3892 ingenii
1930 3819 1996 3872 tam
2027 3809 2154 3874 malitia
2177 3824 2211 3874 et
2231 3811 2370 3893 pravitas

375 3910 479 3981 pater.
1403 3917 1501 3978 quam
1532 3892 1719 3959 inflexibilis
1751 3894 1888 3959 durities
1921 3904 2065 3976 apparet.
2118 3895 2283 3961 Vivebant
2314 3894 2369 3958 ad·
2462 3935 2469 3950 ·

463 3983 492 4047 8.
516 3981 561 4045 Et
580 3981 728 4062 dispersit
749 3978 978 4046 eosDcminue.
1008 3981 1156 4046 Fuerant
1177 3981 1242 4045 iam
1260 3983 1351 4066 prius
1403 3981 1468 4045 huc
1489 3980 1586 4044 Noah
1615 3988 1648 4044 et
1675 3980 1735 4044 filii
1763 3981 1834 4044 eius
1866 3980 1984 4045 oculati
2013 3979 2128 4045 diluvii
2157 3991 2270 4046 testes:
2297 4002 2370 4045 nar·

377 4068 516 4151 dispersi
538 4067 701 4132 homines:
729 4085 833 4148 neque
855 4064 888 4128 id
911 4065 981 4131 loco
1002 4087 1125 4151 poenae
1147 4069 1271 4134 censeri
1296 4067 1349 4132 de·
1403 4063 1485 4130 ratio
1507 4067 1594 4131 illiue
1623 4065 1778 4131 historiae
1800 4087 1864 4130 non
1893 4067 2001 4131 minus
2023 4067 2150 4131 timoris
2169 4067 2310 4132 incutere
2332 4066 2370 4129 il-

376 4155 465 4234 buit,
495 4174 597 4236 quum
626 4173 669 4216 ex
697 4151 762 4216 Dei
792 4150 1014 4216 benedictione
1049 4153 1155 4235 potius
1185 4161 1218 4217 et
1244 4155 1352 4238 gratia
1403 4153 1444 4217 lis
1465 4151 1602 4216 debebat
1630 4172 1727 4233 quam
1756 4151 1893 4216 visibilis
1923 4152 1985 4216 Dei
2015 4161 2224 4235 conspectus:
2257 4154 2294 4217 ab
2322 4152 2370 4215 in-

375 4242 503 4305 flueret.
550 4236 615 4305 Sed
638 4259 718 4321 quos
739 4237 831 4320 prius
853 4237 1029 4303 honorifice
1051 4237 1262 4304 distribuerat
1282 4240 1350 4304 Do·
1401 4239 1505 4302 fantis
1537 4238 1654 4303 imbuti
1682 4247 1760 4301 sunt
1792 4237 1865 4302 istis
1903 4239 2085 4320 principiis,
2125 4239 2267 4320 qualiter
2296 4237 2371 4301 velit

376 4327 489 4391 minus
511 4326 545 4389 in
569 4325 663 4389 varia
683 4324 832 4406 hospitia,
854 4345 944 4390 nnnc
965 4344 1040 4389 cum
1062 4324 1243 4408 ignominia
1261 4323 1351 4391 dissi·
1402 4323 1495 4388 Deus
1527 4323 1603 4387 coli:
1645 4343 1744 4405 quam
1782 4330 1970 4388 reverenter
2005 4322 2189 4405 parendum
2227 4324 2270 4388 sit
2303 4323 2371 4386 eius

375 4422 444 4498 pat,
466 4412 531 4476 hnc
554 4417 586 4474 et
609 4410 687 4476 illuc
705 4431 759 4474 eos
778 4409 961 4492 dispellens,
983 4411 1075 4493 quasi
1093 4409 1191 4476 laceri
1209 4413 1351 4494 corporis
1402 4410 1511 4483 verbo,
1535 4429 1632 4491 quam
1655 4409 1767 4492 gravis
1789 4429 1843 4474 eos
1865 4429 1978 4473 omnes
1999 4409 2078 4472 ultio
2100 4422 2232 4474 maneat
2252 4410 2304 4492 qui
2321 4429 2370 4472 or·

376 4497 533 4564 membra.
578 4497 670 4561 Haec
691 4497 792 4580 igitur
813 4517 879 4560 uon
897 4495 1036 4579 simplex
1055 4495 1117 4560 fuit
1134 4493 1293 4578 dispersio
1310 4496 1352 4560 ad
1403 4495 1511 4560 dinem
1537 4493 1578 4558 ab
1612 4514 1650 4558 eo
1682 4493 1823 4576 positum
1857 4494 2066 4559 violaverint:
2101 4496 2236 4560 retineri
2267 4505 2367 4558 mmen

376 4583 569 4667 replendam
592 4595 729 4660 terram,
757 4591 793 4645 nt
816 4602 891 4646 suos
913 4580 1031 4663 ubique
1054 4581 1191 4646 haberet
1212 4583 1351 4648 cultores
1402 4588 1571 4663 nequeunt
1592 4580 1671 4662 quin
1694 4600 1753 4644 sna
1774 4581 1920 4646 vanitate
1945 4581 2091 4662 corrupti
2113 4579 2272 4646 diffluant.
2313 4579 2370 4643 In·

377 4685 411 4735 et
433 4670 569 4747 incolas,
598 4668 654 4734 sed
676 4669 821 4733 violenta
851 4667 1011 4732 disiectio:
1042 4669 1119 4749 quia
1141 4669 1350 4749 praecipuum
1403 4681 1492 4731 terea
1520 4667 1655 4730 minime
1684 4664 1819 4730 dubium
1847 4675 1898 4731 est
1927 4667 2006 4748 quin
2034 4673 2167 4731 sanctus
2194 4667 2287 4730 Noah
2308 4685 2371 4747 pro

375 4755 534 4822 fovendae
556 4756 720 4819 intereos
742 4753 977 4820 coniunctionis
999 4752 1165 4818 vinculum
1183 4761 1350 4819 exsectum
1403 4751 1563 4836 singulari
1585 4771 1643 4816 suo
1664 4750 1732 4815 zelo
1755 4761 1788 4814 et
1810 4750 1939 4817 heroica
1960 4751 2160 4832 fortitudine,
2184 4753 2285 4817 modis
2303 4770 2370 4814 om-

373 4843 446 4908 fuit.
1403 4836 1499 4902 nibus
1532 4837 1736 4902 dimicaverit
1765 4858 1822 4918 pro
1850 4836 2025 4902 asserenda
2054 4837 2117 4902 Dei
2147 4837 2264 4921 gloria:
2295 4837 2371 4918 quin

464 4927 495 4992 9.
521 4925 689 5006 Propterea
709 4925 826 4990 ooccvd
846 4924 1039 4988 nomenoius
1057 4923 1165 4988 Babel.
1202 4926 1254 4989 En
1273 4923 1351 5007 quid
1404 4925 1523 4990 acriter
1544 4932 1577 4988 et
1604 4943 1718 4987 severe
1747 4924 1895 4988 invectus
1922 4923 2036 5003 fuerit,
2062 4925 2127 4987 imo
2153 4921 2371 4988 fulmineverit

375 5014 574 5098 profecerint
602 5011 706 5076 stultu
734 5010 909 5075 ambitione
937 5009 1075 5093 parandi
1099 5010 1257 5075 nominis:
1280 5031 1351 5092 spe·
1404 5021 1518 5075 contra
1535 5008 1692 5090 perfidam
1711 5017 1865 5089 nepotum
1884 5029 2018 5074 suorum
2040 5011 2252 5090 apostasiam:
2275 5027 2371 5090 quum

375 5100 495 5165 rabant
522 5097 719 5178 insculptam
749 5097 818 5161 fore
846 5097 880 5159 in
908 5097 992 5160 turri
1025 5105 1189 5159 aeternam
1218 5096 1352 5178 originis
1404 5115 1517 5159 omues
1549 5093 1590 5157 ad
1623 5093 1727 5158 solum
1762 5096 1831 5158 eius
1864 5104 1979 5160 nutum
2019 5104 2159 5160 tremere
2192 5115 2250 5176 par
2280 5100 2371 5168 esset,

373 5205 454 5251 errae
487 5183 694 5247 memoriam:
728 5180 819 5247 Deus
852 5203 919 5246 non
951 5191 1080 5246 tantum
1113 5203 1201 5246 vana
1233 5181 1352 5247 fiducia
1404 5180 1505 5244 nullis
1527 5180 1704 5262 quamlibet
1725 5178 1875 5245 clamosis
1893 5180 2176 5264 obiurgaticnibus
2194 5185 2371 5252 moventur,

373 5291 431 5334 eos
454 5271 641 5344 frustratur,
665 5267 721 5332 scd
740 5268 842 5331 inurit
865 5277 1034 5332 aeternum
1057 5267 1195 5332 dedecus
1217 5277 1255 5331 ut
1276 5288 1350 5351 pos·
1404 5267 1483 5348 quin
1516 5267 1624 5330 furore
1653 5285 1711 5330 suo
1745 5264 1868 5348 abrepti
1899 5277 2046 5350 pergant.
2096 5255 2150 5331 Ex
2180 5267 2239 5331 hoc
2265 5263 2372 5346 potius

374 5356 456 5422 teris
477 5351 628 5419 omnibus
649 5355 717 5418 sint
741 5353 955 5419 exsecrabiles
984 5361 1117 5438 propter
1139 5361 1262 5416 tantam
1285 5353 1352 5419 ola·
1404 5350 1534 5435 speculo
1556 5371 1653 5434 quam
1675 5351 1826 5416 inanibus
1852 5351 2073 5434 sophistarum
2101 5351 2276 5428 blanditiis,
2303 5344 2372 5411 dis-
