4988 6192
129 429 181 496 573
752 423 1123 492 COMMENTARIUS
1143 425 1193 490 IN
1217 423 1431 493 GENESIN.
2033 429 2097 496 574

127 615 380 700 compensationis
400 615 526 681 offerre.
559 613 757 679 Praetentur
779 620 888 679 autem
910 611 993 678 nihil
1014 611 1076 678 sibi
1127 619 1248 696 quanto
1277 613 1381 680 satius
1410 613 1510 680 fuerit
1535 615 1598 680 alio
1625 615 1777 700 migrare,
1806 620 1844 680 ιιι
1870 613 1965 682 liberi
1992 617 2097 686 coloni

126 724 186 770 esse
209 702 245 767 ad
274 721 426 779 manum,
456 700 591 783 ideoque
620 709 728 765 aetum
757 719 828 764 asse
849 699 889 763 de
916 718 975 763 sua
998 699 1074 775 vita,
1126 707 1354 782 essentquam
1377 699 1491 784 glebae
1513 701 1628 767 affixos
1650 702 1691 765 ad
1713 699 1848 767 serviles
1869 721 1983 784 operas
2005 725 2096 769 man·

124 789 178 856 nisi
197 805 286 871 agros
308 807 416 852 emere
444 786 522 852 velit
549 785 685 867 Ioseph,
709 793 807 866 atque
834 792 871 849 ut
892 784 1074 850 misericor·
1125 785 1242 867 cipari:
1260 805 1356 850 nemo
1377 807 1443 851 non
1466 786 1619 853 fatebitur
1637 787 1813 867 tolerabile,
1825 786 1891 852 imo
1913 787 2094 856 humanum

124 875 198 942 diam
218 872 356 947 eliciant,
378 873 498 937 iterum
516 880 635 954 rogant
656 889 714 934 cur
734 871 857 936 sineret
878 871 966 953 ipsos
984 872 1075 949 mori,
1124 871 1224 936 fuisse
1255 870 1316 938 hoc
1344 871 1528 954 imperium.
1573 872 1611 939 Si
1640 873 1789 939 coluisset
1817 874 1953 956 quisque
1980 895 2093 956 agrum

123 961 248 1041 adeoque
274 977 371 1041 agros
398 958 495 1040 ipsos.
539 957 632 1022 Haeo
660 956 747 1022 enim
778 965 827 1022 est
848 975 935 1021 mors
959 965 1073 1035 terrae,
1124 977 1222 1022 suum
1255 977 1297 1022 ex
1325 977 1424 1032 more,
1457 957 1567 1041 gravis
1595 959 1666 1026 visa
1693 969 1779 1024 esset
1810 958 1926 1025 tributi
1958 961 2093 1027 exactio.

122 1065 207 1128 quum
235 1042 396 1109 deseritur
425 1043 496 1108 eius
523 1042 668 1120 cultura,
690 1051 727 1106 ut
748 1040 784 1106 in
806 1042 993 1106 vastitatem
1022 1063 1074 1106 re·
1124 1041 1270 1106 Mediam
1287 1064 1366 1128 ergo
1377 1043 1535 1107 rationem
1554 1045 1718 1128 excogitat
1727 1043 1856 1128 ioseph,
1871 1065 1955 1126 quae
1970 1067 2094 1112 novum

122 1130 209 1208 docta,
227 1128 312 1194 nihil
335 1128 475 1210 amplius
497 1128 649 1212 proferat.
1123 1137 1156 1191 et
1178 1128 1345 1193 insolitum
1363 1150 1446 1195 onus
1466 1129 1602 1212 mitiget,
1621 1151 1723 1196 novos
1746 1150 1851 1214 agros
1866 1131 2017 1214 imposito
2038 1134 2094 1198 tri·

192 1215 239 1280 20.
271 1213 317 1280 Ec
344 1215 417 1280 anit
444 1213 558 1296 Ioseph
583 1233 703 1279 mmmm
730 1217 855 1280 terram
901 1212 966 1278 Hic
994 1233 1073 1278 vero
1123 1209 1211 1293 buta,
1232 1215 1413 1297 assignans.
1458 1215 1591 1298 liuponi
1613 1217 1712 1282 etiam
1733 1215 1828 1282 aliter
1845 1225 1954 1298 posset
1970 1217 2024 1283 hio
2045 1218 2093 1284 lo·

119 1301 242 1369 erudelis
283 1307 318 1366 et
355 1300 563 1385 inexplebilis
600 1299 756 1366 ινιιίιίιο
795 1297 963 1365 cumulum
1001 1318 1072 1363 esse
1123 1317 1189 1377 cus,
1211 1300 1295 1381 quod
1318 1299 1438 1384 Ioseph
1467 1322 1581 1367 omnes
1610 1302 1768 1386 agricolas
1790 1302 1929 1367 transire
1957 1303 1990 1367 in
2013 1303 2093 1371 eivi-

118 1387 261 1471 quispiam
302 1394 449 1468 putaret,
485 1384 571 1468 quod
604 1385 731 1450 miseris
763 1383 913 1468 agricolis
952 1385 1072 1468 Ioseph
1122 1391 1207 1450 tates
1229 1387 1350 1460 lecerit,
1364 1394 1400 1451 ut
1417 1385 1485 1452 illic
1507 1388 1689 1470 acciperent
1707 1407 1881 1465 annonam,
1894 1395 1929 1452 et
1946 1388 2092 1471 publicas

118 1493 200 1556 agros
227 1473 326 1538 etiam
354 1472 467 1554 eripit,
495 1492 537 1536 ex
569 1491 707 1554 quorum
743 1481 903 1553 proventu
931 1492 1068 1553 regnum
1122 1470 1250 1536 tabulae
1282 1474 1486 1538 conficerent.
1532 1471 1569 1538 Si
1602 1473 1727 1556 placeat
1759 1473 1813 1540 hic
1845 1493 1974 1552 sensus,
2006 1473 2092 1557 quod

117 1559 258 1624 aluerant.
305 1556 371 1624 Sed
393 1558 458 1622 iam
480 1558 571 1640 prius
594 1555 735 1632 ostendi,
759 1557 824 1621 nisi
854 1557 1009 1622 damnare
1031 1556 1071 1620 li·
1122 1556 1200 1620 olim
1234 1555 1387 1622 distincta
1419 1558 1481 1622 fuit
1514 1559 1687 1643 Aegyptus
1715 1559 1750 1623 in
1779 1559 1981 1643 provincias,
2010 1581 2092 1642 quae

115 1644 176 1709 beat
195 1643 332 1726 quodvis
349 1643 551 1726 emptionum
570 1663 682 1726 genus,
694 1663 760 1706 non
778 1663 848 1708 esse
869 1661 928 1706 cur
946 1641 1070 1708 iactum
1121 1651 1233 1724 postea
1251 1652 1383 1708 vocatae
1401 1653 1479 1708 sunt
1496 1649 1588 1723 νομοὶ,
1601 1645 1768 1729 probabile
1786 1645 1942 1710 crithino
1960 1644 2092 1712 ductam

112 1729 216 1812 loseph
232 1729 393 1811 culpetur.
427 1727 557 1811 Siquis
578 1727 817 1795 dicatabusum
836 1729 1069 1810 esseipsorum
1119 1729 1219 1792 luisse
1241 1729 1412 1812 originem.
1456 1729 1503 1793 Ει
1524 1739 1611 1796 certe
1636 1741 1702 1796 tam
1724 1732 1794 1812 regi
1815 1729 1970 1814 privatim
1993 1751 2091 1814 quam

110 1815 221 1899 inopia,
251 1815 315 1881 hoc
344 1835 447 1880 unum
477 1813 518 1880 ad
547 1815 789 1880 excusationem
818 1815 954 1888 sufficit,
983 1812 1068 1896 quod
1119 1815 1337 1878 communiter
1368 1815 1430 1879 toti
1462 1815 1581 1898 populo
1621 1817 1778 1881 damnosa
1816 1816 1896 1882 haec
1929 1815 2091 1883 traductio

110 1901 205 1965 nullae
226 1901 298 1966 eius
321 1899 470 1980 insidiae,
500 1900 591 1965 nulla
619 1901 864 1974 circumventio,
895 1898 1068 1975 sullanis,
1119 1899 1242 1977 luisset,
1254 1899 1339 1982 quod
1350 1901 1502 1983 peritiam
1520 1909 1552 1965 et
1569 1922 1664 1966 usum
1687 1903 1722 1966 in
1745 1923 1845 1969 novas
1858 1899 1951 1966 sedes
1974 1903 2091 1967 afferre

110 1987 205 2051 nullae
236 1985 347 2052 minas
381 1987 421 2051 ad
457 1986 542 2051 hanc
574 1986 804 2052 necessitatem
841 1985 1068 2068 compulerunt
1119 2005 1184 2050 non
1208 1995 1368 2067 poterant.
1413 1985 1501 2066 Quia
1523 1995 1633 2052 tamen
1655 2007 1708 2052 res
1730 2009 1795 2052 non
1818 1989 1998 2071 estmagni
2020 2008 2089 2053 mo·

107 2073 287 2156 Aegyptios.
322 2071 462 2138 (inravit
479 2072 564 2137 bona
585 2070 658 2148 fide,
682 2071 816 2154 parique
838 2071 999 2136 industria
1016 2091 1067 2136 re·
1119 2071 1231 2149 menti,
1254 2081 1286 2135 et
1315 2072 1469 2156 ambigua
1497 2083 1547 2138 est
1569 2072 1659 2138 verbi
1683 2074 1894 2157 significatio,
1923 2072 1960 2138 in
1981 2073 2088 2139 medio

107 2159 150 2242 gis
180 2158 364 2241 negotium:
396 2158 533 2239 imperio
563 2156 696 2222 iunctus
728 2165 779 2220 est
811 2158 881 2222 sine
915 2157 1067 2222 violentis
1118 2157 1276 2237 relinquo.

106 2241 216 2309 edictis.
246 2243 595 2326 Urgentefnmeliouit
612 2241 728 2306 venale
749 2243 1066 2324 exponeretritiaum
1204 2242 1255 2308 22.
1283 2241 1505 2307 Tantummodo
1527 2248 1644 2310 mnam
1663 2245 1867 2310 camacum.
1911 2245 2090 2329 Exceptio

105 2337 163 2392 tam
183 2330 343 2396 divitibus
365 2349 463 2411 qnam
485 2326 698 2411 pauperibus:
722 2348 839 2410 pecora
861 2327 977 2393 deinde
999 2349 1066 2392 non
1117 2328 1283 2394 communi
1305 2327 1378 2411 lege
1399 2329 1532 2393 fuerunt
1554 2329 1744 2408 sacerdotes,
1768 2332 1852 2412 quod
1869 2353 1928 2396 rex
1944 2329 2012 2396 illis
2034 2330 2088 2396 de·

104 2415 203 2480 minus
223 2435 335 2480 emere
356 2414 463 2480 licuit:
482 2435 569 2480 nuno
587 2412 627 2478 ad
646 2425 830 2478 extremum
853 2435 912 2480 cur
929 2415 977 2480 ias
1000 2435 1065 2478 non
1116 2434 1266 2480 mensum
1300 2414 1477 2496 praeberet.
1528 2414 1674 2480 Dubium
1704 2415 1835 2499 quidem
1869 2427 1918 2482 est
1945 2417 2086 2482 breritne

103 2509 179 2565 esset
198 2503 289 2566 insto
311 2500 415 2584 pretio
433 2519 529 2584 agros
551 2499 622 2582 regi
639 2498 831 2583 acquirere?
850 2500 926 2565 Huc
944 2498 1066 2566 accedit
1116 2500 1299 2581 praesentis
1332 2499 1534 2566 necessitatis
1567 2499 1629 2567 hoc
1658 2501 1857 2578 subsidium,
1897 2523 1939 2568 an
1972 2503 2086 2568 solitus

102 2585 178 2667 qnod
200 2586 286 2651 nihil
312 2595 493 2668 extorquet,
522 2583 579 2652 sed
601 2605 642 2649 ex
667 2605 779 2650 eorum
807 2586 968 2668 postulato
990 2607 1065 2653 oum
1115 2586 1215 2650 fuerit
1242 2607 1297 2650 eos
1325 2605 1385 2649 suo
1413 2593 1546 2668 sumptu
1574 2585 1678 2653 alere:
1708 2587 1765 2652 sed
1798 2588 1873 2670 quia
1906 2586 1946 2653 de
1973 2608 2085 2654 eorum

101 2671 172 2752 ipsis
188 2672 352 2756 transigit.
382 2671 503 2735 li'ateor
520 2670 650 2754 quidem
662 2672 1063 2754 nonpromisauesumen·
1115 2671 1203 2754 agris
1233 2671 1385 2736 meminit
1410 2671 1519 2737 Moses
1540 2672 1577 2737 in
1605 2672 1695 2737 illam
1725 2672 1947 2739 coniecturam
1976 2675 2086 2759 potius

101 2755 171 2822 dum
191 2779 262 2824 esse
292 2754 450 2841 quidquid
479 2757 631 2822 offertur:
655 2777 731 2821 nem
754 2759 783 2822 ei
806 2757 918 2822 durior
945 2756 1065 2840 premit
1114 2757 1246 2836 inclino,
1273 2757 1359 2840 quod
1389 2776 1490 2839 quum
1523 2758 1612 2840 prius
1646 2767 1755 2823 essent
1786 2759 1973 2842 locupletes,
2008 2761 2086 2844 quia

99 2845 279 2920 necessitas,
307 2843 363 2926 qui
385 2864 457 2908 eam
480 2843 596 2925 quovis
626 2842 721 2908 modo
743 2845 835 2925 cupit
856 2843 1001 2926 elingere
1022 2842 1062 2907 ad
1115 2842 1270 2908 sterilitas
1291 2842 1358 2908 illis
1380 2862 1506 2927 quoque
1527 2864 1623 2910 suum
1646 2844 1786 2909 reditum
1808 2844 1995 2924 abstulerat,
2017 2845 2085 2928 pri·

97 2926 217 3010 iniquas
237 2930 407 3013 pactiones
425 2926 607 2994 descendet.
640 2929 730 3012 Ergo
751 2949 852 3010 quum
876 2930 947 3011 quis
965 2928 1006 2994 ad
1028 2949 1064 2993 se
1116 2928 1235 3012 vilegio
1265 2949 1320 2994 eos
1347 2949 1407 2993 rex
1436 2931 1617 2994 ornaverit:
1640 2929 1717 2994 hino
1738 2931 1860 2996 iactum
1890 2942 1940 2996 est
1961 2939 2000 2996 ιιι
2021 2933 2084 2996 im·

96 3011 313 3080 fraudandum
336 3035 395 3080 nos
424 3013 557 3093 invitat,
588 3035 653 3080 nou
675 3015 747 3079 ideo
776 3014 926 3098 protinus
949 3011 1063 3080 suiuus
1116 3034 1231 3078 munes
1253 3035 1366 3078 eorum
1389 3015 1460 3097 egri
1482 3025 1661 3080 manerent.
1707 3015 1904 3098 Quanquam
1930 3016 1970 3082 de
1996 3026 2085 3082 statu

96 3101 311 3168 excusabiles:
335 3100 392 3165 sed
414 3120 480 3184 ego.
497 3099 618 3183 Ioseph
639 3121 705 3164 non
724 3101 784 3166 hoc
803 3108 933 3164 tautum
957 3100 1063 3165 colore
1114 3100 1203 3164 illius
1225 3109 1332 3164 terrae
1362 3100 1466 3164 multa
1495 3100 1565 3165 sine
1594 3099 1713 3166 iudicio
1741 3101 1929 3168 fabulantur
1957 3115 2085 3170 veteres

94 3181 234 3266 dedendo,
245 3183 335 3270 quod
347 3185 433 3251 ultro
452 3185 501 3250 illi
512 3206 588 3252 suos
599 3206 695 3269 agros
706 3185 885 3251 detulerint
896 3185 1062 3270 Aegyptii,
1114 3185 1271 3250 historici.
1305 3184 1402 3265 Quod
1419 3195 1528 3250 tamen
1551 3185 1663 3253 dicunt
1684 3189 1843 3270 agricolas
1860 3189 1982 3272 exigua
1999 3209 2085 3254 mer·

95 3272 145 3351 qui
166 3273 270 3336 vitam
294 3271 409 3354 quavis
431 3271 580 3338 mercede
597 3272 758 3338 redimere
778 3272 886 3356 parati
907 3273 1062 3338 luissent:
1114 3272 1192 3338 cede
1214 3278 1401 3350 contentos,
1430 3273 1555 3354 regist
1577 3271 1798 3338 sacerdotibus
1826 3295 1935 3339 serere
1960 3283 1994 3339 et
2014 3295 2083 3340 me-

93 3354 149 3422 hoc
180 3357 270 3436 dica,
300 3355 397 3423 simul
428 3356 544 3423 debere
576 3357 731 3440 expendi,
761 3365 926 3424 servatam
955 3357 995 3423 ab
1025 3378 1063 3422 eo
1114 3365 1192 3434 tere,
1215 3357 1324 3423 nescio
1348 3377 1393 3422 au
1417 3376 1458 3421 ex
1483 3355 1543 3422 hac
1573 3358 1645 3442 lege
1667 3359 1787 3441 Ioseph
1814 3360 1996 3443 profectum
2024 3361 2082 3426 sit:

92 3440 186 3507 luisse
208 3443 419 3526 aequitatem,
432 3443 581 3525 quamvis
603 3442 685 3508 nihil
702 3443 767 3508 illis
789 3444 956 3509 residuum
977 3445 1063 3509 feee-
1114 3441 1171 3507 sed
1192 3442 1258 3508 illis
1278 3442 1416 3520 omissis,
1430 3443 1535 3526 magis
1554 3444 1594 3508 ad
1617 3465 1687 3509 rem
1708 3445 1850 3526 pertinet
1867 3454 1979 3511 notare
1997 3445 2083 3528 quod

91 3527 140 3591 rit.
190 3528 319 3594 Durior
346 3529 462 3594 fuisset
489 3527 631 3593 conditio
658 3530 687 3593 si
714 3529 852 3595 fuissent
880 3529 1000 3595 addicti
1027 3530 1062 3593 in
1112 3528 1224 3594 Moses
1246 3525 1366 3593 diserte
1388 3538 1545 3594 testatum
1567 3551 1638 3596 esse
1659 3530 1778 3606 voluit,
1802 3551 1919 3612 nempe
1947 3532 2082 3614 profano

90 3624 282 3695 perpetuam
299 3615 507 3680 servitutem:
526 3634 614 3679 nunc
631 3614 734 3680 libera
755 3635 890 3698 corpora
908 3615 973 3681 illis
990 3634 1064 3681 con·
1113 3616 1184 3697 regi
1217 3613 1384 3697 singulare
1416 3614 1518 3679 inisse
1547 3615 1688 3680 studium
1721 3614 1825 3681 divini
1857 3615 1973 3692 cultus,
2003 3616 2082 3680 dum

90 3698 227 3780 aeditua
250 3708 383 3766 tantum
397 3698 437 3766 de
459 3700 546 3784 agris
558 3701 744 3783 pacicitur,
757 3721 837 3782 quos
859 3702 941 3766 forte
959 3703 1063 3766 maior
1113 3701 1296 3766 sacerdotes
1317 3701 1420 3783 gratis
1442 3701 1539 3779 aluit,
1563 3710 1600 3765 ut
1622 3721 1735 3767 eorum
1757 3701 1846 3785 agris
1868 3712 1901 3765 et
1921 3701 2082 3767 facultati·

88 3805 160 3866 pars
181 3784 303 3869 populi
325 3807 345 3850 a
365 3786 563 3870 pauperibus
590 3795 722 3851 emerat.
768 3786 806 3851 si
828 3788 972 3853 vestibus
1001 3809 1062 3852 nu·
1114 3785 1176 3852 bus
1197 3795 1354 3870 parceret.
1397 3785 1524 3867 Nempe
1548 3785 1609 3852 hoo
1631 3787 1724 3851 nobis
1753 3786 1921 3868 speculum
1950 3787 2081 3870 ponitur

89 3868 177 3937 daret
205 3893 293 3955 quos
321 3871 485 3937 frumento
514 3873 633 3954 pascit,
665 3871 727 3937 hoc
756 3881 844 3938 esset
872 3872 1000 3956 oblique
1030 3882 1063 3938 et
1114 3882 1189 3936 aute
1211 3873 1319 3937 oculos
1341 3873 1376 3936 in
1406 3892 1468 3955 quo
1491 3891 1661 3937 cernamus
1688 3872 1828 3937 infixum
1850 3891 1921 3938 esse
1943 3873 2082 3938 homini·

86 3953 168 4022 lente
191 3978 250 4024 eos
275 3956 432 4040 iugulere.
477 3955 565 4039 Quid
587 3959 676 4023 enim
699 3958 846 4036 interest,
868 3956 997 4024 famaue
1019 3979 1062 4024 an
1115 3964 1174 4024 bus
1196 3957 1326 4041 pietatis
1344 3977 1490 4023 sensnm:
1514 3978 1610 4041 quem
1627 3977 1762 4040 prorsus
1780 3956 1887 4023 delere
1904 3966 2081 4042 nequeunt.

85 4041 202 4126 frigore
224 4042 396 4109 hominem
414 4044 496 4108 mori
514 4043 649 4128 cogam?
672 4043 791 4126 Ioseph
808 4053 917 4108 autem
930 4046 1062 4128 Aegyp-
1113 4042 1210 4126 Quod
1243 4043 1325 4108 tales
1357 4043 1440 4108 aluit
1472 4043 1634 4108 sacrificos
1661 4042 1803 4121 Pharao,
1834 4042 1890 4126 qui
1921 4044 1988 4108 suis
2020 4045 2082 4108 im·

86 4127 136 4194 tiis
160 4129 209 4194 ita
232 4129 398 4194 succurrit
419 4138 455 4194 ut
475 4132 511 4194 iu
531 4137 698 4213 posterum
721 4129 815 4196 liberi
844 4130 924 4207 sint,
947 4139 980 4195 st
1001 4151 1061 4196 suo
1111 4130 1253 4214 pasturis
1282 4128 1512 4194 dementabant
1538 4129 1703 4212 populum,
1731 4149 1797 4194 non
1827 4129 1936 4195 minus
1962 4148 2082 4212 pravae

84 4212 190 4280 labore
205 4212 408 4281 mediocrem
420 4215 543 4282 vietum
562 4221 761 4298 comparent.
792 4212 954 4296 Quamvis
971 4218 1060 4282 enim
1111 4237 1209 4299 quam
1243 4214 1364 4281 stultae
1396 4215 1638 4297 superstitionis
1670 4215 1747 4280 tuit:
1788 4213 1849 4278 hcc
1880 4222 1992 4280 tamen
2022 4235 2082 4298 per

83 4299 175 4366 sedes
196 4308 398 4383 permutent,
411 4322 523 4366 omnes
540 4307 650 4366 tamen
669 4310 824 4367 creantur
841 4302 928 4384 regis
946 4301 1059 4368 villici:
1111 4323 1148 4369 se
1181 4302 1352 4368 consilium
1386 4299 1482 4365 laude
1514 4297 1649 4384 dignum
1681 4301 1759 4377 fuit,
1798 4299 1884 4382 quod
1916 4301 1981 4365 Dei
2012 4301 2081 4368 oul-

83 4405 186 4467 neque
209 4405 312 4470 agros
335 4394 478 4464 tantum,
506 4386 563 4452 sed
585 4387 805 4452 instrumenta
826 4407 909 4470 quae
927 4396 1061 4468 emerat,
1111 4396 1180 4454 tum
1203 4389 1436 4470 iacerepassus
1453 4407 1520 4451 non
1542 4394 1606 4451 est:
1629 4384 1819 4469 quodbrevi
1842 4385 1990 4451 futurum
2010 4394 2082 4451 erat

81 4469 145 4536 illis
176 4473 323 4537 remittit
354 4472 483 4554 Ioseph.
528 4471 625 4538 Unde
658 4482 794 4556 apparet
826 4493 923 4556 quam
953 4475 1061 4556 potuit
1111 4474 1140 4538 si
1156 4472 1431 4539 lamsdeficerent
1449 4471 1641 4538 sacerdotes.
1671 4470 1768 4537 Unde
1785 4470 1967 4556 colligimus
1983 4491 2081 4555 quam

79 4557 296 4624 clementiam
317 4558 425 4642 ipsum
447 4556 633 4624 adhibuisse
655 4557 697 4622 ad
716 4578 772 4624 eos
793 4557 958 4626 levandos.
1003 4560 1060 4624 Iu·
1110 4559 1224 4624 sedulo
1245 4559 1426 4624 cavendum
1450 4559 1501 4636 sit,
1520 4579 1560 4622 ne
1582 4565 1792 4706 praepostero
1813 4557 1881 4622 zelo
1904 4557 2081 4640 quidquam

80 4643 175 4708 terim
206 4652 353 4710 caveant
378 4644 434 4727 qui
459 4644 557 4710 nimis
585 4643 627 4709 ad
654 4665 724 4709 rem
753 4652 834 4710 sunt
862 4645 989 4724 attenti,
1018 4667 1059 4710 ne
1109 4653 1288 4710 tentemus:
1310 4644 1386 4728 quia
1407 4643 1490 4708 nihil
1510 4663 1588 4726 proc
1601 4642 1685 4710 isius
1703 4651 1753 4708 est
1773 4642 1809 4706 in
1827 4650 1922 4708 tanta
1943 4654 2081 4708 naturae

78 4728 159 4795 salso
183 4735 386 4813 praetexant
403 4730 591 4813 exemplum
603 4730 737 4812 Ioseph:
760 4731 836 4814 quia
853 4739 980 4796 certum
999 4739 1058 4809 est,
1099 4729 1272 4822 ⁸humanae
1293 4729 1479 4813 corruptela
1499 4749 1598 4812 quam
1618 4733 1657 4794 ut
1677 4728 1791 4812 religio
1813 4731 1848 4792 in
1865 4728 1999 4796 frivolas
2018 4750 2080 4794 nu·

78 4815 218 4881 vitiosos
242 4835 316 4882 esse
344 4836 454 4884 coram
482 4816 554 4881 Deo
579 4825 766 4883 contractus
793 4836 905 4882 omnes
933 4817 989 4899 qui
1018 4815 1059 4880 ad
1110 4837 1168 4900 gas
1198 4815 1382 4899 degeneret.
1427 4815 1602 4882 Caeterum
1629 4815 1705 4898 quia
1733 4835 1776 4880 ex
1803 4822 1892 4879 recto
1920 4813 2081 4899 principio

75 4902 228 4968 caritatis
252 4899 403 4986 regulam
430 4922 498 4966 non
519 4902 721 4968 formantur:
744 4909 777 4967 et
805 4902 968 4984 aequitate
989 4901 1057 4986 illa,
1109 4901 1258 4968 manavit
1283 4900 1525 4967 inconsiderata
1551 4900 1632 4966 haec
1654 4898 1780 4966 devotio
1809 4898 1860 4986 (ut
1880 4900 2080 4986 loquuntur),

76 5007 159 5068 quaa
193 4988 292 5052 intus
325 4987 419 5052 nobis
451 4991 570 5054 arcano
607 4995 744 5054 naturae
777 5008 875 5054 sensu
908 4987 1058 5068 dictatur,
1109 4986 1187 5070 quid
1209 4989 1330 5053 nostris
1351 4988 1554 5071 principibus
1575 4985 1739 5070 agendum
1761 4993 1812 5051 est
1831 4984 1886 5068 qui
1902 4983 2081 5051 Christiani

75 5073 122 5140 sic
149 5072 326 5158 agendum
353 5093 425 5139 esse
456 5094 531 5140 cum
560 5073 632 5140 ahie
658 5080 695 5139 ut
721 5074 889 5141 nobiscum
922 5074 976 5158 agi
1001 5095 1058 5141 ro·
1107 5072 1234 5140 censeri
1256 5073 1393 5139 volunt?
1416 5071 1528 5155 Quum
1551 5071 1631 5139 adeo
1648 5070 1807 5138 sollicitus
1828 5069 1927 5137 iuuerit
1949 5071 2080 5138 Pharao

74 5158 198 5225 lamus.
1109 5157 1149 5225 de
1174 5160 1242 5226 suis
1264 5160 1430 5238 sacrificis,
1456 5167 1495 5225 ut
1523 5159 1558 5223 in
1587 5178 1683 5223 suum
1714 5165 1746 5222 et
1768 5156 1868 5223 totius
1895 5157 1989 5240 regni
2011 5159 2080 5224 exi·

161 5245 219 5310 21.
245 5241 292 5308 Eo
306 5243 459 5328 muham
477 5247 614 5311 tranem
632 5245 707 5328 fecit
723 5245 767 5311 ad
787 5245 886 5312 ardea
932 5243 1059 5312 Acerba
1109 5245 1194 5310 tium
1225 5244 1345 5325 Mares,
1378 5266 1420 5310 na
1453 5265 1532 5330 erga
1559 5243 1690 5310 fictitios
1722 5242 1799 5309 deas
1831 5253 1918 5308 esset
1943 5241 2080 5326 impius:

72 5331 210 5415 quidem
236 5329 302 5396 fcio
322 5330 405 5398 haec
422 5331 668 5415 transportatio:
686 5350 803 5398 verum
822 5331 851 5397 si
867 5340 1059 5415 reputamus
1110 5337 1269 5415 quantum
1297 5330 1504 5416 sacrilegium
1531 5337 1597 5411 est,
1624 5329 1665 5395 ab
1687 5329 1740 5395 his
1766 5327 1889 5413 negligi
1917 5327 2082 5413 legitimos
