5022 6192
391 451 458 521 me
1049 441 1486 529 couunuuuarusm
1509 440 1722 512 ananam.
2324 437 2382 502 iae

392 637 499 704 cordis
509 631 1062 714 homiaiamolaeatopaeritiasua:
1079 651 1133 696 aaa
1149 631 1265 697 addam
1282 632 1366 697 ιιιινα
1388 635 1394 750 l
1418 631 1519 715 liquat
1549 631 1664 696 Mosen
1696 629 1737 693 de
1768 630 1887 695 effectu
1920 628 2095 694 memoriae
2126 627 2230 709 loqui:
2269 644 2383 708 nempe

391 725 428 790 at
439 719 615 804 pacatiora
625 715 1090 798 omueoiocaaqaemodmodum
1105 717 1175 799 feci.
1208 715 1259 782 22.
1280 715 1367 784 Post-
1417 717 1503 799 quod
1524 736 1561 782 re
1578 718 1657 799 ipsa,
1680 726 1830 797 certoque
1848 716 2072 798 experimento
2089 711 2383 796 cognoveritNoah

393 809 451 873 bae
472 803 613 871 amatim
641 802 749 868 diebras
782 807 895 882 terrac,
922 803 1065 868 saccata
1090 807 1118 866 et
1151 804 1275 880 maasia,
1306 803 1367 884 fri·
1416 803 1516 868 vitam
1539 823 1632 868 auam
1650 822 1746 868 curae
1762 821 1838 866 -esse
1859 799 1939 866 Deo.
1958 800 2131 864 Caeterum
2148 820 2248 880 quum
2268 816 2384 864 arcana

391 912 453 978 pras
473 896 502 956 et
527 894 647 967 emtas,
677 892 827 954 elaeatae
848 892 876 952 et
897 887 1016 970 hysara,
1044 892 1071 952 et
1092 888 1160 953 dies
1176 893 1203 953 et
1222 908 1285 953 aaa
1305 907 1366 953 noc
1416 909 1476 955 sna
1498 888 1621 953 virtute
1643 887 1763 952 siccare
1785 895 1894 969 posset
1915 887 2007 951 Deus
2029 897 2160 960 terram,
2181 891 2284 948 vento
2308 902 2382 948 usus

393 976 562 1047 meabant.
1416 983 1479 1040 est:
1514 973 1650 1039 eandem
1683 993 1809 1055 quoqne
1841 973 2000 1036 rationem
2032 971 2137 1036 tenuit
2168 970 2202 1032 in
2235 967 2381 1034 siccando

1415 1059 1499 1124 mari
1516 1059 1625 1125 rubro.
1671 1062 1778 1142 Atque
1798 1059 1847 1122 ita
1868 1066 2021 1122 testatum
2047 1077 2117 1121 essc
2140 1054 2251 1130 voluit,
2274 1074 2382 1135 quam·

482 1147 510 1210 1.
546 1143 737 1210 Recordatur
773 1149 818 1209 ast
851 1147 955 1208 amera
984 1143 1075 1210 Deua
1112 1142 1213 1209 Nouii.
1268 1142 1365 1209 Nunc
1414 1144 1588 1210 admodum
1624 1163 1723 1226 aquas
1757 1151 1886 1228 praesto
1924 1142 1965 1208 ad
2005 1141 2193 1223 obsequium
2229 1138 2383 1204 habuerat

394 1231 600 1318 peculiariter
628 1227 794 1294 descendit
816 1228 925 1295 Moses
947 1229 987 1294 ad
1014 1229 1105 1294 illam
1131 1228 1267 1294 alteram
1291 1248 1363 1311 par·
1415 1229 1455 1294 ad
1468 1231 1550 1294 iram
1562 1248 1656 1295 suam
1671 1227 1920 1310 exsequendam,
1938 1227 1984 1293 sic
2001 1247 2089 1292 nunc
2101 1226 2141 1290 ad
2152 1225 2381 1309 praestandum

395 1327 480 1396 tem,
502 1315 597 1382 Noah
618 1336 675 1399 spa
696 1314 810 1380 salutis
832 1313 894 1380 sibi
923 1314 1078 1381 divinitus
1100 1315 1277 1396 promissae
1298 1335 1364 1378 non
1416 1315 1597 1380 remedium
1625 1314 1659 1379 in
1687 1335 1789 1380 manu
1822 1335 1881 1379 sua
1911 1335 1982 1379 asse
2011 1325 2134 1378 ventos.
2187 1310 2381 1393 Quanquam

395 1405 496 1470 fuisse
522 1402 726 1466 frustratum.
769 1399 965 1466 Recordatio
981 1399 1047 1466 ista
1069 1400 1109 1465 de
1137 1420 1201 1482 qua
1221 1400 1365 1481 loquitur
1416 1409 1526 1466 autem
1547 1400 1602 1465 hio
1623 1399 1798 1484 singularis
1816 1401 1956 1465 refertur
1972 1399 2109 1463 historia
2131 1397 2268 1472 aMose,
2292 1396 2380 1462 doce·

395 1491 518 1568 Moses,
540 1508 606 1550 nou
629 1485 723 1550 modo
745 1484 785 1550 ad
807 1493 978 1552 externam
1001 1485 1048 1550 rei
1070 1486 1293 1569 apparentiam
1315 1482 1366 1571 (ut
1416 1509 1489 1552 mur
1519 1495 1628 1551 tamen
1658 1506 1722 1550 non
1747 1485 1882 1550 fortuito
1911 1506 1968 1550 aur
1991 1506 2045 1549 ere
2078 1493 2206 1560 ventos,
2235 1482 2292 1547 sed
2322 1481 2380 1546 Dei

394 1570 587 1659 loquuntur)
617 1571 673 1636 sed
695 1570 736 1635 ad
765 1571 870 1636 sancti
895 1591 1022 1654 quoquo
1047 1572 1108 1637 viri
1137 1571 1290 1638 affectum
1314 1591 1364 1635 re·
1417 1572 1508 1638 iussu
1532 1572 1684 1640 excitari:
1712 1570 1807 1637 sicuti
1838 1572 1935 1636 etiam
1964 1506 2081 1634 §icitur
2109 1567 2210 1652 (Psal.
2241 1568 2319 1644 104,
2347 1567 2377 1651 4)

366 1661 474 1726 ¹ferri
505 1658 608 1723 debet.
666 1655 800 1721 (lartum
834 1655 962 1738 quidem
1000 1666 1066 1736 est,
1096 1657 1204 1722 Deum
1231 1677 1273 1720 ex
1303 1677 1365 1738 quo
1417 1657 1537 1723 celeres
1564 1678 1634 1722 esso
1658 1655 1721 1720 Dei
1750 1657 1900 1725 nuncios:
1926 1667 1960 1720 et
1988 1653 2124 1732 ibidem,
2155 1655 2264 1720 Deum
2286 1675 2380 1735 super

395 1744 495 1812 semel
513 1742 608 1808 Noah
625 1743 659 1806 in
677 1763 772 1807 suum
790 1741 986 1824 praesidium
1004 1749 1178 1824 receperat,
1198 1761 1365 1822 nunquam
1416 1742 1484 1808 alas
1506 1761 1618 1807 eorum
1641 1742 1794 1824 equitare.
1839 1741 1988 1823 Denique
2017 1741 2250 1806 elementorum
2278 1742 2378 1802 varic-

395 1832 497 1896 fuisse
518 1829 607 1894 illius
627 1828 866 1895 immemorem:
889 1828 954 1892 imo
976 1847 1042 1892 non
1060 1828 1187 1891 minore
1209 1825 1365 1891 miraculo
1417 1837 1476 1906 tas,
1498 1849 1535 1893 ac
1557 1828 1708 1892 contrarii
1731 1839 1836 1892 motus
1853 1828 2023 1909 mutuique
2040 1827 2211 1892 conflictus
2232 1827 2271 1890 ad
2294 1847 2380 1908 prae-

395 1918 517 1983 sectum
538 1927 588 1980 est
609 1934 651 1978 ne
672 1912 846 1978 suffocatus
868 1917 903 1977 in
928 1913 1092 1996 ergastulo
1111 1913 1245 1994 periret,
1268 1933 1366 1995 quam
1417 1913 1568 1979 standum
1591 1914 1662 1977 Deo
1684 1911 1871 1994 obsequium
1892 1912 2086 1995 conspirant.
2127 1910 2269 1978 Sublicit
2286 1913 2378 1974 etiam

395 2003 482 2069 siin
500 1999 592 2083 aquis
609 1998 777 2064 demersus
794 1999 929 2064 vixisset
950 2000 1020 2066 sine
1041 1999 1166 2079 spiritu.
1203 1999 1248 2062 Dt
1269 1995 1366 2080 paulo
1417 1999 1525 2066 Moses
1543 1999 1606 2062 alia
1628 1997 1824 2064 adminicula
1848 1998 1965 2079 quibus
1986 1996 2109 2063 factum
2132 2006 2183 2062 est
2204 2006 2240 2062 ut
2262 1997 2380 2062 minue-

396 2098 472 2154 ante
509 2086 592 2152 dixit
624 2084 751 2161 Moses,
786 2103 905 2148 arcana
938 2085 1002 2148 Dei
1038 2083 1188 2149 clausura
1222 2093 1366 2148 retentae
1417 2095 1682 2166 renturaqua,ao
1700 2084 1734 2146 in
1752 2104 1844 2148 suam
1863 2085 2037 2148 stationem
2056 2082 2210 2150 redirent.
2248 2082 2379 2150 Summa

395 2173 496 2238 fnisse
517 2191 634 2253 aquas,
656 2190 698 2234 ue
718 2169 752 2234 in
776 2188 884 2235 arcam
911 2177 1130 2254 penetrarent.
1175 2167 1243 2236 Sed
1265 2189 1364 2250 quum
1418 2181 1476 2249 ast,
1499 2172 1606 2234 Deum
1630 2178 1669 2233 nt
1690 2168 1835 2233 ordinem
1859 2170 1949 2249 prius
1971 2190 1990 2234 a
2011 2191 2046 2234 se
2067 2171 2210 2250 positum
2233 2169 2378 2234 restitue·

394 2279 498 2342 usque
516 2257 558 2321 ad
583 2256 732 2339 quintum
757 2274 904 2320 mensam
928 2256 1102 2321 fluctuaret
1119 2255 1155 2319 in
1173 2255 1264 2337 aquis
1282 2273 1366 2332 area,
1417 2266 1477 2332 ret,
1499 2275 1600 2336 aquas
1622 2274 1789 2320 revocasse
1811 2253 1851 2318 ad
1875 2255 1956 2320 fines
1978 2255 2206 2337 praescriptos:
2226 2264 2263 2321 ut
2284 2274 2379 2335 aquae

395 2364 489 2410 mora
516 2343 572 2406 illa
601 2360 664 2423 qua
690 2361 806 2422 passus
834 2349 883 2404 est
910 2340 1073 2406 Dominus
1108 2361 1241 2404 servum
1270 2360 1365 2405 suum
1418 2341 1587 2416 coelestes,
1611 2341 1701 2422 quasi
1724 2349 1907 2416 concretae,
1930 2339 1965 2403 in
1986 2354 2061 2405 aare
2085 2340 2282 2425 ponderent:
2304 2338 2378 2402 aliae

396 2429 494 2494 auxie
528 2449 565 2492 ac
599 2427 715 2492 misere
745 2426 897 2503 cruciari,
930 2425 1089 2508 quaedam
1124 2424 1228 2490 videri
1259 2425 1368 2508 potuit
1418 2428 1558 2491 laterent
1580 2428 1614 2489 in
1637 2428 1705 2490 suis
1727 2425 1927 2509 gurgitibus:
1956 2426 2039 2491 aliae
2060 2428 2202 2491 fluerent
2224 2425 2379 2492 distinctis

397 2513 527 2580 oblivio.
578 2511 647 2575 Nee
676 2510 810 2576 dubium
839 2521 889 2575 est
918 2512 997 2594 quin
1026 2533 1081 2576 cor
1107 2510 1178 2575 eins
1201 2513 1294 2576 varie
1315 2529 1367 2574 ae·
1419 2512 1535 2579 alveis:
1557 2531 1646 2576 mare
1668 2530 1796 2595 quoque
1817 2512 1853 2574 in
1875 2531 1934 2576 sua
1952 2511 2037 2576 mole
2058 2513 2258 2578 consisteret.

398 2599 528 2676 stuarit,
551 2617 651 2679 quum
675 2617 709 2660 se
732 2596 857 2660 tamdiu
888 2597 1034 2680 protrahi
1063 2603 1226 2662 cerneret:
1258 2596 1368 2678 potuit
1504 2597 1534 2662 3.
1554 2596 1596 2662 Ia
1611 2595 1674 2678 {iae
1694 2601 1811 2661 ceritum
1832 2597 2059 2680 quinquaqinta
2076 2598 2207 2664 dimo».
2245 2595 2378 2677 Quidam

398 2687 485 2750 enim
506 2683 657 2765 colligere
679 2681 741 2746 sibi
762 2681 890 2765 longius
907 2691 1113 2766 prorogatam
1136 2679 1235 2748 fuisse
1258 2682 1368 2758 vitam,
1420 2692 1524 2750 totum
1546 2691 1674 2763 tempus
1697 2683 1799 2746 notari
1828 2692 1944 2764 putant
1972 2684 2013 2748 ab
2033 2683 2128 2768 ipitio
2149 2682 2264 2747 diluvii
2286 2701 2379 2764 usque

399 2790 462 2853 quo
484 2768 618 2850 reliquis
639 2767 788 2832 omnibus
810 2768 959 2833 miserior
976 2767 1068 2832 forat.
1105 2767 1236 2832 Scimus
1258 2776 1369 2832 autem
1420 2769 1461 2834 ad
1488 2789 1644 2850 aquarum
1682 2767 1948 2837 diminutionem:
1983 2777 2079 2852 atque
2101 2770 2145 2832 ita
2174 2767 2379 2851 comprohen-

400 2874 496 2938 quam
525 2853 620 2918 nobis
648 2853 804 2917 usitatum
825 2852 883 2930 sit,
906 2852 1014 2918 Deum
1040 2854 1165 2935 fingere
1192 2852 1368 2930 absentem,
1421 2855 1502 2920 dunt
1518 2853 1731 2935 quadraginta
1749 2853 1818 2917 dios
1835 2852 2070 2934 quibusMoses
2088 2854 2275 2920 continuam
2291 2854 2380 2916 luisse

399 2941 462 3004 nisi
480 2959 580 3021 quum
603 2938 672 3002 aius
695 2939 911 3020 praesentiam
934 2938 1024 3004 clara
1044 2937 1247 3021 experientia
1269 2937 1368 3001 senti·
1421 2941 1564 3024 pluviam
1599 2938 1720 3004 retulit.
1772 2939 1843 3022 Ego
1876 2947 1986 3004 autem
2014 2941 2061 3006 sio
2094 2940 2273 3023 distinguo,
2302 2935 2379 3020 quod
2487 2959 2488 2968 ¹

400 3045 482 3090 mus.
526 3024 601 3088 Etsi
630 3031 740 3088 autam
762 3022 1017 3105 promissionem,
1046 3043 1143 3106 quam
1170 3023 1270 3089 semel
1300 3043 1368 3086 am·
1421 3046 1524 3109 usque
1545 3024 1586 3088 ad
1608 3023 1693 3090 diem
1711 3023 2004 3106 quadragesimum,
2022 3027 2116 3091 novis
2133 3025 2270 3091 subinde
2285 3025 2380 3088 incre

399 3108 516 3195 plexus
549 3117 631 3187 erat,
665 3108 829 3174 mordicus
862 3108 904 3174 ad
938 3110 1038 3174 finem
1077 3129 1179 3190 usque
1216 3109 1369 3175 retinuit:
1422 3112 1539 3177 mentis
1568 3129 1669 3192 aquae
1695 3131 1765 3174 sese
1794 3108 1988 3174 extulerint:
2017 3111 2134 3177 deiude
2160 3109 2298 3176 eundem
2317 3107 2378 3171 fero

400 3196 545 3280 graviter
556 3204 665 3259 tamon
685 3194 785 3260 variis
802 3195 1039 3260 tentationibus
1059 3213 1251 3260 concussum
1271 3194 1370 3259 luisse
1421 3208 1541 3263 statum
1573 3195 1739 3260 tenuerint
1768 3203 1897 3261 centum
1927 3205 1960 3261 et
1992 3196 2228 3280 quinquaginta
2256 3193 2378 3261 diebus:

400 3279 553 3346 credibile
582 3290 646 3345 est:
677 3290 709 3344 et
730 3278 822 3344 Deus
843 3281 956 3362 procul
978 3280 1076 3346 dubio
1102 3279 1178 3344 dato
1198 3298 1297 3361 opera
1324 3279 1371 3343 sic
1421 3291 1560 3364 uterque
1581 3282 1667 3344 euim
1697 3300 1869 3360 numerus,
1898 3301 2026 3348 manses
2048 3305 2121 3360 sex,
2144 3293 2178 3346 et
2198 3281 2294 3364 paulo
2313 3279 2379 3362 plus

400 3366 549 3432 exercuit
576 3366 645 3430 eius
672 3364 770 3430 tidem
792 3373 826 3430 et
853 3366 1053 3448 patientiam.
1098 3364 1168 3430 Our
1195 3365 1282 3429 euim
1305 3385 1369 3429 non
1422 3365 1553 3433 dimidio
1582 3366 1689 3431 efficit.
1739 3367 1830 3433 Dicit
1857 3377 1966 3432 autem
1995 3369 2104 3433 Moses
2133 3369 2262 3434 circitor
2289 3368 2378 3430 finem

400 3451 511 3516 triduo
530 3452 709 3516 exstinctus
733 3459 784 3515 est
804 3449 967 3516 mundus?
991 3453 1037 3516 Et
1062 3472 1216 3535 quorsum
1238 3451 1372 3514 attinuit
1421 3453 1550 3536 septimi
1577 3451 1698 3516 mensis
1727 3453 1772 3517 sic
1801 3452 1989 3535 apparuisse
2015 3474 2173 3536 aquarum
2203 3451 2377 3519 diminutio·

401 3557 519 3620 aquas,
541 3545 715 3621 postquam
736 3556 881 3600 summos
903 3545 1029 3603 montes
1051 3544 1214 3615 texerant,
1236 3533 1370 3617 quindc·
1421 3560 1497 3603 nem
1519 3547 1556 3602 ut
1579 3557 1654 3602 arca
1674 3537 1855 3603 subsideret
1875 3539 1910 3602 in
1928 3559 2056 3604 summo
2073 3539 2240 3604 cacumine
2257 3534 2376 3608 montis,

401 3623 465 3689 cim
496 3620 613 3688 cubitis
642 3621 741 3687 altius
774 3642 923 3704 surgere,
959 3623 1024 3688 nisi
1052 3633 1090 3687 ut
1118 3622 1214 3687 Noah
1241 3631 1274 3686 et
1303 3621 1371 3686 eius
1422 3624 1475 3689 vel
1498 3621 1636 3688 fundum
1665 3622 1806 3704 aliquem
1834 3625 2019 3706 attingeret.
2065 3627 2113 3688 Ac
2135 3635 2202 3690 toto
2223 3623 2279 3688 illo
2305 3629 2377 3684 tam·

401 3706 584 3785 domestici,
613 3706 654 3771 ad
676 3706 864 3772 meditanda
885 3707 948 3773 Dei
976 3707 1096 3774 iudicia
1116 3707 1234 3772 melius
1262 3727 1372 3772 assue-
1423 3710 1511 3794 poris
1533 3709 1639 3791 spatio
1660 3708 1779 3774 clarius
1808 3709 1978 3774 ostendere
2006 3709 2109 3776 voluit
2131 3710 2291 3774 Dominus
2311 3706 2376 3770 hor·

402 3795 535 3859 fierent:
567 3792 709 3874 periculo
735 3802 842 3856 autom
867 3793 1011 3859 defuncti
1040 3801 1253 3878 agnoscerent
1275 3812 1310 3857 se
1332 3813 1374 3856 ex
1424 3792 1558 3860 rendam
1581 3793 1671 3857 illam
1699 3792 1814 3859 mundi
1845 3795 2029 3860 vastitatem
2054 3814 2121 3860 non
2150 3815 2228 3860 casu
2256 3791 2375 3859 fortuito

403 3877 493 3944 mille
522 3877 680 3944 mortibus
708 3899 762 3942 ere
786 3877 859 3943 tos?
883 3879 1056 3944 Discamus
1079 3899 1157 3962 ergo
1177 3878 1239 3943 hoc
1262 3899 1373 3942 axom-
1424 3879 1521 3946 terris
1542 3876 1743 3958 incubuisse,
1765 3880 1821 3944 sed
1843 3879 1971 3945 illustre
1993 3900 2064 3947 asse
2087 3879 2199 3946 iudicii
2220 3881 2271 3946 sni
2292 3878 2378 3942 doou·
2485 3933 2486 3948 .

402 3964 458 4048 plo
486 3966 674 4029 recumbere
695 3964 730 4028 in
787 3963 817 4027 ei
845 3964 1099 4046 providentiam,
1131 3961 1209 4028 dum
1231 3964 1375 4028 maxime
1424 3973 1585 4031 mantum:
1606 3963 1827 4031 liberationem
1839 3985 1919 4031 vero
1929 3966 2023 4031 Noah
2042 3967 2254 4050 magnificum
2278 3963 2376 4035 fuisse,
2485 3973 2486 3978 ’

403 4049 580 4115 obliviosus
602 4049 748 4114 videtur:
777 4048 908 4114 tandem
935 4051 1024 4115 enim
1046 4051 1117 4132 ipsa
1138 4048 1250 4112 auxilii
1273 4047 1377 4114 decla·
1425 4062 1459 4116 et
1490 4058 1622 4116 aeterna
1660 4052 1816 4116 memoria
1854 4049 1988 4134 dignum
2027 4053 2152 4136 gratiae
2184 4073 2262 4116 suaa
2299 4065 2377 4131 opus.

403 4135 531 4201 ratione
553 4135 724 4200 testabitur
746 4156 781 4199 se
803 4134 903 4200 fuisse
925 4137 1030 4200 nostri
1048 4155 1234 4200 memorem.
1279 4132 1376 4214 Quod
1426 4137 1620 4219 Quanquam
1648 4137 1676 4200 si
1702 4155 1848 4201 mensem
1877 4137 2049 4220 septimum
2079 4159 2099 4202 a
2125 4137 2282 4220 principio
2309 4129 2375 4197 anni

404 4222 433 4286 si
462 4241 522 4285 nos
550 4221 591 4284 ad
621 4218 834 4284 diffidentiam
868 4221 1021 4286 sollicitat
1051 4240 1140 4298 caro,
1171 4239 1237 4283 non
1266 4229 1375 4284 tamen
1425 4241 1578 4288 numeres
1598 4219 1696 4305 (quod
1719 4222 1868 4286 nonnulli
1889 4221 2025 4310 faciunt)
2047 4244 2113 4289 non
2138 4237 2248 4288 autem
2270 4235 2375 4300 exque

406 4307 477 4372 eius
500 4305 718 4388 inquietudini
739 4305 908 4374 cedamus:
931 4327 1046 4372 verum
1068 4305 1222 4371 simulac
1243 4304 1376 4388 obrepet
1426 4308 1721 4389 arcamingressus
1743 4316 1793 4372 est
1815 4307 1920 4384 Noah,
1943 4308 2121 4374 residentia
2142 4308 2182 4374 de
2205 4328 2268 4390 qua
2288 4301 2374 4386 loqui·

404 4393 495 4458 haee
516 4391 685 4476 cogitatio,
716 4391 823 4455 Deum
852 4391 976 4458 abiecta
1002 4393 1106 4457 nostri
1127 4412 1206 4456 cura
1228 4391 1279 4455 vel
1302 4390 1375 4456 dor·
1427 4402 1479 4457 tur
1501 4392 1620 4469 Moses,
1642 4392 1738 4457 citius
1753 4393 1900 4477 contigit,
1918 4414 2035 4478 nempe
2053 4415 2152 4477 quum
2170 4395 2236 4458 ism
2258 4389 2375 4474 aquiu-

405 4478 564 4559 mirarei
582 4478 693 4560 procul
711 4477 832 4555 abesse,
851 4477 1047 4544 statimcum
1067 4477 1126 4542 hoc
1143 4477 1376 4560 clypeooccur·
1426 4499 1492 4562 que
1513 4475 1680 4542 mensibus
1701 4479 1857 4544 fluctuare
1880 4481 2038 4562 coepisset
2058 4500 2142 4545 arca.
2183 4479 2222 4545 Si
2241 4478 2315 4542 haec
2334 4494 2374 4537 se

405 4581 532 4629 ramus:
552 4560 716 4628 Dominus
734 4563 789 4644 qui
806 4583 901 4645 opem
919 4584 1011 4628 suam
1030 4561 1194 4646 pollicitus
1212 4571 1262 4628 eat
1279 4563 1376 4628 misa-
1426 4562 1532 4631 cunda
1560 4562 1723 4628 sententia
1749 4565 1922 4648 recipitur,
1951 4567 2063 4631 eadem
2086 4567 2148 4630 erit
2169 4565 2278 4628 decem
2299 4579 2374 4624 men·

406 4650 468 4728 ris,
491 4649 694 4730 intempore
717 4646 810 4713 nobis
839 4648 958 4726 aderit,
981 4658 1019 4713 ut
1039 4669 1076 4712 re
1096 4648 1170 4731 ipsa
1198 4648 1376 4714 sondemus
1427 4651 1511 4715 sium
1534 4649 1630 4714 ratio:
1659 4669 1775 4714 sensus
1797 4651 1885 4715 enim
1908 4651 1980 4734 erit,
2009 4662 2126 4716 octavo
2150 4663 2225 4732 post
2244 4657 2374 4729 coeptum

406 4733 499 4799 illum
531 4733 685 4800 habuisse
717 4754 830 4798 curam
860 4735 975 4799 nostri.
1030 4733 1099 4800 Nae
1131 4753 1245 4816 parum
1280 4734 1376 4800 habet
1426 4734 1587 4801 diluvium
1609 4755 1721 4800 mense
1748 4736 1913 4801 exstitisse
1937 4739 2096 4802 montium
2119 4737 2295 4801 cacumina.
2333 4729 2375 4792 Da

406 4819 559 4902 ponderis
594 4818 680 4902 quod
714 4818 846 4883 additur
878 4817 988 4884 Deum
1024 4819 1213 4884 animalium
1249 4840 1377 4902 quoque
1427 4821 1559 4887 nomine
1590 4821 1710 4886 Ararat
1742 4842 1859 4906 sequor
1893 4822 1977 4903 quod
2003 4823 2109 4907 magis
2135 4832 2299 4904 receptum
2326 4823 2373 4880 ast.

406 4904 737 4972 miserandorum:
755 4904 876 4970 namsi
895 4913 1026 4988 propter
1038 4905 1177 4971 salutem
1190 4904 1378 4972 hominibus
1427 4909 1496 4974 Nec
1517 4927 1595 4972 sane
1616 4906 1711 4972 video
1733 4928 1792 4972 cur
1813 4907 1942 4990 quidam
1960 4909 2152 4972 Armeniam
2170 4927 2240 4970 esse
2258 4911 2372 4988 nogent:

407 4992 609 5074 promissam,
638 4991 680 5055 ad
701 4991 814 5056 brutas
841 4989 981 5073 pecudes
1004 4991 1154 5073 serasque
1176 4990 1298 5057 bestias
1320 5013 1377 5057 ex·
1428 4993 1520 5059 cuius
1545 4992 1720 5057 altissimos
1743 5012 1813 5057 esse
1838 5003 2003 5058 moutesa
2025 4994 2163 5058 vetustis
2184 4987 2376 5075 scriptoribus

407 5075 553 5142 tenditur
581 5077 652 5142 eius
679 5077 799 5160 gratia:
827 5076 956 5158 qualem
985 5096 1065 5158 erga
1086 5077 1169 5142 filios
1192 5099 1268 5145 suos
1290 5077 1377 5142 iutu-
1428 5099 1493 5144 uno
1516 5079 1584 5143 iere
1610 5098 1769 5143 consensu
1796 5079 1960 5161 proditum
1987 5089 2045 5144 est.
2091 5077 2275 5144 Chaldaeus
2295 5077 2375 5140 etiam

407 5181 481 5226 rum
509 5171 682 5244 putamus,
723 5160 779 5226 ubi
817 5161 914 5227 fidem
954 5182 1047 5226 suam
1083 5173 1149 5228 tam
1190 5162 1378 5242 liberaliter,
1429 5163 1658 5247 paraphrastes
1679 5164 1819 5244 speeiem
1840 5163 1997 5249 designat,
2021 5164 2104 5246 quod
2126 5164 2252 5229 fuerint
2268 5167 2376 5226 monas

407 5255 579 5331 sancteque
601 5245 801 5313 obstrinxit?
1430 5250 1556 5328 Cardu,
1586 5269 1666 5330 quos
1693 5249 1751 5312 alii
1778 5248 1968 5316 Oarduenos
1997 5259 2122 5316 vocant.
2167 5249 2264 5327 Quod
2286 5257 2374 5312 auten

494 5333 538 5398 Et
565 5334 703 5398 transire
734 5333 806 5413 fecit
832 5332 923 5400 Deae
954 5338 1088 5398 ventam.
1140 5333 1229 5400 Hinc
1261 5335 1379 5400 clarius
1430 5335 1589 5418 Iosephus
1611 5354 1703 5400 arcae
1724 5336 1906 5419 fragmenta
1928 5358 1987 5402 suo
2011 5345 2156 5419 tempore
2177 5335 2245 5402 illio
2267 5335 2376 5414 reperta
