5000 6208
111 447 171 514 221
770 445 1143 516 COMMENTARIUS
1166 447 1218 514 IN
1243 447 1458 515 GENESIN.
2055 449 2118 516 222

201 636 252 701 17.
282 633 377 714 Erae,
402 634 520 717 famas
544 635 683 717 sameas.
733 634 855 701 Addita
883 636 945 701 tuit
973 655 1089 700 rursus
1139 633 1209 700 rire
1230 654 1287 700 ereo
1308 635 1344 700 ia
1363 653 1501 702 aetram.
1546 636 1577 700 4.
1600 634 1645 700 Et
1668 636 1828 720 inpressae
1854 640 1900 701 art
1927 637 1971 702 ad
1992 636 2117 722 Hapar,

111 743 195 789 nova
231 721 314 789 visio
343 718 385 784 ad
417 718 629 786 0000100100
665 720 789 787 0000011
821 719 931 787 fidem.
979 722 1088 798 Prius,
1139 725 1169 786 et
1184 720 1332 802 aoaeepr't:
1354 722 1505 788 01011000
1525 722 1608 804 qaod
1629 722 1820 804 concepisset,
1841 722 1996 804 deepedm
2011 723 2120 790 babuit

109 808 236 874 obieeta
264 807 402 891 ealigine
433 807 603 889 peruulsus
631 807 738 872 fuerat
759 805 900 872 Abram:
934 825 1025 872 nune
1053 807 1089 871 in
1140 805 1300 872 doariaam
1321 826 1415 873 meam
1436 809 1471 872 r'a
1500 806 1598 874 000110
1622 808 1701 874 aare.
1746 807 1776 873 5.
1802 807 1892 874 Tarra
1912 809 1995 874 dieat
2017 808 2120 876 Sorai

110 892 217 960 medio
245 891 366 959 olibani
393 893 551 958 fumantis
573 892 664 958 videt
692 893 879 977 lampadem
908 893 1088 958 ardentem.
1140 891 1184 957 ad
1204 891 1342 958 Abram:
1365 892 1497 959 Iaiaria
1518 913 1588 958 mm
1607 912 1705 974 saper
1724 897 1769 958 te:
1790 911 1844 976 epo
1864 893 1937 959 dedi
1964 895 2117 962 aaeillam

111 980 210 1046 Multi
243 979 437 1045 aseritieium
465 977 548 1063 igne
581 985 812 1061 eonsumptum
840 979 940 1044 tuisse
973 977 1088 1044 existi·
1139 997 1241 1044 aream
1260 979 1297 1043 ia
1317 979 1393 1044 siaa
1414 983 1482 1058 tae,
1504 984 1533 1044 et
1551 979 1606 1044 abi
1626 979 1707 1045 uidit
1733 981 1815 1060 qaod
1841 981 2118 1061 coaeparatur

110 1073 218 1130 mant:
248 1084 309 1149 ego
331 1073 440 1129 autem
462 1065 571 1147 potins
599 1063 784 1150 symbolum
811 1065 943 1130 futurae
971 1064 1088 1129 libera·
1139 1064 1257 1146 epeotm
1277 1083 1348 1129 eam
1369 1066 1403 1130 ia
1423 1065 1523 1132 oratis
1543 1066 1628 1130 etas:
1649 1065 1765 1131 iadieet
1785 1065 1903 1130 Iebooa
1923 1068 2006 1132 iater
2025 1072 2118 1133 meet

111 1151 209 1218 110010
231 1151 332 1216 fnisse
353 1151 566 1233 interpretor,
588 1148 674 1233 quod
697 1170 774 1218 eam
795 1169 833 1214 re
853 1151 926 1234 ipsa
946 1169 1088 1234 000000-
1137 1155 1175 1215 te.
1212 1150 1242 1215 6.
1265 1149 1309 1214 Et
1330 1151 1413 1216 diett
1433 1150 1558 1223 Abram
1578 1151 1622 1217 ad
1643 1149 1757 1216 Sorai:
1773 1151 1853 1216 Boea
1872 1151 1989 1220 atauo
2010 1157 2065 1218 trra
2081 1154 2118 1219 ia

111 1247 187 1303 eret.
233 1235 322 1302 Sunt
353 1235 443 1301 enim
476 1235 559 1302 duae
583 1257 637 1302 res
660 1237 696 1300 10
725 1237 869 1319 speeiem
897 1239 1087 1316 eontrariae,
1138 1255 1237 1300 marra
1258 1240 1328 1316 tao,
1355 1236 1460 1318 farei
1487 1237 1569 1319 qaod
1596 1237 1708 1302 boaam
1735 1241 1780 1302 eet
1800 1239 1835 1302 ia
1856 1237 1955 1303 000110
1980 1240 2061 1304 tais:
2089 1244 2119 1304 et

110 1323 189 1388 lumi
223 1320 402 1388 obseuritas
429 1328 462 1385 st
489 1320 649 1405 lampadis
675 1322 793 1406 fulgor.
844 1321 934 1388 Hine
963 1321 1087 1387 Abram
1139 1321 1259 1404 afflixit
1279 1341 1348 1388 eam
1370 1322 1478 1400 Sorai,
1501 1322 1633 1407 etfapr't
1652 1344 1674 1388 a
1693 1322 1777 1405 faeie
1797 1323 1876 1388 eires.
1921 1324 1951 1388 t.
1971 1322 2016 1389 Et
2035 1325 2118 1389 iave-

110 1409 177 1474 lore
201 1407 356 1492 eognovit
377 1416 415 1472 ut
434 1406 533 1473 laxe
561 1408 703 1475 tenebris
732 1408 866 1473 demum
895 1414 1087 1492 emergeret.
1138 1408 1187 1472 m't
1213 1427 1283 1472 eam
1305 1409 1447 1493 Aapetae
1468 1407 1601 1474 lebetae
1621 1409 1713 1473 taeta
1737 1408 1853 1490 foatem
1880 1428 1982 1491 aquae
2008 1410 2043 1474 ia
2063 1410 2117 1476 de·

111 1492 307 1574 Quaerenda
333 1513 463 1576 semper
490 1493 642 1578 analogia
664 1502 713 1560 est
741 1495 909 1578 signorum
939 1513 1013 1559 oum
1035 1513 1087 1558 re·
1138 1497 1236 1573 serto,
1263 1494 1357 1559 taeta
1375 1495 1490 1577 fortem
1510 1495 1547 1559 a'a
1567 1495 1620 1558 oia
1644 1493 1718 1559 Sar.
1762 1495 1792 1560 8.
1816 1494 1860 1558 Et
1880 1493 1980 1559 tait.-
2001 1495 2117 1580 Hapar

109 1581 179 1658 bns,
203 1591 242 1644 ut
262 1585 376 1644 mutue
397 1577 625 1662 respondeant.
660 1579 790 1645 Deinde
807 1581 883 1663 quia
901 1578 1086 1666 symbolum
1139 1578 1256 1644 areae
1279 1578 1389 1657 Sorai,
1411 1580 1494 1646 uada
1514 1581 1610 1655 reaia,
1634 1585 1663 1645 et
1683 1599 1743 1662 pao
1763 1579 1883 1646 audie?
1913 1579 1959 1644 Et
1979 1580 2073 1658 dixit
2095 1602 2117 1647 a

109 1687 166 1750 per
187 1687 224 1731 00
247 1667 396 1730 exanime
418 1672 470 1730 001
497 1665 653 1746 eadauer,
683 1665 724 1731 ad
753 1666 891 1733 verbnm
920 1665 1007 1749 qued
1027 1685 1086 1730 an·
1137 1664 1222 1747 faeie
1246 1663 1346 1731 Sorai
1366 1666 1513 1732 dominae
1533 1686 1620 1732 meae
1647 1685 1700 1749 epo
1723 1665 1820 1750 topia.
1865 1665 1895 1732 9.
1919 1665 1964 1731 at
1983 1666 2117 1732 areae

109 1773 232 1818 nexum
264 1760 313 1816 est
350 1771 480 1834 semper
520 1749 616 1818 debet
651 1751 776 1817 referri.
828 1752 932 1835 Atqui
964 1751 1019 1818 hie
1051 1752 1086 1815 in
1138 1749 1280 1834 Aapelas
1301 1751 1449 1817 lebooaa:
1466 1752 1629 1817 Reoertere
1649 1753 1692 1818 ad
1712 1752 1871 1818 dominam
1892 1751 2116 1832 1001001100-

110 1837 209 1904 00010
241 1837 375 1902 libertas
388 1835 532 1902 ‘semini
564 1835 675 1904 Abrae
706 1837 741 1905 10
782 1837 890 1904 media
928 1837 1087 1903 servitute
1138 1836 1231 1902 mitia
1261 1841 1290 1902 te
1320 1837 1377 1902 aab
1404 1837 1552 1904 maaibas
1583 1839 1661 1904 eias.
1708 1838 1757 1904 10.
1781 1837 1836 1903 Ad
1868 1837 1942 1903 baee
1974 1839 2058 1908 dieit
2086 1839 2117 1904 ei

109 1925 269 2007 promissa
285 1922 357 1988 fuit.
401 1922 477 1988 Non
504 1925 612 2005 potuit
640 1931 752 1990 autem
774 1924 881 2008 magis
904 1922 946 1988 ad
971 1923 1086 1989 vivam
1138 1921 1279 2006 Aapetaa
1312 1922 1456 1989 Iebeeae:
1496 1923 1738 2005 Mattipiimado
1775 1921 1975 2006 ampliato
2012 1943 2117 1989 semea

110 2009 243 2093 depingi
268 2007 422 2075 melesius
450 2009 593 2074 conditio
623 2029 719 2093 quam
742 2009 821 2075 dum
843 2012 948 2074 larem
969 2007 1087 2073 arden·
1137 2013 1236 2088 beam,
1252 2012 1281 2073 et
1297 2029 1360 2074 aoa
1376 2009 1593 2075 aamerabitar
1604 2030 1686 2092 prae
1703 2009 1909 2076 multitada'ae.
1948 2009 1998 2074 ll.
2019 2009 2116 2075 1100-

109 2104 176 2160 tem
206 2115 248 2160 ex
277 2093 369 2160 fumo
399 2094 532 2178 prodire
562 2094 639 2161 10011
659 2093 768 2173 Deus,
801 2116 842 2160 00
871 2094 1087 2161 afflietionnm
1139 2100 1223 2160 terea
1249 2095 1333 2160 eae
1356 2095 1386 2162 ei
1406 2095 1548 2179 Aapelas
1569 2094 1715 2161 Iebotae:
1743 2095 1838 2174 11000,
1867 2115 1900 2160 ea
1922 2114 2115 2179 praepaaaa,

110 2181 214 2266 saligo
235 2201 296 2246 nos
318 2177 451 2245 obruat:
481 2180 538 2245 sed
561 2181 678 2246 bonam
703 2181 790 2246 vitae
811 2201 904 2265 spem
925 2182 959 2246 in
982 2188 1088 2246 morte
1139 2186 1168 2246 et
1182 2179 1432 2262 perterritam,
1455 2187 1484 2247 et
1503 2180 1625 2246 vetabis
1644 2200 1755 2246 aomea
1782 2183 1851 2247 eires
1872 2179 2006 2246 Israel:
2036 2181 2116 2263 qaia

109 2268 293 2334 faveamus:
325 2267 401 2349 quia
428 2266 577 2332 futurum
610 2275 660 2332 est
693 2266 825 2333 tandem
855 2279 894 2333 ut
922 2266 1088 2332 Dbminns
1139 2267 1261 2333 aadioit
1289 2265 1405 2332 Iebora
1433 2267 1632 2350 afflictionem
1657 2272 1754 2333 taam.
1807 2267 1858 2333 12.
1889 2266 1934 2332 at
1963 2267 2031 2350 ipse
2057 2265 2116 2334 ert

110 2353 201 2418 nobis
223 2351 391 2436 effulgeat,
415 2352 444 2417 si
464 2351 561 2418 modo
583 2353 618 2418 in
639 2353 837 2419 saerifieium
857 2373 918 2420 noe
939 2351 989 2418 illi
1007 2352 1086 2417 offe·
1136 2354 1228 2435 seras
1245 2351 1349 2431 bomo,
1370 2373 1486 2418 marrae
1506 2353 1575 2418 aas
1595 2354 1631 2418 ia
1653 2373 1773 2432 amaea,
1796 2358 1824 2417 et
1844 2373 1959 2420 trames
1976 2352 2116 2417 orariam

107 2459 228 2506 mmm.
1138 2440 1175 2503 ia
1196 2457 1280 2503 eam:
1313 2441 1341 2502 et
1367 2458 1473 2505 earam
1499 2439 1641 2505 araaibae
1668 2439 1826 2523 fratrebus
1855 2440 1926 2505 eata
1955 2437 2115 2504 habitabit.

209 2525 260 2590 18.
278 2524 321 2588 Ia
337 2523 388 2589 die
409 2525 478 2605 ipeo
493 2524 625 2608 pepipit.
660 2523 820 2590 Libenter
841 2522 978 2589 admitte
1000 2522 1086 2607 qued
1139 2525 1190 2589 13.
1209 2523 1255 2588 Et
1272 2524 1391 2588 vaeavit
1410 2544 1520 2590 aomea
1542 2523 1673 2591 Iebaoae
1693 2525 1749 2608 qai
1769 2524 1949 2608 brpaebatar
1967 2523 2046 2590 sibi:
2065 2523 2116 2588 Ta

109 2610 260 2694 superius
281 2609 393 2694 attigi,
415 2610 544 2675 solenni
565 2611 630 2675 ritu
652 2611 817 2676 sancitum
838 2609 941 2677 tuisse
962 2609 1086 2690 100100,
1138 2609 1229 2677 Deae
1254 2609 1364 2675 videas
1386 2630 1452 2676 me:
1480 2612 1559 2693 qaia
1584 2611 1684 2677 dtar‘t:
1713 2610 1826 2676 Nonae
1849 2611 1942 2676 etiam
1969 2609 2021 2676 bio
2047 2609 2116 2675 aidi

109 2717 210 2779 quum
242 2705 333 2762 aeota
364 2696 498 2761 fuerunt
530 2695 685 2762 animalia
712 2697 748 2760 in
781 2704 900 2778 partes.
944 2693 1087 2762 Videtur
1132 2700 1207 2778 post
1227 2695 1377 2761 adeam
1398 2696 1472 2761 me?
1515 2697 1565 2762 14.
1590 2695 1712 2763 Idcirco
1740 2696 1860 2762 vaeavit
1874 2694 2115 2778 0010000Ρο-

109 2783 197 2848 enim
219 2801 291 2848 esse
312 2781 471 2864 repetitio,
493 2783 529 2847 10
547 2801 611 2865 qua
629 2781 722 2848 doeet
739 2800 897 2866 quorsum
918 2788 1086 2864 speetave·
1138 2785 1221 2847 team
1246 2781 1379 2847 eiomtt'e
1405 2783 1539 2848 metatis
1567 2802 1631 2847 me:
1663 2781 1759 2861 ane,
1786 2787 1832 2847 eet
1858 2783 1942 2846 trater
1964 2780 2116 2847 Oadeeet

108 2869 154 2934 rit
175 2867 369 2934 sauritieium
391 2865 473 2933 illud
494 2869 586 2934 euius
614 2867 774 2934 meminit.
817 2867 886 2934 Ubi
906 2869 1006 2933 etiam
1028 2866 1086 2933 eb·
1138 2867 1257 2933 Bared.
1304 2866 1355 2934 15.
1378 2867 1424 2934 Et
1438 2869 1562 2950 peperit
1584 2867 1699 2949 Hapor
1719 2868 1787 2948 ipsi
1807 2867 1930 2932 Abram
1948 2865 2116 2947 Atiam:et

109 2973 241 3020 servare
270 2952 347 3019 lieet
380 2952 465 3036 qued
492 2952 570 3032 dixi,
604 2974 734 3037 semper
765 2954 921 3038 eoniungi
948 2953 1085 3020 verbnm
1136 2954 1255 3019 ooeaer't
1281 2951 1538 3019 Abrammomea
1552 2953 1617 3036 ptri
1644 2955 1697 3020 seri
1723 2974 1814 3036 quem
1841 2953 1963 3035 peperit
1989 2951 2114 3036 Hapar,

109 3038 283 3124 symbolis,
307 3059 349 3104 00
368 3039 523 3105 inanibus
551 3040 765 3106 eaeremoniis
787 3042 859 3104 sine
879 3041 988 3106 fruetu
1009 3059 1084 3123 pas·
1139 3039 1264 3105 Iamaet.
1311 3039 1361 3104 16.
1384 3040 1507 3105 Abram
1530 3045 1631 3106 autem
1652 3045 1721 3106 erat
1741 3040 1892 3123 adoptata
1912 3041 2116 3104 amaramet

108 3135 226 3191 eantur
247 3123 343 3190 oeuli.
387 3124 489 3190 Iussit
505 3125 597 3192 Deus
618 3125 681 3192 sibi
703 3127 814 3192 offerri
834 3125 1004 3191 animalia:
1027 3121 1085 3190 001
1136 3145 1192 3190 aaa
1229 3145 1384 3191 neaeram
1421 3125 1547 3208 paaade
1579 3127 1704 3209 peperit
1742 3125 1857 3210 Hapar
1892 3123 2010 3189 Ismael
2048 3122 2115 3205 ipsi

108 3211 207 3276 finem
236 3220 269 3276 et
294 3231 391 3276 usum
424 3209 535 3276 addita
565 3212 716 3294 pastione
748 3210 846 3278 simul
878 3212 1084 3277 monstravit.
1136 3211 1268 3277 Abram.

109 3295 288 3372 Caeterum
320 3298 347 3362 01
380 3296 543 3362 Dominus
574 3318 634 3381 per
672 3305 877 3364 saeramenta
915 3295 1085 3364 nobiseum

108 3383 294 3464 paeiseitur,
311 3381 495 3467 eolligimus
509 3383 637 3468 gratiae
651 3383 721 3449 eius
739 3405 810 3449 esse
831 3382 1028 3460 testimonia,
1051 3391 1085 3448 et
1224 3383 1252 3447 1.
1277 3381 1378 3448 Porro
1401 3380 1501 3447 Sorai
1521 3402 1603 3448 anor
1624 3381 1756 3448 Abram.
1801 3381 1867 3448 Hie
1896 3403 2016 3449 novem
2046 3381 2114 3447 his·

108 3468 328 3550 spiritualium
357 3469 517 3534 bonorum
545 3489 630 3553 quae
651 3469 729 3534 inde
756 3476 909 3548 manant,
932 3477 1083 3535 tesseras.
1136 3469 1254 3534 teriam
1283 3467 1386 3533 refert
1414 3467 1542 3546 Moses,
1570 3465 1657 3550 quod
1687 3465 1783 3535 Sarni
1818 3467 1975 3554 longioris
2003 3487 2115 3533 meree

109 3552 253 3636 Populos
285 3574 424 3636 quornm
455 3561 580 3620 terram
611 3555 749 3621 daturne
782 3565 854 3622 erat
882 3554 975 3620 Deus
1007 3554 1085 3621 filiis
1136 3553 1254 3634 taedio,
1276 3554 1438 3619 rationem
1461 3553 1601 3618 alienam
1620 3575 1640 3620 a
1656 3553 1757 3619 verbo
1775 3554 1840 3619 Dei
1856 3554 1942 3638 apud
1960 3575 1996 3620 se
2017 3573 2115 3637 qaae

107 3639 235 3719 Abrae,
264 3638 338 3705 ideo
366 3647 513 3707 reeenset
541 3651 581 3707 ut
607 3643 779 3708 eonfirmet
806 3641 892 3725 quod
921 3640 1015 3726 prius
1044 3639 1085 3706 de
1136 3639 1238 3717 aierit,
1260 3658 1324 3722 qua
1341 3659 1454 3706 semen
1471 3659 1513 3704 ex
1535 3639 1653 3705 mauto
1670 3659 1729 3705 suo
1746 3639 1934 3722 suseiperet.
1969 3637 2114 3705 Videbat

108 3744 284 3792 numerosa
313 3724 420 3792 sobole
447 3725 540 3792 dixit.
584 3726 701 3810 Neque
722 3727 811 3792 enim
839 3728 958 3811 exigua
979 3725 1085 3792 hemi·
1137 3747 1174 3792 se
1206 3745 1278 3790 esse
1309 3723 1469 3803 sterilem,
1502 3733 1536 3789 et
1566 3724 1715 3809 pariendi
1745 3733 1886 3791 aetatem
1918 3733 2114 3792 excesserat.

107 3831 192 3875 unm
213 3832 332 3878 manus
353 3811 463 3877 lutura
483 3819 570 3878 erat:
595 3812 656 3879 sed
677 3813 795 3898 ingens
817 3811 1011 3891 multitudo,
1032 3813 1085 3878 eni
1136 3811 1231 3878 Novo
1249 3811 1350 3896 igitur
1366 3809 1510 3877 remedio
1528 3829 1612 3893 epus
1629 3829 1702 3876 esse
1719 3810 1853 3896 telligit,
1872 3820 1908 3876 ut
1943 3811 2114 3876 remissam

107 3895 273 3964 Dominus
292 3896 533 3964 habitationem
554 3906 620 3964 tam
643 3897 740 3983 longe
762 3899 891 3982 lateque
916 3906 1085 3983 patentem
1135 3896 1318 3963 benedictio
1342 3917 1395 3962 em
1433 3895 1580 3963 obtineat
1617 3895 1753 3962 Abram.
1815 3897 1886 3962 (100
1907 3898 1913 3911 “
1932 3898 1997 3961 'um
2035 3917 2114 3964 veru

108 3979 260 4049 destinat.
304 3983 404 4048 Prius
425 3984 580 4068 loquutus
608 3993 679 4050 erat
701 3984 741 4050 de
762 3985 840 4050 00110
861 3984 1084 4064 Amorrhaeis,
1137 3981 1304 4050 duoendae
1379 3981 1488 4048 undae
1508 3982 1621 4048 meris
1641 4002 1709 4046 non
1730 3982 1772 4048 ab
1793 3983 1864 4065 ipso
1886 3985 2027 4059 Abram,
2057 3981 2114 4048 sed
2210 4017 2212 4032 ν

108 4086 246 4149 quoram
275 4075 356 4134 1000
380 4068 466 4135 torte
494 4070 613 4152 hospes
642 4076 714 4136 erat
742 4072 882 4137 Abram:
910 4069 967 4137 001
995 4091 1085 4137 nuno
1136 4067 1276 4136 aSarai
1297 4069 1477 4152 proleotum
1504 4087 1590 4147 0000,
1620 4068 1814 4134 nominatim
1842 4069 1960 4134 reeitat
1987 4067 2112 4134 Moses:

108 4153 357 4236 amplifieandae
386 4155 512 4238 gratiae
538 4175 618 4222 suas
647 4175 745 4224 eausa
778 4157 972 4223 nominatim
1004 4156 1085 4223 alios
1135 4166 1174 4222 ut
1195 4155 1338 4222 seiamus
1370 4163 1521 4220 sanetum
1549 4155 1658 4219 virum
1679 4175 1745 4220 000
1772 4152 1909 4220 libidine
1935 4153 2111 4237 impulsum

107 4257 221 4306 omnes
239 4249 396 4307 reeenset.
1135 4243 1236 4308 fuisse
1254 4240 1296 4306 ad
1314 4241 1376 4305 hae
1397 4240 1539 4324 nuptiae,
1560 4239 1618 4307 001
1639 4261 1740 4324 quum
1758 4240 1841 4305 nihil
1859 4240 1925 4304 tale
1942 4239 2112 4323 eogitaret,

1137 4328 1271 4394 hortatu
1293 4326 1408 4391 uxoris
1436 4325 1537 4391 luisse
1565 4325 1746 4392 induatum.
1791 4324 1973 4405 Quaeritur
2000 4330 2111 4389 tamen

1136 4435 1178 4479 an
1196 4413 1316 4480 sobolis
1340 4421 1468 4478 tantum
1491 4410 1652 4477 desiderio
1669 4410 1767 4477 Sarai
1789 4411 1941 4477 aneillam
1964 4429 2057 4475 suem
2076 4408 2112 4471 in

1136 4500 1245 4566 lenum
1265 4519 1364 4565 saum
1386 4497 1602 4564 substituerit.
1646 4495 1686 4562 Id
1713 4496 1845 4578 quidem
1872 4493 2041 4562 nonnullis
2062 4493 2112 4558 vi·

459 4579 612 4650 OAPUe
632 4581 730 4651 XVI.
1137 4585 1249 4652 detur:
1269 4586 1362 4668 atqui
1379 4582 1460 4649 mihi
1478 4604 1546 4648 000
1563 4591 1614 4650 est
1631 4581 1794 4660 eredibile‚
1816 4582 1905 4665 piam
1927 4589 2112 4676 matrouam

1136 4691 1249 4736 earnm
1271 4671 1542 4753 promissionum,
1571 4687 1654 4753 qnae
1683 4668 1779 4734 teties
1808 4669 1926 4732 marito
1952 4670 2112 4747 repentae

197 4753 223 4816 1.
247 4751 351 4820 Perre
374 4753 473 4820 Sarar'
504 4775 586 4820 asor
606 4754 731 4822 Abram
757 4775 818 4820 aaa
847 4762 1016 4839 pepererat
1037 4757 1084 4826 ei:
1135 4756 1284 4835 fuerant,
1312 4776 1380 4821 non
1409 4755 1512 4822 fuisse
1538 4755 1712 4821 oonseiam.
1756 4751 1828 4818 Imo
1850 4751 1884 4818 id
1912 4751 2111 4838 plusquam

106 4841 181 4902 erat
197 4843 299 4906 00100
320 4841 350 4904 ei
370 4839 489 4906 arretio
505 4840 672 4924 Aeppptr'a
696 4845 853 4908 etaomea
873 4843 942 4908 aiae
959 4842 1083 4926 Hapar.
1136 4843 1320 4909 nenfessnm
1351 4860 1423 4908 0000
1455 4839 1552 4906 10101
1583 4841 1670 4906 inter
1701 4858 1815 4905 omnes
1845 4839 1930 4922 pies,
1970 4845 2110 4900 mamam

103 4922 137 4988 2.
160 4921 205 4986 a:
223 4925 306 4990 dieat
328 4923 429 4992 Sorai
444 4924 488 4991 ad
504 4925 645 4991 Abram:
661 4925 750 5008 Este,
771 4947 854 4994 auae
873 4927 1020 4994 ooaalreit
1035 4949 1085 4994 me
1134 4927 1247 5012 populi
1268 4927 1333 4992 Dei
1354 4926 1499 4993 eiusdem
1521 4946 1596 4994 eum
1618 4926 1736 4991 0100110
1764 4926 1890 5009 gratiae
1918 4919 2110 5006 participem

106 5007 225 5076 Iebera
240 5031 278 5076 ae
289 5031 456 5093 parerem:
473 5011 633 5096 tapredere
649 5032 732 5080 aare
747 5013 791 5079 ad
807 5011 956 5080 aaeitiom
971 5034 1082 5095 meam,
1133 5015 1234 5080 luisse
1267 5033 1305 5079 aa
1333 5013 1462 5082 sesiam
1512 5013 1588 5078 Non
1621 5012 1725 5096 igitur
1753 5008 1948 5075 naturaliter
1978 5014 2110 5100 tantam

103 5093 720 5250 fe...
1132 5091 2110 5272 (μ.

104 5265 257 5332 naeinam
276 5289 370 5334 saara
390 5233 507 5352 ia’fiae
526 5271 628 5336 detera
649 5207 938 5356 aaabramayqaibru
1027 5273 1033 5287 '
1134 5270 1196 5338 dae
1216 5279 1313 5349 voto,
1344 5271 1548 5356 toningelem
1578 5269 1711 5335 thorum
1741 5275 1858 5352 sponte
1882 5264 1977 5330 alteri
2004 5258 2106 5360 oedit:

104 5353 155 5416 m't
179 5351 297 5420 Abram
326 5356 361 5421 r'a
388 5361 473 5421 terra
503 5354 666 5438 Uteeaaaa,
695 5361 724 5422 et
751 5357 838 5425 dedit
863 5379 933 5424 eam
959 5359 1083 5424 Abram
1134 5379 1202 5424 non
1230 5356 1317 5441 quod
1345 5356 1522 5423 1100011010
1552 5356 1751 5421 1001010001
1780 5352 1912 5430 marito,
1945 5347 2001 5416 sed
2031 5366 2110 5430 qma
