5022 6192
417 428 481 502 tte
1070 425 1441 499 COMMENTARIUS
1464 426 1513 492 IN
1536 424 1749 494 GENESIN.
2334 427 2387 493 120

418 615 505 681 enim
523 615 571 681 illi
588 613 700 681 odiosa
712 615 757 682 sit
772 616 944 682 hominum
960 615 1122 715 impietas,
1134 636 1293 768 grumum
1311 615 1384 680 otti-
1436 614 1589 682 Soianrus
1615 621 1725 681 tamen
1747 615 1851 682 iustos
1873 615 1998 694 voeari,
2016 622 2049 679 et
2069 615 2234 698 integros,
2258 635 2322 679 non
2340 617 2387 699 qui

420 710 476 766 net
507 701 541 766 in
573 700 727 767 animalia
757 701 893 768 innoxia
923 699 1074 768 saevrre?
1160 701 1200 768 ed
1233 721 1316 784 quae
1348 701 1384 766 in
1436 699 1576 768 absoluti
1600 701 1666 766 sint
1689 702 1778 766 omni
1807 721 1849 765 ex
1871 709 1978 784 parte,
2007 709 2039 764 et
2060 698 2178 784 quibus
2199 700 2285 766 nihil
2307 700 2387 780 desit

420 787 560 852 hominis
589 787 729 871 gratiam
757 797 866 854 ereata
887 795 996 866 erent,
1026 795 1059 853 et
1079 786 1236 853 vivebant
1256 787 1292 852 in
1314 786 1384 852 eius
1436 785 1494 852 sed
1533 785 1589 868 qui
1628 785 1856 853 rectitudinem
1894 805 1976 868 pure
2008 795 2041 852 et
2071 805 2113 850 ex
2144 787 2255 851 animo
2282 785 2387 852 eolunt

420 893 533 948 usum,
564 892 627 936 non
656 873 776 938 mirum
805 881 854 939 est
879 894 954 939 eum
981 873 1053 939 eius
1080 873 1216 938 interitu
1245 872 1382 938 miseeri.
1435 870 1566 938 Soirnus
1597 872 1686 936 enim
1713 871 1822 936 Deum
1846 891 1913 936 nou
1942 891 2040 956 agere
2066 891 2193 938 summo
2220 873 2294 937 inre
2327 892 2389 938 euru

420 956 511 1022 Nihil
541 959 708 1041 promeriti
728 968 822 1024 erent
848 957 933 1024 asini
955 967 987 1022 et
1008 959 1125 1036 boves,
1154 957 1238 1023 nihil
1260 957 1386 1040 reliqua
1436 957 1520 1036 suis,
1546 964 1584 1022 ιιι
1605 957 1646 1022 ed
1666 955 1846 1040 perfeetum
1875 956 1958 1044 legis
1988 977 2136 1022 normam
2165 977 2280 1023 eorum
2301 957 2389 1022 vitam

420 1043 591 1108 animalia:
614 1043 671 1110 sed
693 1045 769 1126 quia
790 1044 917 1109 homini
939 1042 1085 1109 subieeta
1106 1052 1216 1121 erant,
1239 1044 1310 1127 ipso
1332 1062 1385 1108 oa·
1436 1043 1565 1127 exigat:
1582 1063 1659 1108 nam
1675 1043 1773 1108 modo
1790 1062 1834 1108 ne
1853 1039 1889 1107 in
1911 1041 1977 1108 illis
1998 1051 2114 1127 regnet
2132 1042 2324 1127 hypocrisis,
2342 1041 2390 1108 sed

421 1129 526 1205 dente,
539 1129 574 1192 in
586 1127 721 1195 eandem
738 1130 836 1194 simul
847 1129 977 1194 ruinam
989 1129 1174 1194 trahuntur.
1205 1129 1287 1194 Erat
1298 1138 1387 1194 terra
1436 1130 1547 1213 vigeat
1557 1148 1677 1212 purum
1694 1128 1775 1194 reoti
1793 1126 1946 1207 studium,
1965 1135 2126 1194 eteorum
2143 1127 2243 1195 eorda
2259 1137 2390 1210 oeonpet,

420 1212 668 1297 quasiloeuples
686 1214 809 1294 domus,
827 1215 1002 1298 omnigena
1018 1213 1227 1298 supelleetilis
1244 1215 1337 1297 eopia
1353 1223 1387 1277 et
1437 1216 1539 1280 iustos
1567 1235 1627 1298 pro
1655 1234 1715 1280 sua
1741 1212 1948 1298 indulgentia
1992 1214 2175 1280 ronnneiat
2219 1213 2390 1279 Partieule:

421 1301 580 1366 varietate
610 1301 690 1366 bene
717 1301 885 1367 instruatu.
930 1299 1027 1366 Nune
1048 1301 1124 1384 quia
1145 1300 1243 1366 homo
1264 1308 1298 1364 et
1320 1307 1386 1365 ter-
1438 1298 1482 1365 Ιιι
1508 1299 1579 1365 suis
1624 1298 1866 1381 ιιιιιιιιιιιῶιιι,
1894 1320 1968 1383 emp
2013 1300 2078 1364 tiea
2106 1307 2165 1364 est.
2214 1299 2288 1364 iam
2315 1300 2391 1364 enim

420 1406 492 1452 ram
509 1387 613 1467 ipsam
631 1385 816 1468 inquinavit
832 1386 901 1452 suis
918 1385 1104 1465 sceleribus,
1126 1394 1160 1451 et
1179 1405 1294 1451 omnes
1315 1385 1386 1468 qui·
1438 1384 1568 1468 saepius
1596 1321 1696 1464 dixit,
1724 1393 1758 1450 et
1784 1405 1861 1451 mox
1888 1386 2008 1450 iterum
2036 1393 2174 1468 repetet,
2198 1385 2283 1448 nihil
2304 1384 2392 1448 trisse

420 1471 482 1536 hus
500 1471 619 1536 referta
637 1481 707 1538 eret
729 1471 859 1537 divitias
879 1470 973 1536 foede
994 1471 1147 1554 eorrupit,
1169 1470 1237 1536 illio
1258 1490 1387 1554 quoque
1439 1470 1625 1552 eorruptius
1651 1469 1708 1535 illo
1735 1470 1873 1537 saeeulo.
1923 1469 2039 1554 Itaque
2066 1469 2216 1536 mirabile
2244 1469 2308 1535 init
2327 1489 2392 1533 oon·

420 1577 542 1640 poenae
560 1568 807 1622 monumentum
826 1563 956 1622 exstare
971 1557 1075 1623 voluit
1085 1557 1263 1622 Dominus:
1281 1575 1389 1639 quem·
1439 1555 1578 1622 stantiae
1600 1554 1803 1638 exemplum,
1832 1555 1916 1639 quod
1940 1555 2083 1639 undique
2105 1555 2266 1622 seelerum
2283 1555 2392 1620 ioetore

421 1641 596 1708 admodum
624 1643 653 1707 si
680 1643 778 1708 iudex
800 1641 840 1708 de
861 1642 992 1707 homine
1012 1642 1155 1708 maxime
1177 1643 1333 1709 seelerato
1355 1649 1389 1706 et
1439 1639 1674 1720 oiroumdatus,
1707 1642 1933 1725 eontagionem
1966 1641 2043 1706 inde
2070 1641 2196 1706 nullam
2229 1640 2392 1706 eontraxit

421 1727 545 1794 nefario
563 1748 699 1810 poenam
716 1738 916 1812 sumpturus,
939 1728 1070 1794 maioris
1091 1728 1290 1813 ignominiae
1312 1747 1388 1792 eau-
1442 1723 1570 1793 Soimus
1597 1733 1719 1809 quanta
1740 1727 1784 1792 sit
1804 1727 1855 1792 vis
1883 1725 2138 1805 eonsuetudinis,
2166 1737 2205 1792 ιιι
2238 1727 2322 1791 nihil
2342 1726 2393 1790 dii·

421 1835 468 1896 sa,
494 1813 626 1879 domum
657 1815 725 1880 eius
753 1813 900 1879 funditus
922 1812 1007 1879 dirui
1030 1814 1150 1880 iubeat.
1195 1817 1304 1896 Atque
1325 1812 1388 1877 hoe
1440 1811 1557 1878 fieilius
1585 1813 1629 1877 sit
1657 1832 1756 1895 quam
1784 1822 1896 1878 saneto
1923 1813 2050 1880 versari
2077 1813 2166 1877 inter
2185 1811 2318 1895 impios,
2343 1831 2394 1876 nee

423 1909 526 1964 totum
546 1897 586 1963 ad
603 1900 828 1966 incutiendum
846 1898 941 1964 nobis
962 1900 1086 1984 peeoati
1107 1899 1275 1965 horrorem
1298 1919 1388 1982 speo-
1441 1898 1536 1962 malis
1573 1919 1687 1964 eorum
1725 1896 1885 1981 exemplis
1922 1897 2045 1964 abduei.
2100 1896 2170 1962 Vix
2208 1897 2394 1963 eeutesimus

423 1995 485 2051 tat:
510 1993 632 2067 quanta
649 1986 736 2051 enim
756 1986 800 2050 sit
822 1985 893 2050 eius
915 1985 1068 2051 atrooitas
1091 1984 1242 2069 oolligere
1260 2003 1387 2068 promp
1441 1983 1577 2067 quisque
1597 1996 1647 2048 est
1668 1984 1723 2066 qni
1745 2003 1812 2048 non
1834 1983 1870 2048 iu
1891 2004 1946 2050 ore
1967 1983 2087 2048 habeat
2107 1981 2304 2049 diabolioum
2323 1981 2395 2048 illud

423 2081 493 2136 tum
523 2079 586 2144 eet,
622 2071 714 2137 euius
742 2071 784 2135 ad
814 2070 927 2136 brutas
956 2090 1059 2153 usque
1090 2081 1256 2138 creaturae
1285 2070 1389 2134 effun·
1442 2067 1665 2152 proverbium,
1693 2064 1896 2135 Ululandum
1918 2089 1989 2134 esse
2010 2069 2096 2135 inter
2115 2071 2227 2152 lupos:
2249 2077 2284 2134 et
2304 2067 2396 2134 maior

423 2156 527 2224 ditur.
1441 2174 1517 2237 pars
1539 2153 1569 2219 le
1592 2175 1644 2219 em
1669 2154 1731 2221 sibi
1757 2176 1799 2220 ex
1824 2155 1988 2220 eommuni
2015 2175 2078 2221 usu
2106 2164 2254 2220 statuens
2281 2153 2395 2220 lieitum

508 2242 538 2307 8.
569 2241 662 2306 Noad
683 2240 800 2308 ιἰιιιιιιι
817 2241 955 2324 patrm
976 2241 1012 2306 in
1032 2241 1130 2308 ondit
1146 2240 1286 2307 Domini.
1320 2238 1389 2306 He·
1441 2261 1512 2306 esse
1528 2175 1649 2305 iurlieat
1664 2239 1819 2323 quidquid
1841 2241 1940 2325 vulgo
1961 2250 2127 2323 reoeptum
2148 2247 2208 2305 est
2231 2241 2396 2305 (laetemur

423 2327 534 2392 braiea
562 2335 612 2392 est
641 2326 788 2409 phrasis,
817 2346 901 2409 quae
929 2326 1094 2411 signifieat
1114 2324 1222 2392 Deum
1244 2324 1293 2391 illi
1314 2347 1389 2476 pro·
1441 2335 1481 2391 ut
1497 2325 1551 2392 hie
1567 2325 1719 2392 laudatur
1735 2325 1910 2410 singularis
1930 2325 2037 2392 virtus
2055 2326 2159 2406 Noab,
2180 2325 2230 2390 ita
2251 2326 2396 2391 memine-

446 2413 541 2478 itium
571 2412 687 2492 fuisse,
710 2420 744 2477 et
764 2411 939 2477 faventem.
984 2409 1041 2478 sie
1063 2413 1151 2478 enim
1173 2412 1263 2495 loqui
1285 2433 1320 2478 so
1334 2419 1392 2476 ent
1441 2411 1546 2477 rimus
1563 2408 1656 2477 nobis
1673 2411 1850 2495 praeteribi
1866 2410 1943 2495 quid
1961 2409 2123 2496 agendum
2145 2410 2198 2488 eit,
2221 2417 2292 2476 toto
2312 2431 2397 2475 mun·

423 2434 583 2564 ldebreei:
618 2495 655 2563 Si
681 2496 795 2563 inveni
824 2498 963 2579 gratiam
989 2498 1025 2562 in
1046 2498 1148 2563 oeulis
1169 2498 1248 2562 tuis:
1270 2517 1331 2580 pro
1352 2517 1391 2562 eo
1443 2496 1485 2563 do
1513 2497 1549 2560 in
1574 2497 1749 2580 pernioiem
1772 2517 1864 2563 suam
1886 2509 2011 2562 ruente.
2053 2495 2089 2562 Si
2111 2496 2209 2561 hodie
2231 2496 2314 2561 adeo
2335 2496 2399 2560 viti·

425 2582 512 2666 quod
529 2594 587 2648 eat.
620 2581 658 2650 Si
675 2583 733 2648 tibi
754 2590 869 2666 gratus
885 2603 968 2662 sum,
988 2581 1044 2650 vel
1060 2604 1113 2648 me
1131 2583 1277 2666 dignaris
1295 2583 1392 2650 bene-
1443 2583 1488 2647 ati
1514 2591 1593 2647 sunt
1617 2582 1788 2649 homiuum
1814 2603 1939 2663 mores,
1965 2591 1998 2647 et
2029 2590 2098 2648 tota
2126 2583 2213 2648 vitae
2236 2583 2320 2646 ratio
2341 2591 2399 2646 taur

425 2668 569 2735 volentia
592 2678 625 2734 et
644 2669 765 2734 favore.
810 2666 906 2748 Quod
928 2667 1001 2734 ideo
1023 2668 1203 2734 notandum
1225 2679 1285 2747 est,
1316 2669 1393 2750 quia
1444 2667 1594 2748 eonium,
1623 2675 1661 2732 ut
1687 2668 1854 2734 rarissima
1881 2668 1926 2734 sit
1946 2666 2107 2752 probitas:
2136 2669 2242 2752 magis
2261 2666 2355 2733 foede
2373 2675 2401 2728 et

424 2753 510 2820 iutili
529 2757 657 2838 argutia
673 2753 833 2837 eolligunt
850 2752 971 2820 indooti
988 2754 1128 2837 quidam,
1151 2756 1178 2820 si
1200 2775 1308 2820 eoram
1320 2754 1392 2820 Deo
1445 2753 1610 2819 horribilis
1627 2753 1690 2818 fuit
1713 2753 1859 2820 oonfusio
1884 2763 2029 2838 tempore
2047 2752 2151 2833 Noab,
2180 2763 2219 2818 ιιι
2242 2773 2286 2818 ne
2309 2770 2400 2817 unam

425 2839 564 2924 gratiam
587 2840 762 2908 inveniunt
781 2840 951 2918 homines,
975 2861 1036 2905 sua
1054 2840 1157 2924 igitur
1177 2839 1339 2906 industria
1362 2847 1394 2903 et
1444 2837 1575 2922 quidem
1594 2838 1729 2904 haberet
1744 2839 1780 2904 in
1793 2838 1857 2905 Dei
1878 2839 1969 2906 uultu
1991 2849 2024 2905 et
2044 2840 2126 2904 renti
2145 2837 2254 2904 studio
2277 2839 2399 2904 soeium.

424 2925 551 2992 meritis
581 2945 653 2992 earn
682 2944 851 3009 quaerere.
893 2925 1014 2990 Fateor
1034 2923 1163 3008 quidem
1190 2925 1244 2992 hie
1265 2925 1394 2990 narrari
1446 2923 1484 2991 Si
1518 2923 1624 3008 potuit
1658 2924 1715 2991 ille
1742 2933 1857 2991 eontra
1882 2926 1982 2991 totius
2008 2923 2122 2990 mundi
2150 2924 2350 3007 eorruptelas
2373 2931 2400 2986 et

426 3019 557 3095 gratum
580 3011 679 3080 tasse
700 3009 796 3077 Noah
821 3011 908 3077 Deo:
936 3011 1014 3092 quia
1034 3011 1135 3094 probe
1156 3017 1190 3075 et
1211 3021 1322 3077 sanate
1344 3011 1392 3075 vi·
1444 3021 1511 3076 tam
1535 3009 1653 3077 densos
1680 3031 1718 3076 ao
1747 3011 1908 3077 violentos
1935 3010 2116 3093 iniquitatis
2144 3009 2290 3094 impetus
2317 3007 2399 3074 eniti:

425 3117 516 3174 vens,
542 3117 663 3180 purum
684 3117 719 3163 se
742 3117 763 3162 a
785 3096 1010 3165 eommunibus
1031 3096 1145 3161 mundi
1165 3096 1392 3179 inquinamen-
1445 3096 1536 3161 nulla
1557 3116 1616 3162 nos
1637 3104 1748 3161 manet
1769 3098 1953 3174 exeusatio,
1975 3098 2038 3162 nisi
2060 3095 2173 3161 eadem
2196 3095 2300 3160 animi
2320 3094 2401 3158 forti·

425 3182 470 3248 tis
497 3185 665 3250 servabat:
688 3181 745 3249 aed
764 3180 852 3247 unde
873 3181 949 3248 talis
965 3181 1015 3246 illi
1035 3182 1216 3263 integritas,
1232 3182 1297 3248 nisi
1318 3181 1395 3265 quin
1443 3180 1558 3248 tudine
1575 3201 1634 3264 per
1649 3180 1821 3247 innumera
1836 3182 1991 3247 vitiorum
2008 3179 2173 3248 obstaeula
2192 3189 2320 3247 reotnm
2338 3200 2402 3246 eur·

426 3267 493 3332 iam
516 3278 716 3350 praeventus
741 3276 814 3333 oret
835 3268 898 3333 Dei
919 3265 1049 3350 gratia?
1093 3267 1229 3334 Initium
1250 3287 1327 3352 ergo
1350 3268 1395 3333 ia·
1444 3289 1517 3334 snm
1538 3267 1771 3350 prosequimur.
1813 3266 1880 3334 Neo
1901 3286 1922 3331 a
1942 3265 2228 3333 verisimilitudine
2248 3266 2401 3341 abhorret

426 3352 532 3434 voris,
562 3356 707 3438 gratuita
733 3351 956 3422 miseridordia
977 3353 1048 3419 init.
1092 3353 1212 3419 Postea
1233 3352 1394 3419 Dominus
1444 3359 1567 3418 aetates
1596 3352 1717 3419 dixisse
1738 3354 1854 3418 Mosen
1882 3351 2000 3436 plurali
2031 3373 2182 3431 numero,
2209 3372 2275 3435 quo
2294 3350 2402 3416 melias

426 3437 521 3505 illum
535 3441 636 3506 semel
658 3440 859 3524 complexus,
878 3440 940 3505 sub
961 3459 1061 3505 manu
1082 3459 1142 3504 sua
1162 3438 1330 3516 oondnuit,
1352 3459 1394 3504 ne
1444 3438 1643 3522 exprimeret
1659 3458 1757 3522 quam
1774 3451 1930 3504 strenuus
1950 3448 1984 3503 et
2004 3437 2147 3505 inviotus
2169 3436 2297 3503 athleta
2315 3435 2405 3501 luent

424 3545 499 3592 eum
522 3525 648 3609 reliquo
667 3524 793 3593 mundo
813 3545 944 3608 pessum
965 3525 1037 3590 iret.
1444 3523 1555 3602 Noah,
1582 3543 1677 3606 quem
1707 3531 1756 3589 tot
1779 3523 1908 3590 saeeula
1937 3544 2002 3589 non
2029 3531 2212 3589 mutarunt.
2257 3523 2311 3589 Ad
2332 3522 2403 3586 haee

511 3611 540 3678 9.
564 3610 652 3678 Ietae
672 3615 748 3679 auat
766 3611 976 3696 emoriente
998 3609 1101 3676 Noob.
1144 3609 1221 3676 Vox
1243 3607 1395 3676 hebraiea
1445 3629 1542 3693 quem
1569 3610 1713 3675 tenuerit
1741 3609 1895 3676 dolendae
1915 3609 2059 3674 iustitiae
2080 3608 2216 3674 modum
2238 3609 2404 3692 exponitur

425 3680 539 3764 nttbtn
561 3697 622 3763 hoe
644 3697 778 3783 proprie
796 3697 966 3780 signifieat.
1007 3695 1204 3778 Quanquam
1222 3694 1394 3779 aliqnando
1444 3695 1480 3760 in
1508 3703 1679 3775 contextu,
1712 3714 1829 3778 nempe
1859 3693 1946 3778 quod
1974 3695 2193 3761 ambulaverit
2221 3714 2296 3760 eum
2321 3694 2402 3758 Deo:

427 3780 525 3846 latius
547 3782 752 3862 extenditur,
774 3801 891 3865 nempe
913 3780 955 3847 ad
976 3789 1076 3847 totam
1098 3781 1187 3846 vitae
1207 3780 1392 3848 historiam:
1446 3799 1542 3864 quam
1561 3781 1716 3845 virtutem
1733 3781 1833 3846 etiem
1848 3780 1885 3845 in
1902 3790 2012 3848 saneto
2052 3787 2122 3846 atre
2133 3779 2252 3847 Enooh
2268 3777 2404 3845 laudavit

427 3874 523 3950 atque
542 3865 594 3933 hio
617 3866 750 3935 videtur
771 3887 842 3932 esse
863 3864 1044 3950 praesentis
1065 3865 1127 3932 looi
1149 3887 1273 3933 senens.
1306 3865 1393 3932 Nam
1445 3866 1593 3950 proximo
1609 3873 1722 3950 eapite,
1740 3865 1796 3932 ubi
1813 3865 1957 3932 diximus
1970 3801 2051 3950 quid
2066 3867 2127 3932 hoe
2143 3866 2276 3933 valeret
2297 3864 2402 3946 Quum

428 3971 530 4033 quum
551 3955 718 4035 praefatus
744 3961 830 4018 esset
840 3951 946 4018 Moses
970 3973 1075 4018 unum
1097 3952 1262 4018 hominem
1283 3972 1392 4037 reper-
1445 3958 1538 4017 tauta
1563 3960 1650 4018 esset
1669 3971 1798 4018 morum
1819 3953 1984 4036 eorruptio
2000 3953 2036 4016 in
2057 3961 2162 4030 terra,
2190 3952 2221 4018 si
2242 3951 2403 4017 hominnm

427 4045 500 4102 tum
523 4057 610 4118 esse,
631 4060 729 4122 quern
751 4039 858 4114 Deus,
880 4036 1016 4122 perdere
1036 4045 1142 4103 totum
1162 4036 1322 4105 mundum
1343 4039 1393 4104 in·
1445 4046 1627 4121 respuetum
1646 4036 1814 4104 habuisset
1823 4036 1927 4115 Noah,
1945 4037 2099 4121 abreptus
2116 4045 2204 4103 esset
2223 4037 2258 4103 in
2280 4035 2403 4121 profun-

428 4123 585 4198 stitueus‚
628 4144 760 4192 servare
796 4124 911 4202 vellet,
945 4123 1090 4190 breviter
1123 4125 1258 4207 exponit
1289 4123 1394 4207 qualis
1446 4121 1523 4189 dnm
1552 4120 1785 4206 labyrinthum.
1828 4122 1973 4189 Uniuum
2002 4143 2080 4210 ergo
2108 4123 2291 4188 remedium
2311 4120 2403 4196 videt,

429 4209 528 4273 iuerit
554 4208 618 4275 ille.
664 4213 714 4277 Ae
742 4209 848 4293 primo
876 4209 954 4275 dieit
980 4209 1080 4275 luisse
1105 4209 1228 4274 iustum
1257 4218 1291 4274 et
1310 4210 1394 4275 inte·
1446 4209 1475 4275 si
1514 4206 1706 4292 posthabitis
1738 4208 1940 4286 hominibus,
1968 4231 2085 4275 sensus
2116 4229 2231 4275 omnes
2262 4228 2339 4274 suos
2367 4201 2403 4268 ad

429 4315 525 4378 grum
561 4295 649 4361 iuter
680 4295 797 4360 aetatis
822 4315 900 4360 suae
927 4294 1091 4361 homines:
1124 4314 1201 4360 nam
1228 4294 1316 4360 eliud
1344 4303 1395 4361 est
1445 4295 1555 4361 Deum
1565 4293 1706 4378 colliget,
1717 4300 1750 4359 et
1767 4315 1842 4359 eum
1860 4293 1922 4358 sibi
1940 4295 2117 4360 eonstitnat
2135 4295 2224 4360 vitae
2241 4293 2401 4360 arbitrum.

428 4380 616 4447 bebraieum
638 4402 760 4448 nomen
777 4393 847 4460 ut,
870 4379 956 4464 quod
978 4380 1161 4458 saeeulum,
1179 4379 1233 4445 vel
1255 4387 1395 4445 aetamm
1445 4379 1542 4448 Unde
1570 4390 1705 4464 apparet
1733 4399 1829 4462 quam
1860 4380 1959 4445 stulte
1981 4381 2149 4446 clamitent
2169 4381 2331 4463 papistae,
2358 4397 2403 4441 se·

428 4474 532 4533 sonat.
563 4479 657 4549 otuu,
679 4488 738 4553 pro
759 4487 823 4550 quo
845 4474 940 4532 vetus
959 4467 1122 4549 interpres
1142 4465 1321 4548 perfeetum
1343 4484 1394 4531 so·
1445 4463 1591 4550 queudos
1617 4484 1689 4531 esse
1706 4476 1829 4549 patres:
1859 4485 1958 4548 quum
1986 4466 2107 4533 diserte
2133 4465 2270 4548 spiritus
2290 4461 2330 4528 ab
2351 4461 2403 4525 ho·

428 4554 474 4619 let
505 4551 657 4633 reddere,
698 4553 892 4618 tantundem
925 4551 1013 4617 valet
1041 4559 1138 4634 atque
1166 4551 1310 4636 integer,
1341 4551 1394 4618 vel
1445 4551 1571 4616 minum
1600 4549 1781 4616 imitatione
1802 4559 1947 4631 revooet,
1969 4552 2034 4617 nisi
2056 4560 2219 4634 quatenus
2239 4547 2280 4616 ad
2299 4549 2404 4614 Deum

429 4641 585 4706 sineerus:
617 4647 650 4707 et
672 4637 808 4723 dupliei,
825 4639 880 4706 vel
900 4637 1017 4714 furato,
1046 4657 1084 4703 ae
1103 4655 1190 4703 vano
1212 4634 1395 4721 opponitur.
1445 4657 1506 4703 nos
1532 4635 1665 4702 duonnt.
1708 4635 1804 4717 Quod
1831 4637 1951 4702 iterum
1980 4651 2047 4703 tres
2068 4637 2138 4702 eius
2158 4635 2245 4702 filios
2265 4635 2405 4699 nominet

429 4725 499 4790 Neo
515 4735 637 4791 temere
658 4725 755 4791 simul
779 4726 858 4791 haee
880 4722 945 4788 duo
966 4724 1126 4790 eonnectit
1144 4722 1262 4788 Moses.
1291 4722 1391 4788 Mun·
1445 4723 1564 4800 Moses,
1587 4721 1651 4788 hue
1667 4722 1799 4806 respieit
1814 4728 1853 4787 ut
1874 4722 2023 4800 seiamus,
2046 4732 2083 4788 ut
2103 4721 2249 4787 maxima
2268 4718 2404 4794 tristitie,

430 4811 492 4876 dus
520 4812 624 4890 enim,
656 4819 695 4877 ut
729 4830 857 4892 semper
894 4808 1024 4875 duoitur
1050 4817 1187 4874 externo
1212 4807 1394 4891 splendore,
1445 4829 1511 4894 qna
1535 4807 1604 4872 iere
1631 4808 1780 4874 eonsumi
1807 4809 1931 4890 potuit,
1961 4807 2073 4874 datum
2102 4819 2214 4873 tamen
2235 4807 2284 4872 illi
2311 4805 2404 4870 inisse

430 4895 591 4963 iustitiam
609 4898 762 4962 aestimat
778 4917 843 4961 nou
867 4893 907 4958 ab
929 4894 1048 4960 affeetu
1069 4892 1192 4971 eordis,
1214 4892 1273 4959 sed
1294 4913 1314 4958 a
1334 4913 1394 4960 nu·
1445 4894 1592 4960 animum
1613 4891 1796 4978 gignendae
1818 4893 1953 4974 sobolis,
1982 4904 2019 4960 ut
2039 4895 2132 4960 Deus
2153 4895 2329 4976 sepositum
2351 4889 2404 4956 ali·

430 4980 481 5046 dis
502 4980 663 5063 operibus.
708 4982 809 5063 Atqui
837 4981 864 5045 si
897 4981 1047 5063 eupimus
1076 5000 1137 5046 nos
1165 4979 1238 5045 Deo
1264 4980 1394 5063 probari
1445 4979 1529 5064 quod
1552 4978 1689 5045 baberet
1710 4979 1865 5064 exiguum
1888 4999 2010 5046 semen.

430 5077 462 5132 et
482 5067 561 5132 iusti
582 5087 690 5133 eoram
712 5067 782 5149 ipso
804 5065 944 5144 eenreri,
967 5086 1033 5130 non
1056 5085 1173 5132 manus
1194 5073 1342 5143 tanturn,
1362 5073 1394 5130 et
1531 5066 1581 5130 11.
1604 5063 1650 5129 Ει
1676 5069 1822 5147 tempta
1850 5069 1916 5130 erat
1944 5069 2028 5131 terro
2048 5085 2154 5132 eoram
2175 5063 2253 5132 Deo.
2295 5063 2405 5128 Priore

429 5151 554 5230 oeulos,
587 5163 620 5216 et
647 5151 745 5235 pedes
774 5171 966 5235 componere
995 5159 1121 5235 oportet
1143 5152 1177 5215 in
1200 5149 1282 5236 legis
1302 5150 1394 5217 obse·
1444 5151 1592 5217 membro
1617 5146 1768 5235 designat
1794 5149 1904 5217 Moses
1931 5150 2069 5235 impium
2087 5148 2151 5216 Dei
2177 5159 2406 5231 eanumptnm

430 5238 551 5320 quium.
586 5236 652 5303 Sed
663 5237 769 5303 eordis
781 5237 955 5321 integritas
971 5236 1007 5301 iu
1025 5235 1139 5320 primis
1156 5235 1343 5319 requiritur,
1361 5245 1395 5302 et
1445 5234 1531 5321 quod
1564 5235 1658 5302 nulla
1685 5235 1824 5319 amplius
1851 5236 1966 5322 religio
1994 5236 2097 5303 irretit
2123 5237 2158 5302 in
2185 5235 2326 5302 mundo:
2353 5229 2406 5298 sed

429 5323 464 5387 in
499 5343 577 5389 vera
606 5323 795 5390 definitione
822 5323 965 5388 iustitiae
993 5323 1133 5406 priorem
1163 5322 1268 5387 loeum
1294 5330 1392 5388 tenet.
1445 5322 1606 5388 exstineto
1621 5321 1767 5388 iustitiae
1784 5321 1865 5403 luoe,
1883 5343 1997 5389 omnes
2014 5317 2405 5406 adpeeuandumproieoti
