5000 6208
380 442 444 508 223
576 443 579 450 '
1046 439 1417 508 COMMENTARIUS
1439 439 1489 505 IN
1512 437 1728 507 GENESIN.
2323 440 2380 506 224

381 633 499 697 marito
522 631 656 696 alteram
680 650 816 695 uxorem
840 631 994 715 assignat,
1017 651 1035 696 e
1057 649 1120 715 qua
1141 629 1261 695 liberos
1283 649 1355 694 sns-
1407 637 1475 694 tem
1494 627 1629 712 alligare
1646 625 1753 693 ordini
1771 639 1917 707 naturae,
1941 627 1994 693 vel
2012 628 2211 714 restringere
2228 629 2270 693 ad
2288 650 2380 695 suum

381 718 490 800 eipiat.
534 716 580 781 ut
608 735 687 781 sane
715 715 744 781 si
769 716 900 800 vulgari
924 715 1020 782 modo
1049 716 1174 799 prolem
1202 723 1356 798 optasset,
1408 735 1550 779 sensum.
1595 713 1724 780 Deinde
1746 714 1831 797 quod
1855 733 1896 778 ex
1925 713 2100 797 praeterito
2128 714 2288 799 eolligens
2309 714 2380 798 quid

403 803 489 868 otius
521 802 556 866 in
579 812 723 866 mentem
750 801 896 867 venisset
924 802 1096 885 adeptione
1124 802 1229 866 faeere
1257 821 1355 884 quam
1408 809 1520 884 postea
1541 802 1689 865 futurum
1713 800 1770 876 sit,
1799 819 1866 864 non
1893 801 2016 885 eogitat
2036 800 2072 864 in
2093 819 2195 866 manu
2217 820 2290 866 esse
2313 801 2378 880 Dei,

380 824 459 953 dare
481 886 644 954 secundae
667 888 761 952 uxori
783 887 899 954 loeum.
943 887 1076 954 Seimus
1098 889 1186 952 enim
1213 895 1357 970 quantus
1409 885 1542 951 vulvam
1564 906 1664 969 quam
1687 886 1891 950 concluserat
1913 906 2028 952 rursus
2050 887 2186 968 aperire.

381 975 424 1039 sit
441 974 477 1038 in
498 972 691 1039 mulieribus
711 972 890 1057 zelotypiae
907 972 1013 1039 ardor.
1057 974 1148 1058 Ergo
1169 972 1356 1058 promissio-
1494 972 1525 1036 2.
1551 971 1589 1036 st
1607 972 1687 1053 forte
1709 972 1863 1053 aedificer.
1908 971 2046 1036 Phrasis
2074 971 2240 1050 hebreiea,
2267 993 2327 1056 pre
2348 993 2380 1038 eo

380 1060 433 1126 nis
455 1061 574 1125 intuitu
598 1060 679 1125 iuris
701 1060 754 1126 sui
782 1059 896 1139 oblita,
926 1060 1057 1125 nonnisi
1080 1058 1120 1124 de
1149 1057 1357 1142 proereandis
1409 1056 1495 1140 quod
1518 1065 1583 1135 est,
1611 1058 1683 1122 fieri
1712 1066 1860 1123 matrem.
1904 1056 2102 1140 Quanquam
2132 1056 2230 1122 filiari
2252 1057 2380 1141 quidam

380 1146 491 1212 Abrae
519 1145 630 1211 liberis
658 1146 788 1230 eogitat.
840 1145 1053 1212 Memorabile
1082 1144 1287 1228 exemplum,
1316 1165 1357 1208 er
1409 1152 1589 1225 exponunt.
1644 1143 1690 1209 Et
1716 1152 1804 1208 eerte
1832 1157 1878 1242 p,
1906 1141 1992 1225 quod
2022 1153 2073 1208 est
2096 1143 2258 1210 Hebraeis
2287 1144 2379 1223 filius,

380 1253 443 1316 quo
473 1253 538 1297 non
568 1233 708 1316 exiguus
737 1233 862 1297 fruetus
892 1232 933 1296 ad
962 1253 1020 1297 nur
1049 1230 1144 1296 redit.
1190 1230 1247 1297 sie
1269 1230 1357 1296 enim
1409 1227 1485 1294 huie
1517 1227 1618 1294 verbo
1650 1227 1834 1312 respondet.
1881 1228 1948 1294 Sed
1979 1229 2055 1311 quia
2088 1229 2310 1314 metaphorice
2339 1231 2380 1296 sio

378 1317 543 1383 laudabile
572 1318 635 1382 luit
665 1328 776 1382 votnm
808 1315 904 1383 Sarai
933 1316 1039 1399 quoad
1067 1319 1185 1395 finem,
1209 1317 1265 1381 rel
1288 1335 1358 1380 soo-
1410 1315 1520 1380 voeeti
1540 1321 1618 1380 sunt
1638 1315 1715 1394 filii,
1742 1313 1828 1398 quod
1847 1314 1977 1399 generis
1999 1314 2142 1380 fulturae
2168 1317 2253 1396 sint,
2282 1324 2317 1381 et
2338 1317 2381 1381 fa-

380 1424 459 1487 pum
478 1405 513 1468 in
535 1424 631 1486 quem
654 1402 818 1484 tendebat,
841 1412 880 1467 ιιι
902 1403 1067 1469 tamenin
1090 1403 1160 1486 ipso
1183 1422 1357 1486 progressu
1409 1400 1534 1465 miliam
1556 1399 1736 1480 aedifiesnt',
1757 1399 1930 1466 retinenda
1951 1407 2001 1466 est
2022 1401 2154 1484 propria
2175 1401 2269 1469 verbi
2286 1403 2380 1487 signi-

379 1510 446 1556 non
480 1489 599 1554 leviter
630 1489 790 1572 peeearit,
830 1488 917 1572 quod
950 1489 1097 1555 orbitatis
1131 1489 1305 1571 impatiens
1339 1509 1358 1551 a
1409 1486 1527 1552 fieatio.
1572 1487 1713 1552 Festum
1737 1508 1830 1565 vero,
1853 1506 1949 1570 quem
1972 1488 2078 1570 pariet
2102 1489 2206 1572 Agar,
2234 1487 2306 1554 iure
2329 1486 2381 1554 do·

380 1577 445 1641 Dei
463 1576 562 1642 verbo
580 1574 736 1654 diseessit,
755 1583 792 1640 ut
810 1572 902 1640 verbi
920 1575 1038 1640 affeetu
1055 1576 1229 1641 frueretur.
1268 1573 1357 1638 Dum
1410 1572 1504 1636 minii
1527 1572 1587 1638 sibi
1616 1570 1769 1638 vendicat
1793 1571 1903 1650 Sarai,
1934 1573 2011 1656 quia
2032 1572 2093 1637 sibi
2117 1592 2184 1638 non
2213 1573 2382 1656 pariebant
2471 1643 2472 1660 ,

380 1660 585 1727 sterilitatem
607 1682 700 1728 suam
720 1668 753 1725 et
770 1660 900 1726 senium
921 1667 1068 1743 reputat,
1097 1659 1223 1743 obrepit
1248 1659 1358 1742 despe·
1411 1657 1557 1736 aneillae,
1580 1659 1677 1723 sieuti
1695 1679 1755 1725 nee
1771 1661 1915 1742 eorporis
1932 1658 1984 1724 sui
2001 1659 2165 1726 habebant
2181 1669 2381 1742 potestatem.

380 1748 473 1825 ratio,
496 1747 561 1813 nisi
583 1745 714 1812 aliunde
736 1746 854 1812 liberos
876 1747 992 1831 gignat
1011 1747 1150 1812 Abram:
1172 1746 1209 1809 in
1231 1767 1269 1810 eo
1290 1745 1357 1810 iam
1410 1744 1499 1808 Dum
1533 1753 1642 1809 autem
1674 1745 1763 1826 prior
1791 1745 1947 1810 maritum
1977 1744 2167 1828 eompellat,
2196 1766 2262 1811 non
2291 1745 2382 1812 modo

381 1841 432 1899 est
454 1832 576 1916 aliquid
599 1833 679 1898 vitii.
715 1831 840 1897 Verum
858 1842 896 1896 ut
913 1854 966 1897 res
984 1840 1071 1898 esset
1093 1832 1273 1914 desperata,
1290 1851 1357 1895 non
1409 1829 1555 1895 admittit
1576 1829 1789 1897 ooneubinam
1807 1850 1890 1913 quae
1908 1832 2012 1896 instar
2029 1830 2155 1913 pellieis
2172 1831 2283 1898 futura
2299 1842 2381 1898 erat:
2471 1849 2472 1860 ¹

382 1917 495 1985 debuit
516 1929 627 1983 tamen
656 1918 834 2001 quidquam
865 1917 1000 2002 aggredi
1022 1918 1088 1982 nisi
1109 1919 1173 1982 Dei
1195 1916 1357 1982 voluntati
1410 1913 1468 1980 sed
1485 1916 1606 2000 ingerit
1625 1925 1658 1979 et
1675 1915 1831 1982 obtrudit.
1869 1917 1977 2000 Atque
2000 1917 2077 1983 hine
2098 1925 2302 2000 apparetur
2322 1939 2382 2001 quo

380 2012 415 2071 et
436 2004 581 2089 legitimo
603 2012 740 2068 naturae
762 2004 870 2069 ordini
893 2011 1157 2070 consentaneum.
1204 2003 1294 2068 Deus
1317 2024 1358 2068 ex
1409 2000 1559 2067 homines
1578 2002 1640 2067 sibi
1668 2002 1743 2083 plus
1773 2021 1888 2085 sapere
1917 2003 2113 2085 permittunt
2135 2023 2233 2086 quam
2255 2005 2304 2068 fas
2328 2013 2380 2084 est,

380 2098 494 2158 saneto
516 2090 678 2155 eonnubio
704 2089 879 2173 propagari
900 2089 1006 2155 voluit
1031 2089 1214 2155 humanum
1236 2108 1355 2172 genus:
1410 2087 1590 2170 proelivem
1623 2109 1694 2152 esse
1727 2085 1803 2153 inde
1836 2089 1963 2171 lapsum
1998 2088 2039 2154 ad
2075 2088 2232 2153 tentanda
2272 2089 2382 2156 illinita

381 2175 478 2243 Serui
499 2176 653 2241 eonnubii
674 2176 779 2258 legem
802 2176 975 2258 pervertit,
1000 2175 1120 2242 leetum
1142 2174 1356 2257 coniugalem,
1410 2172 1526 2238 media.
1568 2173 1623 2238 Ex
1650 2172 1721 2238 uelo
1747 2173 1822 2239 fidei
1852 2175 1998 2240 naseitur
2026 2171 2122 2241 Sarai
2151 2175 2301 2242 effeetus:
2330 2175 2381 2242 sed

321 2319 324 2324 ,
380 2264 436 2347 qui
458 2261 584 2328 duobus
607 2261 733 2328 dinatus
753 2269 840 2340 erat,
869 2262 1054 2344 polluendo.
1098 2261 1167 2326 Nee
1189 2260 1279 2325 valet
1300 2281 1357 2324 ex·
1409 2259 1485 2342 quia
1517 2280 1587 2324 non
1618 2259 1787 2325 subiieitur
1809 2258 1899 2339 Deo,
1936 2268 1974 2324 ut
2006 2259 2075 2325 sius
2109 2263 2381 2344 opportunitatem

380 2350 513 2425 eusatio,
536 2345 623 2430 quod
645 2347 857 2414 eoneubinam
880 2346 991 2412 uxoris
1014 2347 1083 2412 loeo
1107 2367 1177 2412 esse
1198 2345 1355 2410 voluerit:
1409 2351 1586 2427 exspeetet,
1604 2344 1717 2410 statim
1733 2344 2189 2430 transsilitadpolygamism,
2208 2348 2380 2431 quaenihil

382 2435 459 2519 quia
482 2435 583 2499 fixum
613 2431 694 2498 illud
722 2453 856 2498 manere
882 2433 1055 2512 debuerat,
1083 2433 1255 2498 mulierem
1285 2431 1357 2495 viro
1410 2439 1481 2496 erat
1514 2429 1603 2495 aliud
1637 2451 1734 2515 quam
1763 2431 1842 2497 iusti
1874 2431 2018 2514 coniugii
2050 2433 2224 2518 eorruptio.
2279 2435 2381 2500 -Porro
2472 2469 2473 2514 3

381 2519 569 2586 adiunctam
600 2540 683 2597 esse,
719 2528 758 2583 ut
786 2527 895 2583 essent
928 2517 992 2583 duo
1020 2520 1055 2584 in
1085 2538 1216 2583 earnem
1245 2537 1356 2582 unam.
1409 2536 1510 2598 quum
1533 2515 1629 2582 Sarai
1652 2525 1720 2581 tam
1742 2525 1855 2582 saneta
1880 2517 2013 2596 mulier,
2042 2517 2149 2583 instar
2175 2517 2313 2599 flabelli,
2344 2519 2381 2585 ad
2472 2517 2473 2520 ’

381 2606 528 2671 Tametsi
561 2606 628 2670 iam
659 2603 845 2688 polygamia
878 2604 966 2688 apud
999 2604 1121 2670 multos
1157 2603 1356 2668 invaluerat:
1410 2601 1547 2666 eandem
1578 2623 1644 2686 qua
1676 2603 1746 2685 ipsa
1779 2602 1926 2668 fervebat
1957 2603 2196 2686 impatientiam
2230 2608 2382 2671 maritum
2472 2597 2473 2620 ³

381 2691 489 2776 legem
511 2700 619 2755 tamen
649 2689 755 2768 illam,
786 2711 851 2773 qua
881 2689 944 2755 duo
966 2691 1052 2756 inter
1073 2710 1108 2755 se
1138 2698 1252 2754 mutuo
1276 2688 1357 2754 obli·
1410 2688 1578 2752 sollieitet:
1601 2687 1680 2753 bine
1703 2687 1866 2755 diseamus
1884 2709 1982 2773 quam
2000 2687 2112 2754 sedulo
2131 2691 2223 2756 nobis
2241 2691 2381 2776 agendae

381 2795 511 2862 gantur,
537 2775 719 2842 eonvellere
743 2795 910 2858 nunquam
932 2777 995 2840 fuit
1016 2779 1051 2840 in
1080 2775 1250 2840 hominum
1272 2773 1357 2839 arbi·
1410 2775 1478 2837 sint
1506 2773 1677 2854 exeubiae,
1707 2795 1749 2838 ne
1777 2795 1841 2858 qua
1869 2773 1996 2841 ooeulta
2023 2775 2137 2842 fraude
2166 2798 2227 2842 nos
2248 2777 2382 2844 oireum·

382 2865 455 2929 trio.
500 2863 569 2928 Nee
590 2861 685 2944 eulpa
707 2862 805 2927 etiam
828 2862 961 2927 vaeavit
983 2861 1123 2938 Abram,
1154 2859 1238 2943 quod
1256 2860 1358 2925 stulto
1409 2860 1524 2924 veniat
1557 2859 1670 2926 Satan.
1723 2859 1837 2944 Neque
1870 2861 1958 2928 enim
1994 2861 2157 2945 improbos
2191 2871 2321 2928 tantum
2353 2871 2383 2928 et

382 2972 420 3016 ae
438 2955 646 3032 praepostero
668 2947 780 3012 uxoris
800 2946 935 3012 consilio
957 2948 1155 3030 obsequutus
1173 2954 1232 3011 est.
1267 2945 1357 3030 Ergo
1411 2944 1586 3011 seeleratos
1612 2945 1771 3011 subornat
1791 2946 1848 3029 qui
1870 2969 1911 3012 ex
1937 2947 2083 3031 professo
2111 2947 2209 3013 fidem
2240 2956 2381 3015 nostram

383 3045 422 3100 ut
449 3035 567 3100 vitiosa
595 3033 657 3100 fuit
686 3033 934 3115 praecipitantia
963 3031 1074 3108 Sami,
1104 3033 1153 3097 ita
1181 3030 1357 3114 repreben·
1411 3038 1614 3116 oppugnent:
1637 3029 1694 3096 sed
1712 3039 1750 3098 ut
1765 3031 1950 3099 inoautoso
1973 3032 2102 3117 primat,
2118 3033 2205 3101 elam
2223 3033 2382 3101 interdum
2473 3109 2474 3118 χ

383 3124 475 3186 sione
504 3119 604 3204 digna
632 3129 682 3184 est
708 3119 818 3184 Abrae
846 3118 994 3184 faeilitas.
1047 3119 1225 3202 Utriusque
1247 3125 1358 3182 autem
1412 3137 1449 3182 ae
1470 3117 1583 3181 furtim
1606 3139 1665 3200 per
1687 3118 1788 3183 bonos
1810 3127 1844 3183 et
1865 3055 2029 3202 simplices
2047 3140 2106 3185 nos
2127 3120 2284 3186 adoritur.
2320 3121 2383 3186 Un·
2473 3125 2474 3202 Ῑ

384 3205 579 3273 elaudieavit
600 3204 689 3283 fides,
710 3226 778 3269 non
800 3206 835 3268 in
864 3203 1047 3269 substantia
1069 3202 1217 3288 quidem,
1244 3201 1300 3269 sed
1322 3205 1358 3267 in
1412 3203 1510 3287 dique
1532 3203 1633 3287 igitur
1654 3204 1818 3269 eavendae
1835 3212 1914 3270 sunt
1932 3205 2002 3271 eius
2022 3205 2169 3283 insidiae,
2188 3228 2231 3272 ne
2249 3227 2313 3290 qua
2329 3227 2384 3290 per

382 3291 490 3358 medio
511 3292 582 3374 ipso
604 3289 654 3377 (ut
675 3289 866 3375 loquuntur)
886 3290 940 3354 vel
967 3290 1085 3375 agendi
1116 3291 1251 3370 ratione,
1281 3288 1358 3354 dum
1412 3289 1581 3355 eunioulos
1599 3288 1744 3373 obrepat.

382 3378 525 3445 sobolem
549 3397 631 3461 quae
650 3398 669 3440 a
686 3374 760 3442 Deo
780 3375 941 3458 speranda
963 3385 1043 3453 erat,
1066 3385 1161 3441 extra
1176 3375 1207 3441 le
1233 3375 1359 3440 'timam
1498 3373 1542 3440 Et
1556 3376 1669 3458 posuit
1686 3375 1818 3441 Abram.
1848 3374 1994 3443 Vaeillat
2016 3376 2145 3460 quidem
2165 3377 2275 3444 Abrae
2296 3377 2382 3456 fides,

382 3463 445 3530 Dei
476 3463 716 3529 ordinationem
746 3482 902 3544 quaerere
930 3462 1097 3526 festinant.
1141 3462 1196 3530 Un
1221 3482 1239 3525 e
1261 3462 1359 3526 etiam
1411 3482 1514 3544 quum
1537 3460 1637 3526 aDei
1659 3460 1759 3526 verbo
1780 3459 1957 3540 declinans,
1981 3463 2092 3528 uxoris
2114 3464 2259 3548 impulsu
2276 3464 2318 3528 ad
2336 3485 2383 3527 re·

383 3569 556 3615 monemur
577 3568 675 3632 quam
699 3568 765 3611 non
788 3549 910 3612 frustra
932 3548 1024 3613 Deus
1046 3568 1122 3614 suos
1144 3548 1309 3631 quieseere
1326 3553 1361 3611 et
1412 3545 1567 3626 medium,
1590 3546 1676 3629 quod
1698 3546 1859 3612 divinitus
1880 3546 2080 3630 prohibitum
2102 3559 2189 3628 erat,
2217 3547 2383 3616 transferri

381 3657 454 3700 eum
477 3634 607 3700 silentio
636 3655 695 3698 exa
720 3643 827 3699 eetare
849 3633 975 3712 iubeat,
999 3635 1125 3716 quoties
1148 3653 1259 3698 eorum
1282 3641 1360 3697 vota
1412 3653 1447 3697 se
1469 3633 1602 3715 patitur.
1646 3632 1782 3697 Retinet
1804 3641 1914 3698 tamen
1936 3633 2202 3700 fundamentum:
2225 3637 2299 3720 quia
2322 3655 2384 3699 non

382 3721 491 3788 differt
512 3742 550 3785 ae
572 3655 752 3802 suspendit.
793 3719 878 3783 Nam
901 3727 934 3784 et
956 3719 1012 3803 qui
1035 3729 1111 3784 ante
1133 3728 1263 3801 tempus
1285 3740 1357 3801 pro·
1413 3717 1543 3784 dubitat
1570 3717 1651 3800 quin
1681 3717 1812 3783 tandem
1841 3740 1999 3785 sensurus
2027 3721 2071 3785 sit
2092 3721 2200 3786 Deum
2228 3740 2382 3788 veraeem.

380 3815 513 3890 perant,
542 3824 609 3870 non
643 3803 738 3870 modo
765 3812 980 3870 antevertunt
1008 3805 1072 3869 Dei
1107 3805 1358 3889 providentiam,
1413 3803 1488 3885 Quo
1521 3804 1671 3887 exemplo
1709 3803 1862 3870 doeemur
1895 3826 1960 3871 non
1993 3825 2064 3872 esse
2098 3827 2156 3872 eur
2188 3805 2384 3890 despondea-

382 3890 440 3958 sed
463 3892 526 3957 Dei
547 3889 648 3956 verbo
676 3911 742 3955 non
762 3891 907 3956 eontenti
929 3911 965 3956 se
987 3891 1274 3973 proiioiuntultra
1295 3911 1360 3954 me-
1413 3911 1486 3956 mus
1507 3890 1628 3969 animo,
1651 3890 1680 3956 si
1703 3890 1832 3972 quando
1854 3891 1951 3960 fidem
1975 3903 2120 3957 nostram
2142 3894 2306 3958 eoneutiat
2327 3889 2384 3956 Sa-

383 3986 443 4044 tas.
479 3977 606 4041 Verum
629 3975 762 4041 videtur
780 3976 867 4042 aliud
888 3985 1051 4061 speetasse
1070 3975 1174 4054 Sarai,
1192 3997 1276 4059 quae
1292 3996 1359 4040 non
1413 3982 1487 4055 tan,
1518 3975 1614 4040 modo
1636 3997 1677 4040 ne
1709 3975 1922 4041 labefactetur
1944 3978 1978 4042 in
2009 3976 2159 4044 eordibus
2182 3981 2303 4044 nostris
2325 3975 2385 4042 Dei

382 4061 480 4129 modo
511 4063 639 4128 Abram
671 4063 760 4146 eupit
792 4062 865 4128 fieri
897 4070 1038 4145 patrem:
1079 4062 1136 4128 sed
1175 4071 1360 4127 maternum
1413 4063 1545 4126 veritae.
1591 4061 1724 4126 Interea
1755 4082 1856 4145 quum
1889 4061 2039 4128 videmus
2072 4062 2195 4129 Abram
2228 4063 2299 4150 (qui
2331 4083 2386 4145 per

385 4151 483 4214 etiam
506 4150 557 4212 ius
580 4155 612 4212 et
633 4147 790 4213 bonorem
811 4146 873 4213 sibi
895 4149 967 4212 vult
991 4149 1166 4232 aequirere.
1210 4149 1360 4230 Respon·
1412 4156 1463 4212 tet
1495 4168 1599 4213 annos
1632 4148 1738 4212 instar
1768 4147 1881 4213 invicti
1915 4149 2059 4214 athletae
2085 4150 2214 4214 fortiter
2247 4151 2385 4216 laetatus

385 4234 456 4313 deo,
478 4254 578 4317 quum
598 4235 696 4299 seiret
711 4233 748 4298 in
766 4235 889 4299 semine
906 4233 1018 4300 Abrae
1035 4232 1273 4300 benedieendas
1291 4254 1361 4299 esse
1413 4234 1531 4312 fuerat,
1552 4241 1587 4297 et
1604 4241 1672 4299 tam
1695 4231 1798 4298 ardua
1819 4234 1984 4300 obstaoula
2006 4235 2283 4322 transseenderat)
2300 4255 2385 4301 nune

384 4341 498 4387 omnes
519 4327 650 4404 gentes,
673 4319 792 4384 mirum
813 4339 880 4384 non
903 4341 975 4386 esse
997 4321 1027 4386 si
1047 4320 1201 4386 soeietate
1228 4318 1362 4384 honoris
1414 4321 1581 4384 momento
1602 4339 1667 4384 uno
1687 4320 1862 4384 tentationi
1891 4320 2115 4386 sueoumbere:
2144 4323 2218 4405 quis
2239 4329 2385 4387 nostrum

384 4405 529 4472 noluerit
560 4405 699 4488 privari:
733 4426 775 4470 ne
808 4411 933 4471 reseeta
966 4427 986 4471 a
1018 4425 1151 4489 eorpore
1184 4403 1362 4486 benedioto,
1413 4405 1476 4471 sibi
1508 4426 1575 4470 non
1614 4415 1739 4470 metuat
1771 4427 1791 4469 a
1822 4405 1922 4470 simili
1961 4406 2127 4488 perieulo?
2168 4405 2386 4489 Quantumvis

385 4493 478 4576 quasi
494 4490 662 4575 putridum
680 4491 872 4570 membrum,
896 4500 1054 4560 extranea
1076 4513 1202 4575 quoque
1219 4513 1238 4556 ιι
1255 4491 1362 4558 salute
1415 4511 1493 4574 ergo
1526 4490 1583 4556 diu
1616 4498 1649 4556 et
1679 4498 1868 4558 eonstanter
1899 4493 1932 4556 in
1968 4491 2031 4556 fide
2064 4493 2269 4572 steterimus,
2310 4511 2387 4575 quo-

385 4579 547 4663 promissa
567 4578 659 4642 foret.
1415 4577 1493 4641 tidie
1519 4576 1685 4660 rogandus
1705 4585 1755 4643 est
1776 4575 1870 4643 Deus
1892 4599 1934 4643 ne
1957 4579 1990 4642 in
2021 4579 2236 4645 tentationem
2259 4599 2318 4644 nos
2341 4578 2386 4641 in·

473 4663 546 4728 Nou
562 4667 729 4746 pepererat
749 4664 786 4728 ei.
822 4660 964 4728 Videtur
985 4663 1163 4731 exeusandi
1186 4683 1283 4729 eausa
1301 4663 1362 4730 hoo
1415 4661 1522 4728 duest.

386 4750 537 4833 positum.
574 4749 621 4813 Et
638 4758 726 4814 eerte
743 4749 853 4814 Moses
870 4749 1034 4834 signifieat
1052 4771 1118 4814 non
1136 4758 1214 4815 ante
1231 4750 1363 4832 petiisse
1501 4749 1531 4816 3.
1555 4747 1599 4813 Et
1620 4748 1703 4814 dedit
1724 4768 1794 4814 eam
1814 4747 1938 4814 Abram
1958 4749 2026 4815 rire
2046 4769 2112 4816 erse.
2158 4749 2263 4832 Quale
2291 4749 2388 4814 fuerit

388 4834 570 4901 subsidium
592 4833 634 4900 ab
655 4842 749 4900 utero
771 4835 909 4901 aneillae
930 4857 1027 4919 quam
1050 4837 1105 4901 ubi
1131 4835 1307 4902 necessitas
1329 4834 1363 4899 id
1417 4833 1512 4902 Sarai
1534 4833 1706 4901 eonsilium
1728 4835 1884 4918 exprimit
1905 4835 2029 4902 Moses:
2059 4857 2165 4920 neque
2196 4837 2281 4903 enim
2304 4833 2388 4900 domi

387 4923 494 4988 faeere
515 4923 630 5006 eoegit.
674 4921 721 4985 Et
742 4920 844 4986 verba
860 4923 930 4988 eius
952 4921 1119 4988 deelarant
1146 4921 1310 5005 patienter
1331 4928 1364 4986 et
1415 4942 1496 4987 suae
1516 4920 1622 4986 voluit
1643 4921 1768 5005 erigere
1788 4920 1944 5004 lupanar,
1973 4941 2035 4988 neo
2057 4922 2195 4989 aneillae
2218 4942 2293 4988 suae
2316 4939 2388 5005 pro·

388 5005 533 5073 modeste
561 5015 769 5091 exspeotasse
798 5006 956 5092 quidnam
979 5007 1124 5074 fauturus
1154 5016 1241 5074 esset
1269 5008 1364 5073 Deus
1415 5007 1555 5085 duatrix,
1577 5007 1633 5073 rel
1654 5007 1765 5072 mariti
1786 5006 1862 5072 lena
1883 5027 1963 5073 esse.
1999 5004 2182 5092 Improprie
2205 5016 2313 5074 tamen
2333 5025 2388 5071 vo

388 5114 492 5177 usque
514 5093 592 5158 dum
614 5094 739 5177 apesin
758 5103 863 5159 totum
884 5093 1030 5178 praeeisa
1049 5093 1144 5175 foret,
1164 5114 1266 5178 quum
1285 5093 1365 5159 dieit
1415 5101 1509 5161 eatur
1530 5114 1624 5172 uxor,
1646 5113 1729 5176 quae
1772 5097 1882 5159 rdeter
1900 5094 1962 5159 Dei
1980 5092 2087 5179 legem
2105 5096 2139 5158 in
2158 5094 2299 5160 alienum
2319 5091 2389 5156 tho·

389 5201 424 5245 se
453 5179 494 5245 ab
516 5178 573 5243 illo
595 5178 779 5244 oonelusam
802 5201 843 5245 ne
865 5181 1005 5263 amplius
1031 5180 1146 5264 pariet.
1191 5179 1280 5260 Quid
1300 5179 1363 5264 igi·
1415 5201 1490 5245 rum
1522 5177 1699 5245 indueitur.
1750 5115 1863 5261 &aare
1895 5180 2036 5246 seiamus
2064 5181 2154 5247 huno
2187 5179 2390 5245 eonoubitum

389 5274 444 5330 tur
466 5267 500 5329 in
517 5285 556 5330 ea
577 5264 692 5348 eulpae
714 5265 936 5348 reperiemus?
959 5266 1086 5351 Nempe
1103 5266 1188 5349 quod
1208 5265 1365 5332 debuerat
1416 5265 1463 5333 sie
1484 5265 1637 5332 illieitum
1658 5263 1776 5344 luisse,
1807 5273 1844 5329 ut
1864 5265 1952 5331 inter
1973 5267 2205 5332 soortationem
2226 5271 2256 5330 et
2277 5264 2389 5330 eoniu-

390 5349 453 5414 hae
479 5370 592 5415 euram
614 5351 748 5416 reiioere
770 5352 805 5415 in
832 5351 940 5417 sinum
971 5354 1051 5428 Dei,
1079 5374 1139 5420 nee
1161 5353 1231 5418 eius
1258 5353 1363 5419 virtu·
1415 5353 1506 5438 gium
1540 5353 1633 5435 quasi
1670 5352 1797 5418 medius
1835 5351 1942 5418 luerit.
1996 5351 2091 5418 Idem
2123 5351 2270 5419 omnibus
2304 5369 2390 5415 eem-
