<?xml version="1.0" encoding="UTF-8"?>
<!DOCTYPE html PUBLIC "-//W3C//DTD XHTML 1.0 Transitional//EN"
    "http://www.w3.org/TR/xhtml1/DTD/xhtml1-transitional.dtd">
<html xmlns="http://www.w3.org/1999/xhtml" xml:lang="en" lang="en">
 <head>
  <title>
</title>
<meta http-equiv="Content-Type" content="text/html;charset=utf-8" />
  <meta name='ocr-system' content='tesseract 3.04.00' />
  <meta name='ocr-capabilities' content='ocr_page ocr_carea ocr_par ocr_line ocrx_word'/>
</head>
<body>
  <div class='ocr_page' id='page_1' title='image "./ioanniscalvinio06reusgoog_0063.png"; bbox 0 0 5022 6192; ppageno 0'>
   <div class='ocr_carea' id='block_1_1' title="bbox 126 416 2129 494">
    <p class='ocr_par' dir='ltr' id='par_1_1' title="bbox 126 416 2129 494">
     <span class='ocr_line' id='line_1_1' title="bbox 126 416 2129 494; baseline 0.005 -10"><span class='ocrx_word' id='word_1_1' title='bbox 126 416 172 484; x_wconf 74' lang='grc'><strong>63</strong></span> <span class='ocrx_word' id='word_1_2' title='bbox 791 417 1152 490; x_wconf 69' lang='lat' dir='ltr'>OOMMEN&#39;PABAEUS</span> <span class='ocrx_word' id='word_1_3' title='bbox 1175 421 1225 488; x_wconf 87' lang='lat' dir='ltr'><strong>IN</strong></span> <span class='ocrx_word' id='word_1_4' title='bbox 1246 420 1461 490; x_wconf 78' lang='lat' dir='ltr'><strong>GENESIN.</strong></span> <span class='ocrx_word' id='word_1_5' title='bbox 2083 425 2129 494; x_wconf 76' lang='lat' dir='ltr'><strong>bd</strong></span> 
     </span>
    </p>
   </div>
   <div class='ocr_carea' id='block_1_2' title="bbox 117 606 2130 4463">
    <p class='ocr_par' dir='ltr' id='par_1_2' title="bbox 117 606 2130 4463">
     <span class='ocr_line' id='line_1_2' title="bbox 129 606 2128 694; baseline 0.001 -17"><span class='ocrx_word' id='word_1_6' title='bbox 129 610 193 678; x_wconf 88' lang='lat' dir='ltr'><strong>sibi</strong></span> <span class='ocrx_word' id='word_1_7' title='bbox 215 610 420 693; x_wconf 87' lang='lat' dir='ltr'><strong>aptissimum</strong></span> <span class='ocrx_word' id='word_1_8' title='bbox 444 610 512 674; x_wconf 81' lang='lat' dir='ltr'><strong>fore</strong></span> <span class='ocrx_word' id='word_1_9' title='bbox 534 609 674 686; x_wconf 87' lang='lat' dir='ltr'><strong>ridebat,</strong></span> <span class='ocrx_word' id='word_1_10' title='bbox 695 607 835 692; x_wconf 89' lang='lat' dir='ltr'><strong>denique</strong></span> <span class='ocrx_word' id='word_1_11' title='bbox 856 606 989 674; x_wconf 91' lang='lat' dir='ltr'><strong>modum</strong></span> <span class='ocrx_word' id='word_1_12' title='bbox 1012 629 1105 674; x_wconf 85' lang='lat' dir='ltr'><strong>exeo·</strong></span> <span class='ocrx_word' id='word_1_13' title='bbox 1157 609 1198 674; x_wconf 92' lang='lat' dir='ltr'><strong>do</strong></span> <span class='ocrx_word' id='word_1_14' title='bbox 1226 629 1265 674; x_wconf 83' lang='lat' dir='ltr'><strong>ao</strong></span> <span class='ocrx_word' id='word_1_15' title='bbox 1291 607 1456 694; x_wconf 82' lang='lat' dir='ltr'><strong>perdendo</strong></span> <span class='ocrx_word' id='word_1_16' title='bbox 1484 629 1581 676; x_wconf 89' lang='lat' dir='ltr'><strong>omne</strong></span> <span class='ocrx_word' id='word_1_17' title='bbox 1608 630 1714 694; x_wconf 85' lang='lat' dir='ltr'><strong>genus</strong></span> <span class='ocrx_word' id='word_1_18' title='bbox 1740 610 1908 678; x_wconf 83' lang='lat' dir='ltr'><strong>fraudibus</strong></span> <span class='ocrx_word' id='word_1_19' title='bbox 1935 622 1969 678; x_wconf 89' lang='lat' dir='ltr'><strong>et</strong></span> <span class='ocrx_word' id='word_1_20' title='bbox 1989 612 2128 692; x_wconf 77' lang='lat' dir='ltr'><strong>fallatiis</strong></span> 
     </span>
     <span class='ocr_line' id='line_1_3' title="bbox 130 694 2130 782; baseline 0.003 -22"><span class='ocrx_word' id='word_1_21' title='bbox 130 695 250 782; x_wconf 82' lang='lat' dir='ltr'><strong>gitarit</strong></span> <span class='ocrx_word' id='word_1_22' title='bbox 266 716 329 778; x_wconf 89' lang='lat' dir='ltr'><strong>quo</strong></span> <span class='ocrx_word' id='word_1_23' title='bbox 350 695 488 761; x_wconf 86' lang='lat' dir='ltr'><strong>insidiae</strong></span> <span class='ocrx_word' id='word_1_24' title='bbox 509 715 591 778; x_wconf 86' lang='lat' dir='ltr'><strong>quae</strong></span> <span class='ocrx_word' id='word_1_25' title='bbox 611 695 759 760; x_wconf 85' lang='lat' dir='ltr'><strong>struebat</strong></span> <span class='ocrx_word' id='word_1_26' title='bbox 786 694 915 760; x_wconf 83' lang='lat' dir='ltr'><strong>faoilius</strong></span> <span class='ocrx_word' id='word_1_27' title='bbox 936 696 973 760; x_wconf 94' lang='lat' dir='ltr'><strong>in</strong></span> <span class='ocrx_word' id='word_1_28' title='bbox 991 694 1107 760; x_wconf 86' lang='lat' dir='ltr'><strong>Herae</strong></span> <span class='ocrx_word' id='word_1_29' title='bbox 1156 697 1363 761; x_wconf 82' lang='lat' dir='ltr'><strong>instructum.</strong></span> <span class='ocrx_word' id='word_1_30' title='bbox 1407 694 1567 776; x_wconf 85' lang='lat' dir='ltr'><strong>Quamvis</strong></span> <span class='ocrx_word' id='word_1_31' title='bbox 1588 695 1689 780; x_wconf 89' lang='lat' dir='ltr'><strong>igitur</strong></span> <span class='ocrx_word' id='word_1_32' title='bbox 1709 697 1900 779; x_wconf 75' lang='lat' dir='ltr'>obstrepant</span> <span class='ocrx_word' id='word_1_33' title='bbox 1920 699 2021 782; x_wconf 89' lang='lat' dir='ltr'><strong>impii,</strong></span> <span class='ocrx_word' id='word_1_34' title='bbox 2044 700 2130 766; x_wconf 89' lang='lat' dir='ltr'><strong>nibil</strong></span> 
     </span>
     <span class='ocr_line' id='line_1_4' title="bbox 130 779 2129 866; baseline 0.003 -20"><span class='ocrx_word' id='word_1_35' title='bbox 130 783 279 847; x_wconf 88' lang='lat' dir='ltr'><strong>animum</strong></span> <span class='ocrx_word' id='word_1_36' title='bbox 306 782 510 864; x_wconf 88' lang='lat' dir='ltr'><strong>obreperent.</strong></span> <span class='ocrx_word' id='word_1_37' title='bbox 561 780 615 847; x_wconf 92' lang='lat' dir='ltr'><strong>Illi</strong></span> <span class='ocrx_word' id='word_1_38' title='bbox 639 779 802 846; x_wconf 86' lang='lat' dir='ltr'>nihildum</span> <span class='ocrx_word' id='word_1_39' title='bbox 825 789 897 844; x_wconf 86' lang='lat' dir='ltr'><strong>erat</strong></span> <span class='ocrx_word' id='word_1_40' title='bbox 923 780 1103 848; x_wconf 86' lang='lat' dir='ltr'><strong>eommuni-</strong></span> <span class='ocrx_word' id='word_1_41' title='bbox 1156 783 1258 848; x_wconf 87' lang='lat' dir='ltr'><strong>estin</strong></span> <span class='ocrx_word' id='word_1_42' title='bbox 1276 781 1337 848; x_wconf 88' lang='lat' dir='ltr'><strong>hoe</strong></span> <span class='ocrx_word' id='word_1_43' title='bbox 1354 781 1506 864; x_wconf 88' lang='lat' dir='ltr'><strong>loquendi</strong></span> <span class='ocrx_word' id='word_1_44' title='bbox 1524 780 1744 864; x_wconf 86' lang='lat' dir='ltr'><strong>generequod</strong></span> <span class='ocrx_word' id='word_1_45' title='bbox 1765 783 1881 848; x_wconf 91' lang='lat' dir='ltr'><strong>merito</strong></span> <span class='ocrx_word' id='word_1_46' title='bbox 1898 804 1957 850; x_wconf 87' lang='lat' dir='ltr'><strong>uos</strong></span> <span class='ocrx_word' id='word_1_47' title='bbox 1975 783 2129 866; x_wconf 82' lang='lat' dir='ltr'><strong>offendat,</strong></span> 
     </span>
     <span class='ocr_line' id='line_1_5' title="bbox 129 864 2128 950; baseline 0.003 -16"><span class='ocrx_word' id='word_1_48' title='bbox 129 867 270 934; x_wconf 84' lang='lat' dir='ltr'><strong>nationis</strong></span> <span class='ocrx_word' id='word_1_49' title='bbox 286 887 360 932; x_wconf 89' lang='lat' dir='ltr'><strong>enm</strong></span> <span class='ocrx_word' id='word_1_50' title='bbox 380 866 582 932; x_wconf 88' lang='lat' dir='ltr'><strong>bominibus:</strong></span> <span class='ocrx_word' id='word_1_51' title='bbox 612 864 764 932; x_wconf 85' lang='lat' dir='ltr'><strong>animulis</strong></span> <span class='ocrx_word' id='word_1_52' title='bbox 791 885 965 948; x_wconf 81' lang='lat' dir='ltr'><strong>persenam</strong></span> <span class='ocrx_word' id='word_1_53' title='bbox 988 865 1105 944; x_wconf 74' lang='lat' dir='ltr'><strong>induit,</strong></span> <span class='ocrx_word' id='word_1_54' title='bbox 1155 869 1183 932; x_wconf 90' lang='lat' dir='ltr'><strong>si</strong></span> <span class='ocrx_word' id='word_1_55' title='bbox 1196 866 1300 932; x_wconf 86' lang='lat' dir='ltr'><strong>lloses</strong></span> <span class='ocrx_word' id='word_1_56' title='bbox 1318 866 1476 932; x_wconf 70' lang='lat' dir='ltr'><strong>Semnum</strong></span> <span class='ocrx_word' id='word_1_57' title='bbox 1498 866 1677 932; x_wconf 84' lang='lat' dir='ltr'><strong>iniustitiae</strong></span> <span class='ocrx_word' id='word_1_58' title='bbox 1699 867 1878 950; x_wconf 91' lang='lat' dir='ltr'><strong>prinoipem</strong></span> <span class='ocrx_word' id='word_1_59' title='bbox 1900 868 2128 940; x_wconf 78' lang='lat' dir='ltr'><strong>subministri</strong></span> 
     </span>
     <span class='ocr_line' id='line_1_6' title="bbox 130 951 2128 1037; baseline 0.001 -17"><span class='ocrx_word' id='word_1_60' title='bbox 130 951 284 1036; x_wconf 83' lang='lat' dir='ltr'><strong>subque</strong></span> <span class='ocrx_word' id='word_1_61' title='bbox 312 951 372 1018; x_wconf 89' lang='lat' dir='ltr'><strong>sibi</strong></span> <span class='ocrx_word' id='word_1_62' title='bbox 402 973 568 1018; x_wconf 72' lang='lat' dir='ltr'><strong>aeemsum</strong></span> <span class='ocrx_word' id='word_1_63' title='bbox 595 953 800 1035; x_wconf 66' lang='lat' dir='ltr'><strong>patefaceret.</strong></span> <span class='ocrx_word' id='word_1_64' title='bbox 849 951 923 1018; x_wconf 91' lang='lat' dir='ltr'><strong>Non</strong></span> <span class='ocrx_word' id='word_1_65' title='bbox 954 952 1107 1016; x_wconf 87' lang='lat' dir='ltr'><strong>eonvenit</strong></span> <span class='ocrx_word' id='word_1_66' title='bbox 1155 952 1721 1036; x_wconf 88' lang='lat' dir='ltr'><strong>organiquesuipersouadeserlbit,</strong></span> <span class='ocrx_word' id='word_1_67' title='bbox 1740 955 2128 1037; x_wconf 77' lang='lat' dir='ltr'><strong>quotemperetlhristna</strong></span> 
     </span>
     <span class='ocr_line' id='line_1_7' title="bbox 130 1037 2127 1122; baseline 0.002 -18"><span class='ocrx_word' id='word_1_68' title='bbox 130 1049 243 1104; x_wconf 91' lang='lat' dir='ltr'><strong>tamen</strong></span> <span class='ocrx_word' id='word_1_69' title='bbox 271 1038 359 1102; x_wconf 87' lang='lat' dir='ltr'><strong>inter</strong></span> <span class='ocrx_word' id='word_1_70' title='bbox 383 1039 580 1121; x_wconf 82' lang='lat' dir='ltr'><strong>interpretes</strong></span> <span class='ocrx_word' id='word_1_71' title='bbox 601 1057 665 1120; x_wconf 92' lang='lat' dir='ltr'><strong>quo</strong></span> <span class='ocrx_word' id='word_1_72' title='bbox 685 1058 784 1103; x_wconf 89' lang='lat' dir='ltr'><strong>sensu</strong></span> <span class='ocrx_word' id='word_1_73' title='bbox 811 1045 945 1104; x_wconf 84' lang='lat' dir='ltr'><strong>roeetur</strong></span> <span class='ocrx_word' id='word_1_74' title='bbox 972 1056 1107 1120; x_wconf 85' lang='lat' dir='ltr'><strong>serpeus</strong></span> <span class='ocrx_word' id='word_1_75' title='bbox 1156 1037 1311 1103; x_wconf 78' lang='lat' dir='ltr'><strong>ecelesiae</strong></span> <span class='ocrx_word' id='word_1_76' title='bbox 1320 1048 1418 1120; x_wconf 89' lang='lat' dir='ltr'><strong>eaput</strong></span> <span class='ocrx_word' id='word_1_77' title='bbox 1429 1048 1461 1102; x_wconf 93' lang='lat' dir='ltr'><strong>et</strong></span> <span class='ocrx_word' id='word_1_78' title='bbox 1472 1038 1520 1102; x_wconf 93' lang='lat' dir='ltr'><strong>sol</strong></span> <span class='ocrx_word' id='word_1_79' title='bbox 1532 1037 1674 1103; x_wconf 88' lang='lat' dir='ltr'><strong>iustitiae</strong></span> <span class='ocrx_word' id='word_1_80' title='bbox 1685 1038 1831 1104; x_wconf 90' lang='lat' dir='ltr'><strong>noudum</strong></span> <span class='ocrx_word' id='word_1_81' title='bbox 1843 1040 1950 1122; x_wconf 90' lang='lat' dir='ltr'><strong>palam</strong></span> <span class='ocrx_word' id='word_1_82' title='bbox 1961 1041 2127 1110; x_wconf 76' lang='lat' dir='ltr'><strong>illuxerat</strong></span> 
     </span>
     <span class='ocr_line' id='line_1_8' title="bbox 130 1122 2129 1207; baseline 0.002 -16"><span class='ocrx_word' id='word_1_83' title='bbox 130 1137 228 1200; x_wconf 58' lang='lat' dir='ltr'><strong>nint:</strong></span> <span class='ocrx_word' id='word_1_84' title='bbox 257 1143 322 1207; x_wconf 92' lang='lat' dir='ltr'><strong>quo</strong></span> <span class='ocrx_word' id='word_1_85' title='bbox 356 1124 488 1189; x_wconf 83' lang='lat' dir='ltr'><strong>nomine</strong></span> <span class='ocrx_word' id='word_1_86' title='bbox 508 1123 652 1195; x_wconf 79' lang='lat' dir='ltr'>Hebraei</span> <span class='ocrx_word' id='word_1_87' title='bbox 675 1131 743 1188; x_wconf 87' lang='lat' dir='ltr'><strong>tam</strong></span> <span class='ocrx_word' id='word_1_88' title='bbox 779 1122 973 1205; x_wconf 88' lang='lat' dir='ltr'><strong>prudentem</strong></span> <span class='ocrx_word' id='word_1_89' title='bbox 1006 1142 1103 1204; x_wconf 92' lang='lat' dir='ltr'><strong>quam</strong></span> <span class='ocrx_word' id='word_1_90' title='bbox 1155 1122 1250 1188; x_wconf 83' lang='lat' dir='ltr'><strong>Adde</strong></span> <span class='ocrx_word' id='word_1_91' title='bbox 1272 1123 1357 1206; x_wconf 91' lang='lat' dir='ltr'><strong>qued</strong></span> <span class='ocrx_word' id='word_1_92' title='bbox 1389 1124 1553 1190; x_wconf 84' lang='lat' dir='ltr'><strong>humanae</strong></span> <span class='ocrx_word' id='word_1_93' title='bbox 1574 1124 1821 1207; x_wconf 73' lang='lat' dir='ltr'><strong>ingratitudinis</strong></span> <span class='ocrx_word' id='word_1_94' title='bbox 1850 1124 1987 1192; x_wconf 84' lang='lat' dir='ltr'><strong>foeditas</strong></span> <span class='ocrx_word' id='word_1_95' title='bbox 2007 1126 2129 1194; x_wconf 83' lang='lat' dir='ltr'><strong>mulius</strong></span> 
     </span>
     <span class='ocr_line' id='line_1_9' title="bbox 129 1207 2126 1292; baseline 0.002 -16"><span class='ocrx_word' id='word_1_96' title='bbox 129 1207 286 1277; x_wconf 84' lang='lat' dir='ltr'><strong>callidum</strong></span> <span class='ocrx_word' id='word_1_97' title='bbox 315 1207 498 1292; x_wconf 88' lang='lat' dir='ltr'><strong>designant.</strong></span> <span class='ocrx_word' id='word_1_98' title='bbox 542 1207 687 1289; x_wconf 87' lang='lat' dir='ltr'><strong>Quidam</strong></span> <span class='ocrx_word' id='word_1_99' title='bbox 709 1209 808 1292; x_wconf 91' lang='lat' dir='ltr'><strong>igitur</strong></span> <span class='ocrx_word' id='word_1_100' title='bbox 830 1209 865 1272; x_wconf 91' lang='lat' dir='ltr'><strong>in</strong></span> <span class='ocrx_word' id='word_1_101' title='bbox 888 1209 1008 1273; x_wconf 89' lang='lat' dir='ltr'><strong>bonam</strong></span> <span class='ocrx_word' id='word_1_102' title='bbox 1030 1227 1104 1290; x_wconf 83' lang='lat' dir='ltr'><strong>per·</strong></span> <span class='ocrx_word' id='word_1_103' title='bbox 1155 1208 1231 1274; x_wconf 89' lang='lat' dir='ltr'><strong>inde</strong></span> <span class='ocrx_word' id='word_1_104' title='bbox 1264 1209 1473 1291; x_wconf 90' lang='lat' dir='ltr'><strong>perspioitur:</strong></span> <span class='ocrx_word' id='word_1_105' title='bbox 1510 1208 1594 1292; x_wconf 90' lang='lat' dir='ltr'><strong>quod</strong></span> <span class='ocrx_word' id='word_1_106' title='bbox 1628 1229 1726 1292; x_wconf 88' lang='lat' dir='ltr'><strong>quum</strong></span> <span class='ocrx_word' id='word_1_107' title='bbox 1761 1210 1823 1275; x_wconf 88' lang='lat' dir='ltr'><strong>sibi</strong></span> <span class='ocrx_word' id='word_1_108' title='bbox 1857 1210 1920 1276; x_wconf 91' lang='lat' dir='ltr'><strong>Dei</strong></span> <span class='ocrx_word' id='word_1_109' title='bbox 1954 1232 2052 1278; x_wconf 87' lang='lat' dir='ltr'><strong>manu</strong></span> <span class='ocrx_word' id='word_1_110' title='bbox 2090 1215 2126 1280; x_wconf 91' lang='lat' dir='ltr'><strong>in</strong></span> 
     </span>
     <span class='ocr_line' id='line_1_10' title="bbox 130 1293 2127 1378; baseline 0.001 -16"><span class='ocrx_word' id='word_1_111' title='bbox 130 1310 197 1362; x_wconf 91' lang='lat' dir='ltr'><strong>tem</strong></span> <span class='ocrx_word' id='word_1_112' title='bbox 216 1294 334 1360; x_wconf 85' lang='lat' dir='ltr'><strong>volunt</strong></span> <span class='ocrx_word' id='word_1_113' title='bbox 353 1295 464 1378; x_wconf 87' lang='lat' dir='ltr'><strong>aooipi,</strong></span> <span class='ocrx_word' id='word_1_114' title='bbox 485 1294 541 1358; x_wconf 87' lang='lat' dir='ltr'><strong>elii</strong></span> <span class='ocrx_word' id='word_1_115' title='bbox 558 1296 593 1360; x_wconf 92' lang='lat' dir='ltr'><strong>in</strong></span> <span class='ocrx_word' id='word_1_116' title='bbox 611 1293 740 1359; x_wconf 86' lang='lat' dir='ltr'><strong>melem.</strong></span> <span class='ocrx_word' id='word_1_117' title='bbox 763 1293 836 1377; x_wconf 81' lang='lat' dir='ltr'><strong>Ego</strong></span> <span class='ocrx_word' id='word_1_118' title='bbox 855 1313 1015 1360; x_wconf 86' lang='lat' dir='ltr'><strong>veronen</strong></span> <span class='ocrx_word' id='word_1_119' title='bbox 1038 1306 1104 1358; x_wconf 88' lang='lat' dir='ltr'><strong>tam</strong></span> <span class='ocrx_word' id='word_1_120' title='bbox 1155 1293 1387 1360; x_wconf 90' lang='lat' dir='ltr'><strong>subieotionem</strong></span> <span class='ocrx_word' id='word_1_121' title='bbox 1410 1303 1528 1360; x_wconf 90' lang='lat' dir='ltr'><strong>euneta</strong></span> <span class='ocrx_word' id='word_1_122' title='bbox 1556 1294 1710 1360; x_wconf 89' lang='lat' dir='ltr'><strong>animalia</strong></span> <span class='ocrx_word' id='word_1_123' title='bbox 1730 1316 1802 1360; x_wconf 90' lang='lat' dir='ltr'><strong>esse</strong></span> <span class='ocrx_word' id='word_1_124' title='bbox 1824 1295 1945 1362; x_wconf 89' lang='lat' dir='ltr'><strong>tradite</strong></span> <span class='ocrx_word' id='word_1_125' title='bbox 1962 1298 2068 1373; x_wconf 81' lang='lat' dir='ltr'><strong>Adam</strong></span> <span class='ocrx_word' id='word_1_126' title='bbox 2091 1313 2127 1364; x_wconf 80' lang='lat' dir='ltr'><strong>et</strong></span> 
     </span>
     <span class='ocr_line' id='line_1_11' title="bbox 130 1378 2125 1466; baseline 0.002 -20"><span class='ocrx_word' id='word_1_127' title='bbox 130 1383 252 1446; x_wconf 85' lang='lat' dir='ltr'><strong>vitium</strong></span> <span class='ocrx_word' id='word_1_128' title='bbox 288 1381 397 1446; x_wconf 71' lang='lat' dir='ltr'><strong>notui</strong></span> <span class='ocrx_word' id='word_1_129' title='bbox 436 1401 456 1445; x_wconf 91' lang='lat' dir='ltr'><strong>a</strong></span> <span class='ocrx_word' id='word_1_130' title='bbox 488 1379 576 1445; x_wconf 87' lang='lat' dir='ltr'><strong>Mose</strong></span> <span class='ocrx_word' id='word_1_131' title='bbox 616 1380 767 1446; x_wconf 86' lang='lat' dir='ltr'><strong>existimo</strong></span> <span class='ocrx_word' id='word_1_132' title='bbox 805 1399 903 1461; x_wconf 88' lang='lat' dir='ltr'><strong>quam</strong></span> <span class='ocrx_word' id='word_1_133' title='bbox 939 1380 973 1442; x_wconf 92' lang='lat' dir='ltr'><strong>in</strong></span> <span class='ocrx_word' id='word_1_134' title='bbox 1008 1378 1104 1444; x_wconf 90' lang='lat' dir='ltr'><strong>laude</strong></span> <span class='ocrx_word' id='word_1_135' title='bbox 1154 1379 1253 1444; x_wconf 77' lang='lat' dir='ltr'><strong>Hera</strong></span> <span class='ocrx_word' id='word_1_136' title='bbox 1270 1389 1498 1463; x_wconf 77' lang='lat' dir='ltr'>agnoscerent:</span> <span class='ocrx_word' id='word_1_137' title='bbox 1523 1380 1563 1445; x_wconf 89' lang='lat' dir='ltr'><strong>ab</strong></span> <span class='ocrx_word' id='word_1_138' title='bbox 1582 1401 1647 1444; x_wconf 93' lang='lat' dir='ltr'><strong>uno</strong></span> <span class='ocrx_word' id='word_1_139' title='bbox 1669 1388 1779 1446; x_wconf 88' lang='lat' dir='ltr'><strong>tamen</strong></span> <span class='ocrx_word' id='word_1_140' title='bbox 1801 1402 1844 1446; x_wconf 88' lang='lat' dir='ltr'><strong>ex</strong></span> <span class='ocrx_word' id='word_1_141' title='bbox 1864 1383 1932 1448; x_wconf 91' lang='lat' dir='ltr'><strong>suis</strong></span> <span class='ocrx_word' id='word_1_142' title='bbox 1954 1385 2125 1466; x_wconf 89' lang='lat' dir='ltr'><strong>manoipiis</strong></span> 
     </span>
     <span class='ocr_line' id='line_1_12' title="bbox 129 1463 2126 1550; baseline 0.002 -18"><span class='ocrx_word' id='word_1_143' title='bbox 129 1479 270 1532; x_wconf 89' lang='lat' dir='ltr'><strong>naturae</strong></span> <span class='ocrx_word' id='word_1_144' title='bbox 304 1467 381 1550; x_wconf 91' lang='lat' dir='ltr'><strong>poni</strong></span> <span class='ocrx_word' id='word_1_145' title='bbox 410 1465 497 1548; x_wconf 90' lang='lat' dir='ltr'><strong>qued</strong></span> <span class='ocrx_word' id='word_1_146' title='bbox 529 1466 619 1531; x_wconf 91' lang='lat' dir='ltr'><strong>Deus</strong></span> <span class='ocrx_word' id='word_1_147' title='bbox 646 1463 846 1548; x_wconf 78' lang='lat' dir='ltr'><strong>singularem</strong></span> <span class='ocrx_word' id='word_1_148' title='bbox 876 1464 953 1530; x_wconf 91' lang='lat' dir='ltr'><strong>buiu</strong></span> <span class='ocrx_word' id='word_1_149' title='bbox 982 1464 1105 1530; x_wconf 89' lang='lat' dir='ltr'><strong>bestiae</strong></span> <span class='ocrx_word' id='word_1_150' title='bbox 1154 1464 1271 1530; x_wconf 85' lang='lat' dir='ltr'><strong>abduoi</strong></span> <span class='ocrx_word' id='word_1_151' title='bbox 1299 1485 1335 1530; x_wconf 93' lang='lat' dir='ltr'><strong>se</strong></span> <span class='ocrx_word' id='word_1_152' title='bbox 1357 1467 1443 1548; x_wconf 89' lang='lat' dir='ltr'><strong>passi</strong></span> <span class='ocrx_word' id='word_1_153' title='bbox 1466 1465 1608 1530; x_wconf 90' lang='lat' dir='ltr'><strong>suntad</strong></span> <span class='ocrx_word' id='word_1_154' title='bbox 1630 1465 1854 1532; x_wconf 86' lang='lat' dir='ltr'><strong>rebellandum</strong></span> <span class='ocrx_word' id='word_1_155' title='bbox 1877 1468 1957 1534; x_wconf 89' lang='lat' dir='ltr'><strong>Deo.</strong></span> <span class='ocrx_word' id='word_1_156' title='bbox 1988 1467 2126 1549; x_wconf 91' lang='lat' dir='ltr'><strong>Quoties</strong></span> 
     </span>
     <span class='ocr_line' id='line_1_13' title="bbox 129 1550 2125 1634; baseline 0.002 -16"><span class='ocrx_word' id='word_1_157' title='bbox 129 1553 308 1631; x_wconf 90' lang='lat' dir='ltr'><strong>solertiam,</strong></span> <span class='ocrx_word' id='word_1_158' title='bbox 346 1565 381 1616; x_wconf 90' lang='lat' dir='ltr'><strong>ut</strong></span> <span class='ocrx_word' id='word_1_159' title='bbox 418 1572 496 1634; x_wconf 91' lang='lat' dir='ltr'><strong>prae</strong></span> <span class='ocrx_word' id='word_1_160' title='bbox 524 1551 597 1616; x_wconf 87' lang='lat' dir='ltr'><strong>aliis</strong></span> <span class='ocrx_word' id='word_1_161' title='bbox 633 1561 729 1616; x_wconf 87' lang='lat' dir='ltr'><strong>aeuta</strong></span> <span class='ocrx_word' id='word_1_162' title='bbox 754 1561 840 1614; x_wconf 89' lang='lat' dir='ltr'><strong>esset</strong></span> <span class='ocrx_word' id='word_1_163' title='bbox 866 1571 905 1616; x_wconf 89' lang='lat' dir='ltr'><strong>ae</strong></span> <span class='ocrx_word' id='word_1_164' title='bbox 921 1551 1102 1633; x_wconf 76' lang='lat' dir='ltr'><strong>perspicax,</strong></span> <span class='ocrx_word' id='word_1_165' title='bbox 1153 1550 1368 1616; x_wconf 76' lang='lat' dir='ltr'><strong>intuebantur</strong></span> <span class='ocrx_word' id='word_1_166' title='bbox 1384 1550 1537 1634; x_wconf 91' lang='lat' dir='ltr'><strong>quidquid</strong></span> <span class='ocrx_word' id='word_1_167' title='bbox 1556 1551 1745 1617; x_wconf 87' lang='lat' dir='ltr'><strong>animalium</strong></span> <span class='ocrx_word' id='word_1_168' title='bbox 1765 1551 1886 1617; x_wconf 91' lang='lat' dir='ltr'><strong>eratin</strong></span> <span class='ocrx_word' id='word_1_169' title='bbox 1905 1554 2036 1630; x_wconf 86' lang='lat' dir='ltr'><strong>mundo,</strong></span> <span class='ocrx_word' id='word_1_170' title='bbox 2055 1564 2125 1621; x_wconf 89' lang='lat' dir='ltr'><strong>tam</strong></span> 
     </span>
     <span class='ocr_line' id='line_1_14' title="bbox 127 1636 2126 1722; baseline 0.001 -18"><span class='ocrx_word' id='word_1_171' title='bbox 127 1637 308 1704; x_wconf 80' lang='lat' dir='ltr'><strong>indiderat:</strong></span> <span class='ocrx_word' id='word_1_172' title='bbox 327 1636 433 1703; x_wconf 92' lang='lat' dir='ltr'><strong>dotem</strong></span> <span class='ocrx_word' id='word_1_173' title='bbox 453 1658 532 1703; x_wconf 84' lang='lat' dir='ltr'><strong>vero</strong></span> <span class='ocrx_word' id='word_1_174' title='bbox 554 1637 697 1719; x_wconf 89' lang='lat' dir='ltr'><strong>serpenti</strong></span> <span class='ocrx_word' id='word_1_175' title='bbox 720 1636 879 1702; x_wconf 85' lang='lat' dir='ltr'><strong>divinitus</strong></span> <span class='ocrx_word' id='word_1_176' title='bbox 901 1636 1103 1710; x_wconf 87' lang='lat' dir='ltr'><strong>attributam,</strong></span> <span class='ocrx_word' id='word_1_177' title='bbox 1154 1656 1318 1702; x_wconf 89' lang='lat' dir='ltr'><strong>summum</strong></span> <span class='ocrx_word' id='word_1_178' title='bbox 1346 1636 1409 1701; x_wconf 92' lang='lat' dir='ltr'><strong>Dei</strong></span> <span class='ocrx_word' id='word_1_179' title='bbox 1447 1637 1620 1719; x_wconf 90' lang='lat' dir='ltr'><strong>imperium</strong></span> <span class='ocrx_word' id='word_1_180' title='bbox 1656 1658 1753 1720; x_wconf 91' lang='lat' dir='ltr'><strong>quam</strong></span> <span class='ocrx_word' id='word_1_181' title='bbox 1789 1638 1967 1722; x_wconf 86' lang='lat' dir='ltr'><strong>singularis</strong></span> <span class='ocrx_word' id='word_1_182' title='bbox 1996 1639 2126 1708; x_wconf 85' lang='lat' dir='ltr'><strong>bouitas</strong></span> 
     </span>
     <span class='ocr_line' id='line_1_15' title="bbox 129 1720 2126 1809; baseline 0.001 -19"><span class='ocrx_word' id='word_1_183' title='bbox 129 1725 171 1790; x_wconf 90' lang='lat' dir='ltr'><strong>ad</strong></span> <span class='ocrx_word' id='word_1_184' title='bbox 192 1722 423 1790; x_wconf 86' lang='lat' dir='ltr'><strong>suaslallaeias</strong></span> <span class='ocrx_word' id='word_1_185' title='bbox 439 1722 544 1788; x_wconf 84' lang='lat' dir='ltr'><strong>Satan</strong></span> <span class='ocrx_word' id='word_1_186' title='bbox 561 1722 733 1788; x_wconf 86' lang='lat' dir='ltr'><strong>eonvertit.</strong></span> <span class='ocrx_word' id='word_1_187' title='bbox 763 1722 1104 1804; x_wconf 81' lang='lat' dir='ltr'><strong>Arguteearillantur</strong></span> <span class='ocrx_word' id='word_1_188' title='bbox 1155 1722 1189 1785; x_wconf 90' lang='lat' dir='ltr'><strong>in</strong></span> <span class='ocrx_word' id='word_1_189' title='bbox 1219 1732 1361 1786; x_wconf 91' lang='lat' dir='ltr'><strong>mentem</strong></span> <span class='ocrx_word' id='word_1_190' title='bbox 1384 1722 1450 1786; x_wconf 92' lang='lat' dir='ltr'><strong>illis</strong></span> <span class='ocrx_word' id='word_1_191' title='bbox 1473 1723 1586 1787; x_wconf 86' lang='lat' dir='ltr'><strong>venire</strong></span> <span class='ocrx_word' id='word_1_192' title='bbox 1609 1720 1758 1788; x_wconf 89' lang='lat' dir='ltr'><strong>debebat:</strong></span> <span class='ocrx_word' id='word_1_193' title='bbox 1789 1734 1905 1789; x_wconf 84' lang='lat' dir='ltr'><strong>eontra</strong></span> <span class='ocrx_word' id='word_1_194' title='bbox 1926 1747 2020 1809; x_wconf 84' lang='lat' dir='ltr'><strong>vero,</strong></span> <span class='ocrx_word' id='word_1_195' title='bbox 2047 1726 2126 1792; x_wconf 87' lang='lat' dir='ltr'><strong>dum</strong></span> 
     </span>
     <span class='ocr_line' id='line_1_16' title="bbox 126 1805 2125 1894; baseline 0.001 -18"><span class='ocrx_word' id='word_1_196' title='bbox 126 1809 296 1888; x_wconf 77' lang='lat' dir='ltr'><strong>nonnulli,</strong></span> <span class='ocrx_word' id='word_1_197' title='bbox 326 1817 456 1874; x_wconf 85' lang='lat' dir='ltr'><strong>exstare</strong></span> <span class='ocrx_word' id='word_1_198' title='bbox 479 1829 567 1874; x_wconf 90' lang='lat' dir='ltr'><strong>nuno</strong></span> <span class='ocrx_word' id='word_1_199' title='bbox 600 1809 635 1872; x_wconf 90' lang='lat' dir='ltr'><strong>in</strong></span> <span class='ocrx_word' id='word_1_200' title='bbox 663 1807 776 1873; x_wconf 88' lang='lat' dir='ltr'><strong>multis</strong></span> <span class='ocrx_word' id='word_1_201' title='bbox 804 1806 1000 1872; x_wconf 78' lang='lat' dir='ltr'><strong>animalibus</strong></span> <span class='ocrx_word' id='word_1_202' title='bbox 1029 1808 1104 1890; x_wconf 92' lang='lat' dir='ltr'><strong>plus</strong></span> <span class='ocrx_word' id='word_1_203' title='bbox 1155 1814 1340 1889; x_wconf 78' lang='lat' dir='ltr'><strong>serpentem</strong></span> <span class='ocrx_word' id='word_1_204' title='bbox 1384 1805 1500 1872; x_wconf 86' lang='lat' dir='ltr'><strong>vident</strong></span> <span class='ocrx_word' id='word_1_205' title='bbox 1534 1807 1574 1872; x_wconf 88' lang='lat' dir='ltr'><strong>ab</strong></span> <span class='ocrx_word' id='word_1_206' title='bbox 1604 1809 1718 1892; x_wconf 89' lang='lat' dir='ltr'><strong>opifioe</strong></span> <span class='ocrx_word' id='word_1_207' title='bbox 1747 1829 1806 1874; x_wconf 90' lang='lat' dir='ltr'><strong>suo</strong></span> <span class='ocrx_word' id='word_1_208' title='bbox 1834 1830 1905 1876; x_wconf 89' lang='lat' dir='ltr'><strong>esse</strong></span> <span class='ocrx_word' id='word_1_209' title='bbox 1933 1821 2125 1894; x_wconf 87' lang='lat' dir='ltr'><strong>apostatam,</strong></span> 
     </span>
     <span class='ocr_line' id='line_1_17' title="bbox 127 1891 2126 1980; baseline 0 -18"><span class='ocrx_word' id='word_1_210' title='bbox 127 1898 281 1962; x_wconf 87' lang='lat' dir='ltr'><strong>astutiae.</strong></span> <span class='ocrx_word' id='word_1_211' title='bbox 320 1894 448 1975; x_wconf 78' lang='lat' dir='ltr'><strong>Quibus</strong></span> <span class='ocrx_word' id='word_1_212' title='bbox 470 1915 530 1978; x_wconf 88' lang='lat' dir='ltr'><strong>ego</strong></span> <span class='ocrx_word' id='word_1_213' title='bbox 551 1892 738 1975; x_wconf 84' lang='lat' dir='ltr'><strong>respondeo,</strong></span> <span class='ocrx_word' id='word_1_214' title='bbox 764 1891 845 1958; x_wconf 88' lang='lat' dir='ltr'><strong>nihil</strong></span> <span class='ocrx_word' id='word_1_215' title='bbox 874 1893 942 1956; x_wconf 85' lang='lat' dir='ltr'><strong>fore</strong></span> <span class='ocrx_word' id='word_1_216' title='bbox 971 1893 1106 1959; x_wconf 82' lang='lat' dir='ltr'><strong>absurdi</strong></span> <span class='ocrx_word' id='word_1_217' title='bbox 1155 1914 1219 1957; x_wconf 93' lang='lat' dir='ltr'><strong>non</strong></span> <span class='ocrx_word' id='word_1_218' title='bbox 1240 1892 1335 1958; x_wconf 94' lang='lat' dir='ltr'><strong>modo</strong></span> <span class='ocrx_word' id='word_1_219' title='bbox 1351 1913 1473 1976; x_wconf 88' lang='lat' dir='ltr'><strong>poenas</strong></span> <span class='ocrx_word' id='word_1_220' title='bbox 1491 1913 1557 1958; x_wconf 93' lang='lat' dir='ltr'><strong>non</strong></span> <span class='ocrx_word' id='word_1_221' title='bbox 1575 1903 1721 1972; x_wconf 90' lang='lat' dir='ltr'><strong>sumunt,</strong></span> <span class='ocrx_word' id='word_1_222' title='bbox 1740 1893 1796 1959; x_wconf 92' lang='lat' dir='ltr'><strong>sed</strong></span> <span class='ocrx_word' id='word_1_223' title='bbox 1813 1905 1925 1961; x_wconf 89' lang='lat' dir='ltr'><strong>eontra</strong></span> <span class='ocrx_word' id='word_1_224' title='bbox 1942 1897 2126 1980; x_wconf 83' lang='lat' dir='ltr'><strong>legitimum</strong></span> 
     </span>
     <span class='ocr_line' id='line_1_18' title="bbox 126 1977 2126 2066; baseline 0.001 -18"><span class='ocrx_word' id='word_1_225' title='bbox 126 1981 328 2048; x_wconf 88' lang='lat' dir='ltr'><strong>sidieamus</strong></span> <span class='ocrx_word' id='word_1_226' title='bbox 361 1978 544 2046; x_wconf 90' lang='lat' dir='ltr'><strong>detraetum</strong></span> <span class='ocrx_word' id='word_1_227' title='bbox 579 1980 677 2044; x_wconf 80' lang='lat' dir='ltr'><strong>luisse</strong></span> <span class='ocrx_word' id='word_1_228' title='bbox 704 1979 849 2060; x_wconf 86' lang='lat' dir='ltr'><strong>serpenti</strong></span> <span class='ocrx_word' id='word_1_229' title='bbox 870 1977 991 2044; x_wconf 90' lang='lat' dir='ltr'><strong>donum</strong></span> <span class='ocrx_word' id='word_1_230' title='bbox 1019 1978 1106 2061; x_wconf 91' lang='lat' dir='ltr'><strong>qued</strong></span> <span class='ocrx_word' id='word_1_231' title='bbox 1156 1977 1303 2042; x_wconf 88' lang='lat' dir='ltr'><strong>ordinem</strong></span> <span class='ocrx_word' id='word_1_232' title='bbox 1337 2000 1372 2044; x_wconf 87' lang='lat' dir='ltr'><strong>ee</strong></span> <span class='ocrx_word' id='word_1_233' title='bbox 1405 1979 1454 2042; x_wconf 90' lang='lat' dir='ltr'><strong>illi</strong></span> <span class='ocrx_word' id='word_1_234' title='bbox 1483 1979 1659 2044; x_wconf 90' lang='lat' dir='ltr'><strong>subiiuiuut</strong></span> <span class='ocrx_word' id='word_1_235' title='bbox 1688 1988 1722 2044; x_wconf 92' lang='lat' dir='ltr'><strong>et</strong></span> <span class='ocrx_word' id='word_1_236' title='bbox 1743 1980 1913 2059; x_wconf 78' lang='lat' dir='ltr'><strong>addicunt,</strong></span> <span class='ocrx_word' id='word_1_237' title='bbox 1945 1983 2126 2066; x_wconf 86' lang='lat' dir='ltr'><strong>apostasiae</strong></span> 
     </span>
     <span class='ocr_line' id='line_1_19' title="bbox 127 2063 2127 2152; baseline 0 -20"><span class='ocrx_word' id='word_1_238' title='bbox 127 2067 264 2133; x_wconf 85' lang='lat' dir='ltr'><strong>exitiale</strong></span> <span class='ocrx_word' id='word_1_239' title='bbox 313 2067 426 2149; x_wconf 80' lang='lat' dir='ltr'><strong>generi</strong></span> <span class='ocrx_word' id='word_1_240' title='bbox 472 2064 615 2130; x_wconf 88' lang='lat' dir='ltr'><strong>hnmano</strong></span> <span class='ocrx_word' id='word_1_241' title='bbox 658 2065 780 2129; x_wconf 84' lang='lat' dir='ltr'><strong>iuerat:</strong></span> <span class='ocrx_word' id='word_1_242' title='bbox 832 2063 1105 2146; x_wconf 89' lang='lat' dir='ltr'><strong>quemadmodum</strong></span> <span class='ocrx_word' id='word_1_243' title='bbox 1155 2063 1306 2128; x_wconf 86' lang='lat' dir='ltr'><strong>eiusdem</strong></span> <span class='ocrx_word' id='word_1_244' title='bbox 1337 2065 1483 2140; x_wconf 77' lang='lat' dir='ltr'><strong>comites,</strong></span> <span class='ocrx_word' id='word_1_245' title='bbox 1530 2064 1592 2129; x_wconf 88' lang='lat' dir='ltr'><strong>hae</strong></span> <span class='ocrx_word' id='word_1_246' title='bbox 1621 2072 1713 2130; x_wconf 88' lang='lat' dir='ltr'><strong>tanta</strong></span> <span class='ocrx_word' id='word_1_247' title='bbox 1742 2065 1904 2146; x_wconf 87' lang='lat' dir='ltr'><strong>pravitate</strong></span> <span class='ocrx_word' id='word_1_248' title='bbox 1939 2067 2016 2151; x_wconf 93' lang='lat' dir='ltr'><strong>quid</strong></span> <span class='ocrx_word' id='word_1_249' title='bbox 2044 2068 2127 2152; x_wconf 87' lang='lat' dir='ltr'><strong>fingi</strong></span> 
     </span>
     <span class='ocr_line' id='line_1_20' title="bbox 127 2148 2125 2238; baseline 0.001 -20"><span class='ocrx_word' id='word_1_250' title='bbox 127 2163 243 2237; x_wconf 91' lang='lat' dir='ltr'><strong>postea</strong></span> <span class='ocrx_word' id='word_1_251' title='bbox 261 2152 453 2231; x_wconf 87' lang='lat' dir='ltr'><strong>ridebimus,</strong></span> <span class='ocrx_word' id='word_1_252' title='bbox 476 2159 623 2234; x_wconf 87' lang='lat' dir='ltr'><strong>sumptas</strong></span> <span class='ocrx_word' id='word_1_253' title='bbox 640 2149 743 2216; x_wconf 81' lang='lat' dir='ltr'><strong>luisse</strong></span> <span class='ocrx_word' id='word_1_254' title='bbox 761 2150 844 2215; x_wconf 89' lang='lat' dir='ltr'><strong>alias</strong></span> <span class='ocrx_word' id='word_1_255' title='bbox 859 2169 986 2232; x_wconf 90' lang='lat' dir='ltr'><strong>quoque</strong></span> <span class='ocrx_word' id='word_1_256' title='bbox 1004 2150 1045 2215; x_wconf 94' lang='lat' dir='ltr'><strong>de</strong></span> <span class='ocrx_word' id='word_1_257' title='bbox 1066 2170 1105 2216; x_wconf 91' lang='lat' dir='ltr'><strong>eo</strong></span> <span class='ocrx_word' id='word_1_258' title='bbox 1154 2159 1262 2232; x_wconf 85' lang='lat' dir='ltr'><strong>potest</strong></span> <span class='ocrx_word' id='word_1_259' title='bbox 1273 2148 1464 2232; x_wconf 87' lang='lat' dir='ltr'><strong>indignius?</strong></span> <span class='ocrx_word' id='word_1_260' title='bbox 1488 2150 1540 2215; x_wconf 90' lang='lat' dir='ltr'><strong>Ita</strong></span> <span class='ocrx_word' id='word_1_261' title='bbox 1551 2152 1712 2232; x_wconf 88' lang='lat' dir='ltr'><strong>serpentis</strong></span> <span class='ocrx_word' id='word_1_262' title='bbox 1724 2170 1842 2216; x_wconf 91' lang='lat' dir='ltr'><strong>nomen</strong></span> <span class='ocrx_word' id='word_1_263' title='bbox 1860 2172 1925 2217; x_wconf 91' lang='lat' dir='ltr'><strong>non</strong></span> <span class='ocrx_word' id='word_1_264' title='bbox 1943 2154 2125 2238; x_wconf 88' lang='lat' dir='ltr'><strong>allegoriae.</strong></span> 
     </span>
     <span class='ocr_line' id='line_1_21' title="bbox 126 2233 2128 2322; baseline 0 -18"><span class='ocrx_word' id='word_1_265' title='bbox 126 2259 262 2322; x_wconf 86' lang='lat' dir='ltr'><strong>poenas.</strong></span> <span class='ocrx_word' id='word_1_266' title='bbox 296 2237 493 2320; x_wconf 76' lang='lat' dir='ltr'><strong>Quanquam</strong></span> <span class='ocrx_word' id='word_1_267' title='bbox 513 2256 578 2302; x_wconf 92' lang='lat' dir='ltr'><strong>non</strong></span> <span class='ocrx_word' id='word_1_268' title='bbox 596 2236 737 2301; x_wconf 90' lang='lat' dir='ltr'><strong>multum</strong></span> <span class='ocrx_word' id='word_1_269' title='bbox 754 2237 789 2300; x_wconf 90' lang='lat' dir='ltr'><strong>in</strong></span> <span class='ocrx_word' id='word_1_270' title='bbox 808 2235 869 2300; x_wconf 88' lang='lat' dir='ltr'><strong>hue</strong></span> <span class='ocrx_word' id='word_1_271' title='bbox 886 2233 1105 2318; x_wconf 89' lang='lat' dir='ltr'><strong>deseriptione</strong></span> <span class='ocrx_word' id='word_1_272' title='bbox 1154 2243 1193 2299; x_wconf 92' lang='lat' dir='ltr'><strong>ut</strong></span> <span class='ocrx_word' id='word_1_273' title='bbox 1225 2235 1358 2318; x_wconf 88' lang='lat' dir='ltr'><strong>quidam</strong></span> <span class='ocrx_word' id='word_1_274' title='bbox 1393 2237 1502 2318; x_wconf 88' lang='lat' dir='ltr'><strong>inepte</strong></span> <span class='ocrx_word' id='word_1_275' title='bbox 1532 2236 1673 2318; x_wconf 85' lang='lat' dir='ltr'><strong>laniunt,</strong></span> <span class='ocrx_word' id='word_1_276' title='bbox 1706 2235 1763 2300; x_wconf 91' lang='lat' dir='ltr'><strong>sed</strong></span> <span class='ocrx_word' id='word_1_277' title='bbox 1796 2237 1830 2300; x_wconf 91' lang='lat' dir='ltr'><strong>in</strong></span> <span class='ocrx_word' id='word_1_278' title='bbox 1858 2241 2002 2321; x_wconf 87' lang='lat' dir='ltr'><strong>genuino</strong></span> <span class='ocrx_word' id='word_1_279' title='bbox 2027 2259 2128 2305; x_wconf 88' lang='lat' dir='ltr'><strong>sensu</strong></span> 
     </span>
     <span class='ocr_line' id='line_1_22' title="bbox 128 2321 2127 2406; baseline 0 -16"><span class='ocrx_word' id='word_1_280' title='bbox 128 2326 266 2390; x_wconf 78' lang='lat' dir='ltr'><strong>variam</strong></span> <span class='ocrx_word' id='word_1_281' title='bbox 293 2343 313 2388; x_wconf 90' lang='lat' dir='ltr'><strong>a</strong></span> <span class='ocrx_word' id='word_1_282' title='bbox 339 2323 428 2388; x_wconf 89' lang='lat' dir='ltr'><strong>Mose</strong></span> <span class='ocrx_word' id='word_1_283' title='bbox 464 2321 659 2406; x_wconf 83' lang='lat' dir='ltr'><strong>uoographi:</strong></span> <span class='ocrx_word' id='word_1_284' title='bbox 691 2331 724 2386; x_wconf 91' lang='lat' dir='ltr'><strong>et</strong></span> <span class='ocrx_word' id='word_1_285' title='bbox 752 2322 956 2404; x_wconf 85' lang='lat' dir='ltr'><strong>experientia</strong></span> <span class='ocrx_word' id='word_1_286' title='bbox 982 2322 1104 2404; x_wconf 89' lang='lat' dir='ltr'><strong>optime</strong></span> <span class='ocrx_word' id='word_1_287' title='bbox 1155 2321 1286 2403; x_wconf 87' lang='lat' dir='ltr'><strong>aoeipio.</strong></span> <span class='ocrx_word' id='word_1_288' title='bbox 1331 2321 1497 2386; x_wconf 82' lang='lat' dir='ltr'><strong>Mirantur</strong></span> <span class='ocrx_word' id='word_1_289' title='bbox 1526 2323 1624 2386; x_wconf 88' lang='lat' dir='ltr'><strong>etiam</strong></span> <span class='ocrx_word' id='word_1_290' title='bbox 1648 2322 1794 2404; x_wconf 89' lang='lat' dir='ltr'><strong>plerique</strong></span> <span class='ocrx_word' id='word_1_291' title='bbox 1813 2323 1899 2404; x_wconf 90' lang='lat' dir='ltr'><strong>quod</strong></span> <span class='ocrx_word' id='word_1_292' title='bbox 1922 2323 2025 2392; x_wconf 88' lang='lat' dir='ltr'><strong>Moses</strong></span> <span class='ocrx_word' id='word_1_293' title='bbox 2047 2325 2127 2390; x_wconf 91' lang='lat' dir='ltr'><strong>sim·</strong></span> 
     </span>
     <span class='ocr_line' id='line_1_23' title="bbox 127 2405 2128 2493; baseline 0 -18"><span class='ocrx_word' id='word_1_294' title='bbox 127 2410 317 2493; x_wconf 80' lang='lat' dir='ltr'><strong>respondet.</strong></span> <span class='ocrx_word' id='word_1_295' title='bbox 354 2408 420 2474; x_wconf 89' lang='lat' dir='ltr'><strong>Neo</strong></span> <span class='ocrx_word' id='word_1_296' title='bbox 451 2428 530 2474; x_wconf 83' lang='lat' dir='ltr'><strong>vero</strong></span> <span class='ocrx_word' id='word_1_297' title='bbox 561 2409 684 2472; x_wconf 65' lang='lat' dir='ltr'><strong>flustra</strong></span> <span class='ocrx_word' id='word_1_298' title='bbox 713 2406 878 2472; x_wconf 90' lang='lat' dir='ltr'><strong>Dominus</strong></span> <span class='ocrx_word' id='word_1_299' title='bbox 909 2426 986 2472; x_wconf 89' lang='lat' dir='ltr'><strong>suos</strong></span> <span class='ocrx_word' id='word_1_300' title='bbox 1016 2408 1105 2473; x_wconf 89' lang='lat' dir='ltr'><strong>iubet</strong></span> <span class='ocrx_word' id='word_1_301' title='bbox 1154 2405 1282 2487; x_wconf 79' lang='lat' dir='ltr'><strong>pliciter</strong></span> <span class='ocrx_word' id='word_1_302' title='bbox 1304 2415 1338 2471; x_wconf 94' lang='lat' dir='ltr'><strong>et</strong></span> <span class='ocrx_word' id='word_1_303' title='bbox 1359 2407 1452 2489; x_wconf 90' lang='lat' dir='ltr'><strong>quasi</strong></span> <span class='ocrx_word' id='word_1_304' title='bbox 1474 2427 1514 2472; x_wconf 82' lang='lat' dir='ltr'><strong>ex</strong></span> <span class='ocrx_word' id='word_1_305' title='bbox 1537 2407 1674 2490; x_wconf 88' lang='lat' dir='ltr'><strong>abrupto</strong></span> <span class='ocrx_word' id='word_1_306' title='bbox 1696 2416 1808 2472; x_wconf 89' lang='lat' dir='ltr'><strong>narret</strong></span> <span class='ocrx_word' id='word_1_307' title='bbox 1820 2407 1962 2476; x_wconf 84' lang='lat' dir='ltr'><strong>Satanae</strong></span> <span class='ocrx_word' id='word_1_308' title='bbox 1982 2411 2128 2493; x_wconf 86' lang='lat' dir='ltr'><strong>impulsu</strong></span> 
     </span>
     <span class='ocr_line' id='line_1_24' title="bbox 126 2491 2129 2579; baseline 0 -19"><span class='ocrx_word' id='word_1_309' title='bbox 126 2495 308 2579; x_wconf 88' lang='lat' dir='ltr'><strong>prudentes</strong></span> <span class='ocrx_word' id='word_1_310' title='bbox 336 2516 407 2560; x_wconf 91' lang='lat' dir='ltr'><strong>esse</strong></span> <span class='ocrx_word' id='word_1_311' title='bbox 429 2497 589 2577; x_wconf 67' lang='lat' dir='ltr'><strong>tanquam*</strong></span> <span class='ocrx_word' id='word_1_312' title='bbox 607 2501 783 2574; x_wconf 87' lang='lat' dir='ltr'><strong>serpentes.</strong></span> <span class='ocrx_word' id='word_1_313' title='bbox 828 2491 1014 2577; x_wconf 83' lang='lat' dir='ltr'><strong>(MatblO,</strong></span> <span class='ocrx_word' id='word_1_314' title='bbox 1039 2491 1103 2578; x_wconf 90' lang='grc'><strong>16.)</strong></span> <span class='ocrx_word' id='word_1_315' title='bbox 1154 2491 1190 2555; x_wconf 92' lang='lat' dir='ltr'><strong>in</strong></span> <span class='ocrx_word' id='word_1_316' title='bbox 1224 2505 1393 2556; x_wconf 90' lang='lat' dir='ltr'><strong>aeternum</strong></span> <span class='ocrx_word' id='word_1_317' title='bbox 1424 2494 1559 2558; x_wconf 83' lang='lat' dir='ltr'><strong>exitium</strong></span> <span class='ocrx_word' id='word_1_318' title='bbox 1591 2492 1744 2560; x_wconf 91' lang='lat' dir='ltr'><strong>oeaidisse</strong></span> <span class='ocrx_word' id='word_1_319' title='bbox 1773 2493 1936 2560; x_wconf 89' lang='lat' dir='ltr'><strong>homines:</strong></span> <span class='ocrx_word' id='word_1_320' title='bbox 1969 2494 2129 2578; x_wconf 90' lang='lat' dir='ltr'><strong>quomodo</strong></span> 
     </span>
     <span class='ocr_line' id='line_1_25' title="bbox 127 2576 2128 2663; baseline -0 -16"><span class='ocrx_word' id='word_1_321' title='bbox 127 2581 198 2647; x_wconf 84' lang='lat' dir='ltr'><strong>Sed</strong></span> <span class='ocrx_word' id='word_1_322' title='bbox 216 2582 347 2646; x_wconf 79' lang='lat' dir='ltr'><strong>videtur</strong></span> <span class='ocrx_word' id='word_1_323' title='bbox 364 2599 478 2663; x_wconf 88' lang='lat' dir='ltr'><strong>parum</strong></span> <span class='ocrx_word' id='word_1_324' title='bbox 498 2579 616 2644; x_wconf 88' lang='lat' dir='ltr'><strong>rationi</strong></span> <span class='ocrx_word' id='word_1_325' title='bbox 633 2587 898 2656; x_wconf 88' lang='lat' dir='ltr'><strong>eonsenteneum,</strong></span> <span class='ocrx_word' id='word_1_326' title='bbox 918 2588 1101 2662; x_wconf 85' lang='lat' dir='ltr'><strong>serpentem</strong></span> <span class='ocrx_word' id='word_1_327' title='bbox 1155 2587 1264 2641; x_wconf 88' lang='lat' dir='ltr'><strong>autem</strong></span> <span class='ocrx_word' id='word_1_328' title='bbox 1297 2598 1318 2642; x_wconf 89' lang='lat' dir='ltr'><strong>a</strong></span> <span class='ocrx_word' id='word_1_329' title='bbox 1350 2576 1423 2642; x_wconf 90' lang='lat' dir='ltr'><strong>Deo</strong></span> <span class='ocrx_word' id='word_1_330' title='bbox 1455 2577 1614 2661; x_wconf 89' lang='lat' dir='ltr'><strong>impulsor</strong></span> <span class='ocrx_word' id='word_1_331' title='bbox 1645 2579 1715 2661; x_wconf 91' lang='lat' dir='ltr'><strong>ipse</strong></span> <span class='ocrx_word' id='word_1_332' title='bbox 1748 2577 1919 2658; x_wconf 88' lang='lat' dir='ltr'><strong>defeeerit,</strong></span> <span class='ocrx_word' id='word_1_333' title='bbox 1953 2602 1995 2647; x_wconf 92' lang='lat' dir='ltr'><strong>ne</strong></span> <span class='ocrx_word' id='word_1_334' title='bbox 2026 2581 2128 2648; x_wconf 86' lang='lat' dir='ltr'><strong>verbo</strong></span> 
     </span>
     <span class='ocr_line' id='line_1_26' title="bbox 125 2661 2128 2749; baseline 0 -18"><span class='ocrx_word' id='word_1_335' title='bbox 125 2667 184 2733; x_wconf 89' lang='lat' dir='ltr'><strong>hio</strong></span> <span class='ocrx_word' id='word_1_336' title='bbox 203 2667 308 2732; x_wconf 89' lang='lat' dir='ltr'><strong>solum</strong></span> <span class='ocrx_word' id='word_1_337' title='bbox 326 2665 447 2744; x_wconf 89' lang='lat' dir='ltr'><strong>induei,</strong></span> <span class='ocrx_word' id='word_1_338' title='bbox 465 2685 641 2749; x_wconf 87' lang='lat' dir='ltr'><strong>suppressa</strong></span> <span class='ocrx_word' id='word_1_339' title='bbox 659 2665 748 2730; x_wconf 92' lang='lat' dir='ltr'><strong>omui</strong></span> <span class='ocrx_word' id='word_1_340' title='bbox 761 2661 904 2730; x_wconf 84' lang='lat' dir='ltr'><strong>Satanae</strong></span> <span class='ocrx_word' id='word_1_341' title='bbox 927 2666 1100 2730; x_wconf 89' lang='lat' dir='ltr'><strong>mentione.</strong></span> <span class='ocrx_word' id='word_1_342' title='bbox 1154 2662 1284 2745; x_wconf 87' lang='lat' dir='ltr'><strong>quidem</strong></span> <span class='ocrx_word' id='word_1_343' title='bbox 1302 2665 1454 2747; x_wconf 87' lang='lat' dir='ltr'><strong>attingat.</strong></span> <span class='ocrx_word' id='word_1_344' title='bbox 1488 2667 1598 2747; x_wconf 82' lang='lat' dir='ltr'><strong>Atque</strong></span> <span class='ocrx_word' id='word_1_345' title='bbox 1620 2664 1697 2729; x_wconf 91' lang='lat' dir='ltr'><strong>inde</strong></span> <span class='ocrx_word' id='word_1_346' title='bbox 1719 2664 1841 2730; x_wconf 86' lang='lat' dir='ltr'><strong>fautum</strong></span> <span class='ocrx_word' id='word_1_347' title='bbox 1865 2675 1915 2730; x_wconf 91' lang='lat' dir='ltr'><strong>est</strong></span> <span class='ocrx_word' id='word_1_348' title='bbox 1938 2676 1975 2732; x_wconf 91' lang='lat' dir='ltr'><strong>ut</strong></span> <span class='ocrx_word' id='word_1_349' title='bbox 1995 2667 2128 2732; x_wconf 85' lang='lat' dir='ltr'><strong>fanatiui</strong></span> 
     </span>
     <span class='ocr_line' id='line_1_27' title="bbox 124 2747 2130 2835; baseline -0.002 -18"><span class='ocrx_word' id='word_1_350' title='bbox 124 2753 252 2818; x_wconf 83' lang='lat' dir='ltr'><strong>Fateor</strong></span> <span class='ocrx_word' id='word_1_351' title='bbox 280 2750 411 2834; x_wconf 91' lang='lat' dir='ltr'><strong>quidem</strong></span> <span class='ocrx_word' id='word_1_352' title='bbox 444 2773 486 2816; x_wconf 83' lang='lat' dir='ltr'><strong>ex</strong></span> <span class='ocrx_word' id='word_1_353' title='bbox 514 2750 574 2816; x_wconf 90' lang='lat' dir='ltr'><strong>hou</strong></span> <span class='ocrx_word' id='word_1_354' title='bbox 601 2771 669 2816; x_wconf 93' lang='lat' dir='ltr'><strong>uno</strong></span> <span class='ocrx_word' id='word_1_355' title='bbox 697 2750 766 2815; x_wconf 91' lang='lat' dir='ltr'><strong>loeo</strong></span> <span class='ocrx_word' id='word_1_356' title='bbox 788 2771 855 2814; x_wconf 94' lang='lat' dir='ltr'><strong>non</strong></span> <span class='ocrx_word' id='word_1_357' title='bbox 877 2770 973 2833; x_wconf 89' lang='lat' dir='ltr'><strong>posse</strong></span> <span class='ocrx_word' id='word_1_358' title='bbox 994 2748 1102 2833; x_wconf 85' lang='lat' dir='ltr'><strong>eolligi</strong></span> <span class='ocrx_word' id='word_1_359' title='bbox 1155 2747 1305 2813; x_wconf 89' lang='lat' dir='ltr'><strong>homines</strong></span> <span class='ocrx_word' id='word_1_360' title='bbox 1325 2748 1482 2814; x_wconf 84' lang='lat' dir='ltr'><strong>Satanam</strong></span> <span class='ocrx_word' id='word_1_361' title='bbox 1506 2750 1629 2814; x_wconf 87' lang='lat' dir='ltr'><strong>melum</strong></span> <span class='ocrx_word' id='word_1_362' title='bbox 1660 2759 1693 2814; x_wconf 92' lang='lat' dir='ltr'><strong>et</strong></span> <span class='ocrx_word' id='word_1_363' title='bbox 1721 2769 1924 2835; x_wconf 83' lang='lat' dir='ltr'><strong>perversum,</strong></span> <span class='ocrx_word' id='word_1_364' title='bbox 1946 2751 2050 2834; x_wconf 88' lang='lat' dir='ltr'><strong>qualis</strong></span> <span class='ocrx_word' id='word_1_365' title='bbox 2072 2753 2130 2818; x_wconf 65' lang='lat' dir='ltr'><strong>hie,</strong></span> 
     </span>
     <span class='ocr_line' id='line_1_28' title="bbox 125 2832 2127 2921; baseline 0 -19"><span class='ocrx_word' id='word_1_366' title='bbox 125 2838 218 2904; x_wconf 90' lang='lat' dir='ltr'><strong>aliud</strong></span> <span class='ocrx_word' id='word_1_367' title='bbox 259 2859 356 2920; x_wconf 90' lang='lat' dir='ltr'><strong>quam</strong></span> <span class='ocrx_word' id='word_1_368' title='bbox 393 2836 543 2902; x_wconf 91' lang='lat' dir='ltr'><strong>homines</strong></span> <span class='ocrx_word' id='word_1_369' title='bbox 574 2857 594 2900; x_wconf 88' lang='lat' dir='ltr'><strong>a</strong></span> <span class='ocrx_word' id='word_1_370' title='bbox 624 2845 776 2919; x_wconf 88' lang='lat' dir='ltr'><strong>serpente</strong></span> <span class='ocrx_word' id='word_1_371' title='bbox 806 2835 909 2900; x_wconf 86' lang='lat' dir='ltr'><strong>fuisse</strong></span> <span class='ocrx_word' id='word_1_372' title='bbox 942 2833 1101 2919; x_wconf 87' lang='lat' dir='ltr'><strong>deeeptus.</strong></span> <span class='ocrx_word' id='word_1_373' title='bbox 1155 2832 1364 2914; x_wconf 89' lang='lat' dir='ltr'><strong>deseribitnr‚</strong></span> <span class='ocrx_word' id='word_1_374' title='bbox 1404 2834 1571 2901; x_wconf 90' lang='lat' dir='ltr'><strong>eonditum</strong></span> <span class='ocrx_word' id='word_1_375' title='bbox 1612 2835 1713 2902; x_wconf 86' lang='lat' dir='ltr'><strong>fuisse</strong></span> <span class='ocrx_word' id='word_1_376' title='bbox 1755 2837 1966 2902; x_wconf 89' lang='lat' dir='ltr'><strong>somniarent.</strong></span> <span class='ocrx_word' id='word_1_377' title='bbox 2024 2837 2127 2921; x_wconf 85' lang='lat' dir='ltr'><strong>Atqui</strong></span> 
     </span>
     <span class='ocr_line' id='line_1_29' title="bbox 123 2917 2127 3006; baseline 0 -18"><span class='ocrx_word' id='word_1_378' title='bbox 123 2925 257 2989; x_wconf 88' lang='lat' dir='ltr'><strong>Verum</strong></span> <span class='ocrx_word' id='word_1_379' title='bbox 279 2925 358 2988; x_wconf 89' lang='lat' dir='ltr'><strong>satis</strong></span> <span class='ocrx_word' id='word_1_380' title='bbox 380 2923 485 2986; x_wconf 90' lang='lat' dir='ltr'><strong>multa</strong></span> <span class='ocrx_word' id='word_1_381' title='bbox 507 2931 585 2987; x_wconf 92' lang='lat' dir='ltr'><strong>sunt</strong></span> <span class='ocrx_word' id='word_1_382' title='bbox 605 2923 785 3004; x_wconf 89' lang='lat' dir='ltr'><strong>seripturae</strong></span> <span class='ocrx_word' id='word_1_383' title='bbox 807 2921 1007 2996; x_wconf 87' lang='lat' dir='ltr'><strong>testimonia,</strong></span> <span class='ocrx_word' id='word_1_384' title='bbox 1031 2922 1102 3003; x_wconf 90' lang='lat' dir='ltr'><strong>qui·</strong></span> <span class='ocrx_word' id='word_1_385' title='bbox 1155 2917 1297 2986; x_wconf 84' lang='lat' dir='ltr'><strong>Satanae</strong></span> <span class='ocrx_word' id='word_1_386' title='bbox 1324 2919 1460 2986; x_wconf 85' lang='lat' dir='ltr'><strong>defeotio</strong></span> <span class='ocrx_word' id='word_1_387' title='bbox 1489 2922 1562 2986; x_wconf 89' lang='lat' dir='ltr'><strong>aliis</strong></span> <span class='ocrx_word' id='word_1_388' title='bbox 1590 2922 1771 3005; x_wconf 76' lang='lat' dir='ltr'><strong>scripturae</strong></span> <span class='ocrx_word' id='word_1_389' title='bbox 1792 2922 1871 2988; x_wconf 88' lang='lat' dir='ltr'><strong>loeis</strong></span> <span class='ocrx_word' id='word_1_390' title='bbox 1892 2923 2065 3006; x_wconf 89' lang='lat' dir='ltr'><strong>probatur,</strong></span> <span class='ocrx_word' id='word_1_391' title='bbox 2094 2933 2127 2989; x_wconf 88' lang='lat' dir='ltr'><strong>et</strong></span> 
     </span>
     <span class='ocr_line' id='line_1_30' title="bbox 124 3005 2126 3092; baseline 0 -18"><span class='ocrx_word' id='word_1_392' title='bbox 124 3010 191 3075; x_wconf 89' lang='lat' dir='ltr'><strong>bus</strong></span> <span class='ocrx_word' id='word_1_393' title='bbox 226 3009 334 3092; x_wconf 90' lang='lat' dir='ltr'><strong>palam</strong></span> <span class='ocrx_word' id='word_1_394' title='bbox 369 3008 519 3090; x_wconf 90' lang='lat' dir='ltr'><strong>elareque</strong></span> <span class='ocrx_word' id='word_1_395' title='bbox 556 3007 728 3083; x_wconf 88' lang='lat' dir='ltr'><strong>asseritur,</strong></span> <span class='ocrx_word' id='word_1_396' title='bbox 758 3027 794 3071; x_wconf 92' lang='lat' dir='ltr'><strong>oe</strong></span> <span class='ocrx_word' id='word_1_397' title='bbox 825 3015 953 3074; x_wconf 86' lang='lat' dir='ltr'><strong>tantum</strong></span> <span class='ocrx_word' id='word_1_398' title='bbox 982 3005 1100 3072; x_wconf 89' lang='lat' dir='ltr'><strong>diaboli</strong></span> <span class='ocrx_word' id='word_1_399' title='bbox 1155 3005 1292 3088; x_wconf 92' lang='lat' dir='ltr'><strong>impium</strong></span> <span class='ocrx_word' id='word_1_400' title='bbox 1328 3005 1479 3072; x_wconf 88' lang='lat' dir='ltr'><strong>delirium</strong></span> <span class='ocrx_word' id='word_1_401' title='bbox 1515 3017 1582 3085; x_wconf 90' lang='lat' dir='ltr'><strong>est,</strong></span> <span class='ocrx_word' id='word_1_402' title='bbox 1619 3008 1723 3072; x_wconf 89' lang='lat' dir='ltr'><strong>malae</strong></span> <span class='ocrx_word' id='word_1_403' title='bbox 1760 3007 1858 3073; x_wconf 90' lang='lat' dir='ltr'><strong>ullius</strong></span> <span class='ocrx_word' id='word_1_404' title='bbox 1893 3017 1927 3074; x_wconf 93' lang='lat' dir='ltr'><strong>et</strong></span> <span class='ocrx_word' id='word_1_405' title='bbox 1954 3019 2126 3092; x_wconf 88' lang='lat' dir='ltr'><strong>eorruptae</strong></span> 
     </span>
     <span class='ocr_line' id='line_1_31' title="bbox 123 3091 2125 3178; baseline -0 -18"><span class='ocrx_word' id='word_1_406' title='bbox 123 3097 229 3160; x_wconf 86' lang='lat' dir='ltr'><strong>fuisse</strong></span> <span class='ocrx_word' id='word_1_407' title='bbox 247 3105 446 3178; x_wconf 87' lang='lat' dir='ltr'><strong>serpentem:</strong></span> <span class='ocrx_word' id='word_1_408' title='bbox 469 3095 546 3176; x_wconf 86' lang='lat' dir='ltr'><strong>quia</strong></span> <span class='ocrx_word' id='word_1_409' title='bbox 567 3114 633 3158; x_wconf 91' lang='lat' dir='ltr'><strong>nen</strong></span> <span class='ocrx_word' id='word_1_410' title='bbox 653 3091 716 3167; x_wconf 87' lang='lat' dir='ltr'><strong>hie,</strong></span> <span class='ocrx_word' id='word_1_411' title='bbox 739 3091 796 3158; x_wconf 86' lang='lat' dir='ltr'><strong>sed</strong></span> <span class='ocrx_word' id='word_1_412' title='bbox 818 3091 873 3157; x_wconf 92' lang='lat' dir='ltr'><strong>ille</strong></span> <span class='ocrx_word' id='word_1_413' title='bbox 895 3101 989 3175; x_wconf 76' lang='lat' dir='ltr'><strong>pater</strong></span> <span class='ocrx_word' id='word_1_414' title='bbox 1010 3111 1101 3160; x_wconf 83' lang='lat' dir='ltr'><strong>mon·</strong></span> <span class='ocrx_word' id='word_1_415' title='bbox 1155 3101 1292 3156; x_wconf 84' lang='lat' dir='ltr'><strong>naturae</strong></span> <span class='ocrx_word' id='word_1_416' title='bbox 1322 3093 1519 3158; x_wconf 88' lang='lat' dir='ltr'><strong>ereationem</strong></span> <span class='ocrx_word' id='word_1_417' title='bbox 1555 3093 1627 3158; x_wconf 92' lang='lat' dir='ltr'><strong>Deo</strong></span> <span class='ocrx_word' id='word_1_418' title='bbox 1658 3094 1830 3176; x_wconf 85' lang='lat' dir='ltr'><strong>affingere:</strong></span> <span class='ocrx_word' id='word_1_419' title='bbox 1871 3113 1947 3159; x_wconf 88' lang='lat' dir='ltr'><strong>nam</strong></span> <span class='ocrx_word' id='word_1_420' title='bbox 1983 3095 2125 3177; x_wconf 86' lang='lat' dir='ltr'><strong>perfeeto</strong></span> 
     </span>
     <span class='ocr_line' id='line_1_32' title="bbox 123 3176 2127 3262; baseline 0 -17"><span class='ocrx_word' id='word_1_421' title='bbox 123 3181 229 3251; x_wconf 84' lang='lat' dir='ltr'><strong>danii.</strong></span> <span class='ocrx_word' id='word_1_422' title='bbox 260 3182 457 3262; x_wconf 89' lang='lat' dir='ltr'><strong>imposturae</strong></span> <span class='ocrx_word' id='word_1_423' title='bbox 491 3179 623 3256; x_wconf 85' lang='lat' dir='ltr'><strong>artifex,</strong></span> <span class='ocrx_word' id='word_1_424' title='bbox 660 3178 773 3243; x_wconf 87' lang='lat' dir='ltr'><strong>mortis</strong></span> <span class='ocrx_word' id='word_1_425' title='bbox 807 3188 906 3242; x_wconf 87' lang='lat' dir='ltr'><strong>auter</strong></span> <span class='ocrx_word' id='word_1_426' title='bbox 934 3179 1100 3244; x_wconf 85' lang='lat' dir='ltr'><strong>statuitur.</strong></span> <span class='ocrx_word' id='word_1_427' title='bbox 1155 3176 1513 3242; x_wconf 91' lang='lat' dir='ltr'><strong>mundotestimonium</strong></span> <span class='ocrx_word' id='word_1_428' title='bbox 1530 3179 1600 3261; x_wconf 91' lang='lat' dir='ltr'><strong>ipse</strong></span> <span class='ocrx_word' id='word_1_429' title='bbox 1618 3179 1744 3244; x_wconf 85' lang='lat' dir='ltr'><strong>eunetis</strong></span> <span class='ocrx_word' id='word_1_430' title='bbox 1762 3179 1831 3244; x_wconf 89' lang='lat' dir='ltr'><strong>suis</strong></span> <span class='ocrx_word' id='word_1_431' title='bbox 1847 3179 2000 3262; x_wconf 88' lang='lat' dir='ltr'><strong>operibus</strong></span> <span class='ocrx_word' id='word_1_432' title='bbox 2017 3178 2127 3246; x_wconf 90' lang='lat' dir='ltr'><strong>reddi·</strong></span> 
     </span>
     <span class='ocr_line' id='line_1_33' title="bbox 122 3262 2125 3346; baseline 0 -14"><span class='ocrx_word' id='word_1_433' title='bbox 122 3265 284 3332; x_wconf 89' lang='lat' dir='ltr'><strong>Nondum</strong></span> <span class='ocrx_word' id='word_1_434' title='bbox 302 3275 411 3330; x_wconf 87' lang='lat' dir='ltr'><strong>tamen</strong></span> <span class='ocrx_word' id='word_1_435' title='bbox 429 3265 536 3330; x_wconf 90' lang='lat' dir='ltr'><strong>soluta</strong></span> <span class='ocrx_word' id='word_1_436' title='bbox 558 3276 607 3330; x_wconf 89' lang='lat' dir='ltr'><strong>est</strong></span> <span class='ocrx_word' id='word_1_437' title='bbox 628 3263 788 3346; x_wconf 89' lang='lat' dir='ltr'><strong>quaestio,</strong></span> <span class='ocrx_word' id='word_1_438' title='bbox 818 3283 876 3328; x_wconf 88' lang='lat' dir='ltr'><strong>eur</strong></span> <span class='ocrx_word' id='word_1_439' title='bbox 898 3283 1017 3328; x_wconf 91' lang='lat' dir='ltr'><strong>nomen</strong></span> <span class='ocrx_word' id='word_1_440' title='bbox 1041 3263 1101 3328; x_wconf 82' lang='lat' dir='ltr'><strong>Sa·</strong></span> <span class='ocrx_word' id='word_1_441' title='bbox 1156 3262 1212 3338; x_wconf 87' lang='lat' dir='ltr'><strong>dit,</strong></span> <span class='ocrx_word' id='word_1_442' title='bbox 1243 3263 1328 3344; x_wconf 88' lang='lat' dir='ltr'><strong>qnod</strong></span> <span class='ocrx_word' id='word_1_443' title='bbox 1355 3273 1465 3328; x_wconf 87' lang='lat' dir='ltr'><strong>essent</strong></span> <span class='ocrx_word' id='word_1_444' title='bbox 1493 3263 1590 3330; x_wconf 79' lang='lat' dir='ltr'><strong>valde</strong></span> <span class='ocrx_word' id='word_1_445' title='bbox 1619 3264 1712 3328; x_wconf 83' lang='lat' dir='ltr'><strong>bona</strong></span> <span class='ocrx_word' id='word_1_446' title='bbox 1757 3264 1868 3345; x_wconf 86' lang='lat' dir='ltr'><strong>Quare</strong></span> <span class='ocrx_word' id='word_1_447' title='bbox 1897 3268 1969 3331; x_wconf 89' lang='lat' dir='ltr'><strong>sine</strong></span> <span class='ocrx_word' id='word_1_448' title='bbox 1996 3275 2125 3332; x_wconf 80' lang='lat' dir='ltr'><strong>uontm·</strong></span> 
     </span>
     <span class='ocr_line' id='line_1_34' title="bbox 121 3347 2126 3434; baseline 0.001 -18"><span class='ocrx_word' id='word_1_449' title='bbox 121 3367 225 3418; x_wconf 87' lang='lat' dir='ltr'><strong>tanae</strong></span> <span class='ocrx_word' id='word_1_450' title='bbox 244 3350 509 3418; x_wconf 71' lang='lat' dir='ltr'><strong>meneritMoses.</strong></span> <span class='ocrx_word' id='word_1_451' title='bbox 543 3351 616 3434; x_wconf 82' lang='lat' dir='ltr'><strong>Ego</strong></span> <span class='ocrx_word' id='word_1_452' title='bbox 633 3369 746 3414; x_wconf 90' lang='lat' dir='ltr'><strong>eorum</strong></span> <span class='ocrx_word' id='word_1_453' title='bbox 765 3349 946 3414; x_wconf 88' lang='lat' dir='ltr'><strong>sententiae</strong></span> <span class='ocrx_word' id='word_1_454' title='bbox 963 3349 1103 3414; x_wconf 88' lang='lat' dir='ltr'><strong>libenter</strong></span> <span class='ocrx_word' id='word_1_455' title='bbox 1154 3347 1262 3415; x_wconf 84' lang='lat' dir='ltr'><strong>versia</strong></span> <span class='ocrx_word' id='word_1_456' title='bbox 1284 3349 1495 3414; x_wconf 89' lang='lat' dir='ltr'><strong>statuendum</strong></span> <span class='ocrx_word' id='word_1_457' title='bbox 1518 3360 1583 3432; x_wconf 88' lang='lat' dir='ltr'><strong>est,</strong></span> <span class='ocrx_word' id='word_1_458' title='bbox 1613 3350 1757 3414; x_wconf 86' lang='lat' dir='ltr'><strong>malitiae</strong></span> <span class='ocrx_word' id='word_1_459' title='bbox 1784 3369 1848 3433; x_wconf 88' lang='lat' dir='ltr'><strong>qua</strong></span> <span class='ocrx_word' id='word_1_460' title='bbox 1877 3351 2045 3434; x_wconf 89' lang='lat' dir='ltr'><strong>praeditus</strong></span> <span class='ocrx_word' id='word_1_461' title='bbox 2073 3361 2126 3418; x_wconf 91' lang='lat' dir='ltr'><strong>est</strong></span> 
     </span>
     <span class='ocr_line' id='line_1_35' title="bbox 121 3430 2124 3520; baseline -0 -16"><span class='ocrx_word' id='word_1_462' title='bbox 121 3436 310 3516; x_wconf 69' lang='lat' dir='ltr'><strong>suberi-ibo,</strong></span> <span class='ocrx_word' id='word_1_463' title='bbox 344 3437 398 3519; x_wconf 91' lang='lat' dir='ltr'><strong>qui</strong></span> <span class='ocrx_word' id='word_1_464' title='bbox 427 3436 579 3520; x_wconf 87' lang='lat' dir='ltr'><strong>spiritum</strong></span> <span class='ocrx_word' id='word_1_465' title='bbox 606 3445 756 3500; x_wconf 86' lang='lat' dir='ltr'><strong>sanctum</strong></span> <span class='ocrx_word' id='word_1_466' title='bbox 787 3432 922 3500; x_wconf 89' lang='lat' dir='ltr'><strong>tradunt</strong></span> <span class='ocrx_word' id='word_1_467' title='bbox 955 3434 1103 3500; x_wconf 78' lang='lat' dir='ltr'><strong>consulto</strong></span> <span class='ocrx_word' id='word_1_468' title='bbox 1154 3430 1267 3510; x_wconf 85' lang='lat' dir='ltr'><strong>Satan,</strong></span> <span class='ocrx_word' id='word_1_469' title='bbox 1297 3435 1495 3518; x_wconf 77' lang='lat' dir='ltr'><strong>principium</strong></span> <span class='ocrx_word' id='word_1_470' title='bbox 1524 3457 1588 3500; x_wconf 91' lang='lat' dir='ltr'><strong>nou</strong></span> <span class='ocrx_word' id='word_1_471' title='bbox 1617 3457 1636 3498; x_wconf 92' lang='lat' dir='ltr'><strong>a</strong></span> <span class='ocrx_word' id='word_1_472' title='bbox 1665 3450 1795 3499; x_wconf 88' lang='lat' dir='ltr'><strong>nature:</strong></span> <span class='ocrx_word' id='word_1_473' title='bbox 1827 3434 1883 3501; x_wconf 94' lang='lat' dir='ltr'><strong>sed</strong></span> <span class='ocrx_word' id='word_1_474' title='bbox 1906 3458 1926 3502; x_wconf 89' lang='lat' dir='ltr'><strong>a</strong></span> <span class='ocrx_word' id='word_1_475' title='bbox 1946 3435 2124 3504; x_wconf 78' lang='lat' dir='ltr'><strong>defectione</strong></span> 
     </span>
     <span class='ocr_line' id='line_1_36' title="bbox 120 3519 2124 3606; baseline -0 -17"><span class='ocrx_word' id='word_1_476' title='bbox 120 3523 273 3589; x_wconf 83' lang='lat' dir='ltr'><strong>obscuris</strong></span> <span class='ocrx_word' id='word_1_477' title='bbox 305 3522 420 3606; x_wconf 84' lang='lat' dir='ltr'><strong>figuris</strong></span> <span class='ocrx_word' id='word_1_478' title='bbox 452 3541 548 3587; x_wconf 91' lang='lat' dir='ltr'><strong>usum</strong></span> <span class='ocrx_word' id='word_1_479' title='bbox 578 3533 655 3585; x_wconf 91' lang='lat' dir='ltr'><strong>tuno</strong></span> <span class='ocrx_word' id='word_1_480' title='bbox 683 3541 769 3596; x_wconf 89' lang='lat' dir='ltr'><strong>esse,</strong></span> <span class='ocrx_word' id='word_1_481' title='bbox 799 3521 876 3602; x_wconf 91' lang='lat' dir='ltr'><strong>quia</strong></span> <span class='ocrx_word' id='word_1_482' title='bbox 910 3520 1040 3601; x_wconf 87' lang='lat' dir='ltr'><strong>plenam</strong></span> <span class='ocrx_word' id='word_1_483' title='bbox 1070 3529 1104 3586; x_wconf 91' lang='lat' dir='ltr'><strong>et</strong></span> <span class='ocrx_word' id='word_1_484' title='bbox 1153 3540 1238 3584; x_wconf 89' lang='lat' dir='ltr'><strong>esse:</strong></span> <span class='ocrx_word' id='word_1_485' title='bbox 1280 3521 1355 3601; x_wconf 87' lang='lat' dir='ltr'><strong>quia</strong></span> <span class='ocrx_word' id='word_1_486' title='bbox 1386 3541 1406 3584; x_wconf 91' lang='lat' dir='ltr'><strong>a</strong></span> <span class='ocrx_word' id='word_1_487' title='bbox 1439 3519 1510 3584; x_wconf 88' lang='lat' dir='ltr'><strong>Deo</strong></span> <span class='ocrx_word' id='word_1_488' title='bbox 1544 3521 1686 3586; x_wconf 87' lang='lat' dir='ltr'><strong>iustitiae</strong></span> <span class='ocrx_word' id='word_1_489' title='bbox 1714 3529 1747 3585; x_wconf 92' lang='lat' dir='ltr'><strong>et</strong></span> <span class='ocrx_word' id='word_1_490' title='bbox 1778 3523 1885 3586; x_wconf 93' lang='lat' dir='ltr'><strong>omnis</strong></span> <span class='ocrx_word' id='word_1_491' title='bbox 1917 3523 2124 3589; x_wconf 84' lang='lat' dir='ltr'><strong>reatitudinis</strong></span> 
     </span>
     <span class='ocr_line' id='line_1_37' title="bbox 121 3603 2125 3692; baseline -0.001 -18"><span class='ocrx_word' id='word_1_492' title='bbox 121 3611 335 3692; x_wconf 89' lang='lat' dir='ltr'><strong>eonspiuuam</strong></span> <span class='ocrx_word' id='word_1_493' title='bbox 354 3608 459 3674; x_wconf 91' lang='lat' dir='ltr'><strong>lueem</strong></span> <span class='ocrx_word' id='word_1_494' title='bbox 482 3608 518 3671; x_wconf 90' lang='lat' dir='ltr'><strong>in</strong></span> <span class='ocrx_word' id='word_1_495' title='bbox 540 3625 679 3690; x_wconf 87' lang='lat' dir='ltr'><strong>regnum</strong></span> <span class='ocrx_word' id='word_1_496' title='bbox 702 3605 831 3670; x_wconf 86' lang='lat' dir='ltr'><strong>Ohristi</strong></span> <span class='ocrx_word' id='word_1_497' title='bbox 860 3605 984 3671; x_wconf 87' lang='lat' dir='ltr'><strong>differri</strong></span> <span class='ocrx_word' id='word_1_498' title='bbox 1006 3626 1103 3688; x_wconf 88' lang='lat' dir='ltr'><strong>opor·</strong></span> <span class='ocrx_word' id='word_1_499' title='bbox 1153 3604 1243 3669; x_wconf 82' lang='lat' dir='ltr'><strong>fonte</strong></span> <span class='ocrx_word' id='word_1_500' title='bbox 1276 3603 1433 3672; x_wconf 89' lang='lat' dir='ltr'><strong>diseessit.</strong></span> <span class='ocrx_word' id='word_1_501' title='bbox 1483 3605 1551 3672; x_wconf 82' lang='lat' dir='ltr'><strong>Sed</strong></span> <span class='ocrx_word' id='word_1_502' title='bbox 1584 3608 1655 3673; x_wconf 90' lang='lat' dir='ltr'><strong>eius</strong></span> <span class='ocrx_word' id='word_1_503' title='bbox 1688 3607 1814 3688; x_wconf 86' lang='lat' dir='ltr'><strong>lapsum</strong></span> <span class='ocrx_word' id='word_1_504' title='bbox 1847 3626 1935 3673; x_wconf 90' lang='lat' dir='ltr'><strong>nune</strong></span> <span class='ocrx_word' id='word_1_505' title='bbox 1966 3611 2125 3690; x_wconf 88' lang='lat' dir='ltr'><strong>praeterit</strong></span> 
     </span>
     <span class='ocr_line' id='line_1_38' title="bbox 121 3689 2124 3776; baseline -0.001 -16"><span class='ocrx_word' id='word_1_506' title='bbox 121 3696 201 3760; x_wconf 88' lang='lat' dir='ltr'><strong>tuit.</strong></span> <span class='ocrx_word' id='word_1_507' title='bbox 237 3695 369 3758; x_wconf 89' lang='lat' dir='ltr'><strong>Interea</strong></span> <span class='ocrx_word' id='word_1_508' title='bbox 387 3702 550 3758; x_wconf 89' lang='lat' dir='ltr'><strong>testantur</strong></span> <span class='ocrx_word' id='word_1_509' title='bbox 565 3689 753 3775; x_wconf 88' lang='lat' dir='ltr'><strong>prophetae,</strong></span> <span class='ocrx_word' id='word_1_510' title='bbox 771 3701 915 3756; x_wconf 91' lang='lat' dir='ltr'><strong>mentem</strong></span> <span class='ocrx_word' id='word_1_511' title='bbox 926 3691 1023 3757; x_wconf 89' lang='lat' dir='ltr'><strong>Moeis</strong></span> <span class='ocrx_word' id='word_1_512' title='bbox 1040 3691 1102 3758; x_wconf 92' lang='lat' dir='ltr'><strong>sibi</strong></span> <span class='ocrx_word' id='word_1_513' title='bbox 1153 3690 1271 3769; x_wconf 85' lang='lat' dir='ltr'><strong>Moses,</strong></span> <span class='ocrx_word' id='word_1_514' title='bbox 1294 3693 1371 3773; x_wconf 88' lang='lat' dir='ltr'><strong>quia</strong></span> <span class='ocrx_word' id='word_1_515' title='bbox 1399 3692 1447 3756; x_wconf 91' lang='lat' dir='ltr'><strong>illi</strong></span> <span class='ocrx_word' id='word_1_516' title='bbox 1476 3693 1678 3776; x_wconf 89' lang='lat' dir='ltr'><strong>propositum</strong></span> <span class='ocrx_word' id='word_1_517' title='bbox 1702 3703 1760 3773; x_wconf 89' lang='lat' dir='ltr'><strong>est,</strong></span> <span class='ocrx_word' id='word_1_518' title='bbox 1789 3690 1933 3757; x_wconf 86' lang='lat' dir='ltr'><strong>breviter</strong></span> <span class='ocrx_word' id='word_1_519' title='bbox 1958 3692 2124 3759; x_wconf 87' lang='lat' dir='ltr'><strong>humanae</strong></span> 
     </span>
     <span class='ocr_line' id='line_1_39' title="bbox 120 3775 2124 3865; baseline -0 -20"><span class='ocrx_word' id='word_1_520' title='bbox 120 3781 227 3865; x_wconf 88' lang='lat' dir='ltr'><strong>probe</strong></span> <span class='ocrx_word' id='word_1_521' title='bbox 248 3780 349 3845; x_wconf 85' lang='lat' dir='ltr'><strong>fuisse</strong></span> <span class='ocrx_word' id='word_1_522' title='bbox 378 3780 556 3862; x_wconf 80' lang='lat' dir='ltr'><strong>cognitam,</strong></span> <span class='ocrx_word' id='word_1_523' title='bbox 579 3775 708 3860; x_wconf 88' lang='lat' dir='ltr'><strong>quaudo</strong></span> <span class='ocrx_word' id='word_1_524' title='bbox 737 3777 858 3860; x_wconf 89' lang='lat' dir='ltr'><strong>passim</strong></span> <span class='ocrx_word' id='word_1_525' title='bbox 881 3775 917 3841; x_wconf 91' lang='lat' dir='ltr'><strong>in</strong></span> <span class='ocrx_word' id='word_1_526' title='bbox 935 3775 1102 3843; x_wconf 90' lang='lat' dir='ltr'><strong>diabolum</strong></span> <span class='ocrx_word' id='word_1_527' title='bbox 1152 3785 1289 3841; x_wconf 88' lang='lat' dir='ltr'><strong>naturae</strong></span> <span class='ocrx_word' id='word_1_528' title='bbox 1323 3778 1563 3860; x_wconf 83' lang='lat' dir='ltr'><strong>eorreptionem</strong></span> <span class='ocrx_word' id='word_1_529' title='bbox 1591 3797 1741 3843; x_wconf 90' lang='lat' dir='ltr'><strong>narrare:</strong></span> <span class='ocrx_word' id='word_1_530' title='bbox 1777 3788 1815 3842; x_wconf 89' lang='lat' dir='ltr'><strong>ut</strong></span> <span class='ocrx_word' id='word_1_531' title='bbox 1848 3778 1988 3845; x_wconf 85' lang='lat' dir='ltr'><strong>solemus</strong></span> <span class='ocrx_word' id='word_1_532' title='bbox 2015 3778 2124 3844; x_wconf 82' lang='lat' dir='ltr'><strong>Adam</strong></span> 
     </span>
     <span class='ocr_line' id='line_1_40' title="bbox 120 3862 2125 3947; baseline -0 -16"><span class='ocrx_word' id='word_1_533' title='bbox 120 3866 282 3932; x_wconf 89' lang='lat' dir='ltr'><strong>reiioiunt</strong></span> <span class='ocrx_word' id='word_1_534' title='bbox 316 3865 468 3930; x_wconf 88' lang='lat' dir='ltr'><strong>interitus</strong></span> <span class='ocrx_word' id='word_1_535' title='bbox 502 3863 607 3928; x_wconf 89' lang='lat' dir='ltr'><strong>nostri</strong></span> <span class='ocrx_word' id='word_1_536' title='bbox 643 3881 784 3928; x_wconf 87' lang='lat' dir='ltr'><strong>eausam.</strong></span> <span class='ocrx_word' id='word_1_537' title='bbox 832 3862 985 3928; x_wconf 83' lang='lat' dir='ltr'><strong>Diximus</strong></span> <span class='ocrx_word' id='word_1_538' title='bbox 1014 3863 1100 3944; x_wconf 90' lang='lat' dir='ltr'><strong>alibi,</strong></span> <span class='ocrx_word' id='word_1_539' title='bbox 1152 3882 1219 3927; x_wconf 91' lang='lat' dir='ltr'><strong>non</strong></span> <span class='ocrx_word' id='word_1_540' title='bbox 1238 3862 1338 3928; x_wconf 88' lang='lat' dir='ltr'><strong>fuisse</strong></span> <span class='ocrx_word' id='word_1_541' title='bbox 1360 3862 1401 3928; x_wconf 92' lang='lat' dir='ltr'><strong>ad</strong></span> <span class='ocrx_word' id='word_1_542' title='bbox 1419 3863 1615 3947; x_wconf 76' lang='lat' dir='ltr'><strong>multiplices</strong></span> <span class='ocrx_word' id='word_1_543' title='bbox 1637 3863 1733 3940; x_wconf 86' lang='lat' dir='ltr'><strong>istas,</strong></span> <span class='ocrx_word' id='word_1_544' title='bbox 1757 3863 1818 3928; x_wconf 91' lang='lat' dir='ltr'><strong>sub</strong></span> <span class='ocrx_word' id='word_1_545' title='bbox 1840 3864 1958 3947; x_wconf 90' lang='lat' dir='ltr'><strong>quibus</strong></span> <span class='ocrx_word' id='word_1_546' title='bbox 1975 3865 2125 3931; x_wconf 89' lang='lat' dir='ltr'><strong>laborant</strong></span> 
     </span>
     <span class='ocr_line' id='line_1_41' title="bbox 119 3947 2125 4034; baseline -0.001 -16"><span class='ocrx_word' id='word_1_547' title='bbox 119 3953 244 4018; x_wconf 85' lang='lat' dir='ltr'><strong>Mosen</strong></span> <span class='ocrx_word' id='word_1_548' title='bbox 273 3951 382 4018; x_wconf 85' lang='lat' dir='ltr'><strong>orasse</strong></span> <span class='ocrx_word' id='word_1_549' title='bbox 411 3949 549 4032; x_wconf 88' lang='lat' dir='ltr'><strong>rudique</strong></span> <span class='ocrx_word' id='word_1_550' title='bbox 571 3948 656 4033; x_wconf 87' lang='lat' dir='ltr'><strong>stylo</strong></span> <span class='ocrx_word' id='word_1_551' title='bbox 678 3947 921 4014; x_wconf 87' lang='lat' dir='ltr'><strong>aeeommodsre</strong></span> <span class='ocrx_word' id='word_1_552' title='bbox 943 3947 984 4013; x_wconf 91' lang='lat' dir='ltr'><strong>ad</strong></span> <span class='ocrx_word' id='word_1_553' title='bbox 1002 3969 1102 4032; x_wconf 90' lang='lat' dir='ltr'><strong>popu·</strong></span> <span class='ocrx_word' id='word_1_554' title='bbox 1151 3969 1264 4013; x_wconf 91' lang='lat' dir='ltr'><strong>omnes</strong></span> <span class='ocrx_word' id='word_1_555' title='bbox 1293 3949 1362 4014; x_wconf 90' lang='lat' dir='ltr'><strong>eius</strong></span> <span class='ocrx_word' id='word_1_556' title='bbox 1390 3951 1526 4033; x_wconf 89' lang='lat' dir='ltr'><strong>posteri,</strong></span> <span class='ocrx_word' id='word_1_557' title='bbox 1556 3949 1704 4014; x_wconf 90' lang='lat' dir='ltr'><strong>miserias</strong></span> <span class='ocrx_word' id='word_1_558' title='bbox 1721 3947 1896 4026; x_wconf 89' lang='lat' dir='ltr'><strong>eonditum,</strong></span> <span class='ocrx_word' id='word_1_559' title='bbox 1917 3951 1974 4015; x_wconf 94' lang='lat' dir='ltr'><strong>sed</strong></span> <span class='ocrx_word' id='word_1_560' title='bbox 1991 3952 2125 4034; x_wconf 89' lang='lat' dir='ltr'><strong>propria</strong></span> 
     </span>
     <span class='ocr_line' id='line_1_42' title="bbox 118 4032 2125 4120; baseline 0 -17"><span class='ocrx_word' id='word_1_561' title='bbox 118 4037 230 4103; x_wconf 90' lang='lat' dir='ltr'><strong>larem</strong></span> <span class='ocrx_word' id='word_1_562' title='bbox 258 4045 390 4120; x_wconf 89' lang='lat' dir='ltr'><strong>oaptum</strong></span> <span class='ocrx_word' id='word_1_563' title='bbox 419 4055 501 4118; x_wconf 87' lang='lat' dir='ltr'><strong>quae</strong></span> <span class='ocrx_word' id='word_1_564' title='bbox 534 4033 648 4100; x_wconf 85' lang='lat' dir='ltr'><strong>tradit:</strong></span> <span class='ocrx_word' id='word_1_565' title='bbox 670 4033 767 4118; x_wconf 91' lang='lat' dir='ltr'><strong>idque</strong></span> <span class='ocrx_word' id='word_1_566' title='bbox 787 4035 909 4116; x_wconf 88' lang='lat' dir='ltr'><strong>optima</strong></span> <span class='ocrx_word' id='word_1_567' title='bbox 932 4032 972 4103; x_wconf 91' lang='lat' dir='ltr'><strong>de</strong></span> <span class='ocrx_word' id='word_1_568' title='bbox 992 4055 1099 4100; x_wconf 88' lang='lat' dir='ltr'><strong>eausa.</strong></span> <span class='ocrx_word' id='word_1_569' title='bbox 1151 4035 1248 4117; x_wconf 88' lang='lat' dir='ltr'><strong>eulpa</strong></span> <span class='ocrx_word' id='word_1_570' title='bbox 1264 4034 1299 4099; x_wconf 94' lang='lat' dir='ltr'><strong>in</strong></span> <span class='ocrx_word' id='word_1_571' title='bbox 1317 4054 1372 4100; x_wconf 89' lang='lat' dir='ltr'><strong>eas</strong></span> <span class='ocrx_word' id='word_1_572' title='bbox 1389 4033 1555 4101; x_wconf 87' lang='lat' dir='ltr'><strong>deoidisse.</strong></span> <span class='ocrx_word' id='word_1_573' title='bbox 1582 4033 1673 4100; x_wconf 92' lang='lat' dir='ltr'><strong>Dum</strong></span> <span class='ocrx_word' id='word_1_574' title='bbox 1695 4043 1851 4117; x_wconf 88' lang='lat' dir='ltr'><strong>reputant</strong></span> <span class='ocrx_word' id='word_1_575' title='bbox 1873 4035 2022 4101; x_wconf 88' lang='lat' dir='ltr'><strong>homines</strong></span> <span class='ocrx_word' id='word_1_576' title='bbox 2043 4045 2125 4120; x_wconf 92' lang='lat' dir='ltr'><strong>quot</strong></span> 
     </span>
     <span class='ocr_line' id='line_1_43' title="bbox 118 4118 2124 4208; baseline -0.001 -19"><span class='ocrx_word' id='word_1_577' title='bbox 118 4123 239 4208; x_wconf 89' lang='lat' dir='ltr'><strong>Neque</strong></span> <span class='ocrx_word' id='word_1_578' title='bbox 261 4121 352 4188; x_wconf 85' lang='lat' dir='ltr'><strong>enirn</strong></span> <span class='ocrx_word' id='word_1_579' title='bbox 379 4119 429 4186; x_wconf 90' lang='lat' dir='ltr'><strong>illi</strong></span> <span class='ocrx_word' id='word_1_580' title='bbox 456 4120 622 4186; x_wconf 91' lang='lat' dir='ltr'><strong>indootum</strong></span> <span class='ocrx_word' id='word_1_581' title='bbox 650 4119 746 4186; x_wconf 92' lang='lat' dir='ltr'><strong>modo</strong></span> <span class='ocrx_word' id='word_1_582' title='bbox 767 4118 887 4203; x_wconf 86' lang='lat' dir='ltr'><strong>vulgus</strong></span> <span class='ocrx_word' id='word_1_583' title='bbox 917 4118 1100 4186; x_wconf 89' lang='lat' dir='ltr'><strong>doeendum</strong></span> <span class='ocrx_word' id='word_1_584' title='bbox 1151 4119 1323 4203; x_wconf 88' lang='lat' dir='ltr'><strong>atquibus</strong></span> <span class='ocrx_word' id='word_1_585' title='bbox 1345 4121 1477 4187; x_wconf 83' lang='lat' dir='ltr'><strong>obnoxii</strong></span> <span class='ocrx_word' id='word_1_586' title='bbox 1499 4121 1695 4196; x_wconf 89' lang='lat' dir='ltr'><strong>sintmalis,</strong></span> <span class='ocrx_word' id='word_1_587' title='bbox 1719 4123 2124 4204; x_wconf 88' lang='lat' dir='ltr'><strong>eontineresenequeunt</strong></span> 
     </span>
     <span class='ocr_line' id='line_1_44' title="bbox 118 4204 2122 4290; baseline -0.001 -16"><span class='ocrx_word' id='word_1_588' title='bbox 118 4220 210 4274; x_wconf 90' lang='lat' dir='ltr'><strong>erat:</strong></span> <span class='ocrx_word' id='word_1_589' title='bbox 245 4208 302 4276; x_wconf 90' lang='lat' dir='ltr'><strong>sed</strong></span> <span class='ocrx_word' id='word_1_590' title='bbox 333 4206 392 4273; x_wconf 89' lang='lat' dir='ltr'><strong>illa</strong></span> <span class='ocrx_word' id='word_1_591' title='bbox 424 4218 495 4274; x_wconf 88' lang='lat' dir='ltr'><strong>erat</strong></span> <span class='ocrx_word' id='word_1_592' title='bbox 527 4205 661 4289; x_wconf 88' lang='lat' dir='ltr'><strong>puerilis</strong></span> <span class='ocrx_word' id='word_1_593' title='bbox 694 4204 849 4274; x_wconf 88' lang='lat' dir='ltr'><strong>eoelesiae</strong></span> <span class='ocrx_word' id='word_1_594' title='bbox 882 4213 989 4285; x_wconf 88' lang='lat' dir='ltr'><strong>aetas,</strong></span> <span class='ocrx_word' id='word_1_595' title='bbox 1018 4227 1101 4288; x_wconf 89' lang='lat' dir='ltr'><strong>quae</strong></span> <span class='ocrx_word' id='word_1_596' title='bbox 1151 4206 1228 4288; x_wconf 91' lang='lat' dir='ltr'><strong>quin</strong></span> <span class='ocrx_word' id='word_1_597' title='bbox 1258 4205 1399 4271; x_wconf 87' lang='lat' dir='ltr'><strong>fremant</strong></span> <span class='ocrx_word' id='word_1_598' title='bbox 1427 4214 1460 4270; x_wconf 90' lang='lat' dir='ltr'><strong>et</strong></span> <span class='ocrx_word' id='word_1_599' title='bbox 1488 4207 1737 4272; x_wconf 87' lang='lat' dir='ltr'><strong>obmurmurant</strong></span> <span class='ocrx_word' id='word_1_600' title='bbox 1759 4206 1846 4288; x_wconf 87' lang='lat' dir='ltr'><strong>Deo,</strong></span> <span class='ocrx_word' id='word_1_601' title='bbox 1876 4207 1929 4272; x_wconf 92' lang='lat' dir='ltr'><strong>eui</strong></span> <span class='ocrx_word' id='word_1_602' title='bbox 1951 4227 2122 4290; x_wconf 88' lang='lat' dir='ltr'><strong>perperam</strong></span> 
     </span>
     <span class='ocr_line' id='line_1_45' title="bbox 117 4289 2123 4375; baseline -0.002 -15"><span class='ocrx_word' id='word_1_603' title='bbox 117 4294 274 4360; x_wconf 89' lang='lat' dir='ltr'><strong>nondum</strong></span> <span class='ocrx_word' id='word_1_604' title='bbox 301 4293 450 4359; x_wconf 90' lang='lat' dir='ltr'><strong>altiorem</strong></span> <span class='ocrx_word' id='word_1_605' title='bbox 476 4289 662 4356; x_wconf 88' lang='lat' dir='ltr'><strong>&#39;doetrinam</strong></span> <span class='ocrx_word' id='word_1_606' title='bbox 690 4311 806 4373; x_wconf 91' lang='lat' dir='ltr'><strong>oapere</strong></span> <span class='ocrx_word' id='word_1_607' title='bbox 823 4298 963 4374; x_wconf 88' lang='lat' dir='ltr'><strong>poterat.</strong></span> <span class='ocrx_word' id='word_1_608' title='bbox 1006 4291 1099 4356; x_wconf 90' lang='lat' dir='ltr'><strong>Nihil</strong></span> <span class='ocrx_word' id='word_1_609' title='bbox 1150 4292 1316 4375; x_wconf 88' lang='lat' dir='ltr'><strong>imputant</strong></span> <span class='ocrx_word' id='word_1_610' title='bbox 1344 4292 1449 4358; x_wconf 86' lang='lat' dir='ltr'><strong>iustas</strong></span> <span class='ocrx_word' id='word_1_611' title='bbox 1472 4292 1593 4374; x_wconf 88' lang='lat' dir='ltr'><strong>peoeati</strong></span> <span class='ocrx_word' id='word_1_612' title='bbox 1618 4311 1747 4374; x_wconf 87' lang='lat' dir='ltr'><strong>poenas.</strong></span> <span class='ocrx_word' id='word_1_613' title='bbox 1788 4290 1893 4356; x_wconf 86' lang='lat' dir='ltr'><strong>Notae</strong></span> <span class='ocrx_word' id='word_1_614' title='bbox 1915 4300 1994 4356; x_wconf 90' lang='lat' dir='ltr'><strong>sunt</strong></span> <span class='ocrx_word' id='word_1_615' title='bbox 2015 4294 2123 4373; x_wconf 90' lang='lat' dir='ltr'><strong>queri·</strong></span> 
     </span>
     <span class='ocr_line' id='line_1_46' title="bbox 117 4375 2125 4463; baseline -0.002 -17"><span class='ocrx_word' id='word_1_616' title='bbox 117 4381 238 4463; x_wconf 87' lang='lat' dir='ltr'><strong>itaque</strong></span> <span class='ocrx_word' id='word_1_617' title='bbox 266 4377 415 4456; x_wconf 86' lang='lat' dir='ltr'><strong>absurdi,</strong></span> <span class='ocrx_word' id='word_1_618' title='bbox 443 4379 473 4444; x_wconf 92' lang='lat' dir='ltr'><strong>si</strong></span> <span class='ocrx_word' id='word_1_619' title='bbox 498 4379 582 4443; x_wconf 87' lang='lat' dir='ltr'><strong>laete</strong></span> <span class='ocrx_word' id='word_1_620' title='bbox 610 4387 788 4460; x_wconf 85' lang='lat' dir='ltr'><strong>pessuntur</strong></span> <span class='ocrx_word' id='word_1_621' title='bbox 817 4397 897 4458; x_wconf 92' lang='lat' dir='ltr'><strong>quos</strong></span> <span class='ocrx_word' id='word_1_622' title='bbox 918 4375 1039 4443; x_wconf 89' lang='lat' dir='ltr'><strong>seimus</strong></span> <span class='ocrx_word' id='word_1_623' title='bbox 1067 4387 1102 4442; x_wconf 90' lang='lat' dir='ltr'><strong>et</strong></span> <span class='ocrx_word' id='word_1_624' title='bbox 1149 4377 1294 4456; x_wconf 80' lang='lat' dir='ltr'><strong>mesiae,</strong></span> <span class='ocrx_word' id='word_1_625' title='bbox 1332 4376 1524 4444; x_wconf 78' lang='lat' dir='ltr'><strong>clementius</strong></span> <span class='ocrx_word' id='word_1_626' title='bbox 1566 4377 1672 4461; x_wconf 84' lang='lat' dir='ltr'><strong>egisse</strong></span> <span class='ocrx_word' id='word_1_627' title='bbox 1703 4375 1812 4442; x_wconf 89' lang='lat' dir='ltr'><strong>Deum</strong></span> <span class='ocrx_word' id='word_1_628' title='bbox 1844 4397 1919 4442; x_wconf 90' lang='lat' dir='ltr'><strong>uum</strong></span> <span class='ocrx_word' id='word_1_629' title='bbox 1950 4377 2058 4460; x_wconf 88' lang='lat' dir='ltr'><strong>porois</strong></span> <span class='ocrx_word' id='word_1_630' title='bbox 2090 4385 2125 4442; x_wconf 91' lang='lat' dir='ltr'><strong>et</strong></span> 
     </span>
    </p>
   </div>
   <div class='ocr_carea' id='block_1_3' title="bbox 117 4461 2236 4548">
    <p class='ocr_par' dir='ltr' id='par_1_3' title="bbox 117 4461 2236 4548">
     <span class='ocr_line' id='line_1_47' title="bbox 117 4461 2236 4548; baseline -0.004 -18"><span class='ocrx_word' id='word_1_631' title='bbox 117 4467 271 4532; x_wconf 83' lang='lat' dir='ltr'><strong>fatemur</strong></span> <span class='ocrx_word' id='word_1_632' title='bbox 287 4486 347 4547; x_wconf 90' lang='lat' dir='ltr'><strong>pro</strong></span> <span class='ocrx_word' id='word_1_633' title='bbox 368 4464 426 4528; x_wconf 90' lang='lat' dir='ltr'><strong>illo</strong></span> <span class='ocrx_word' id='word_1_634' title='bbox 448 4473 593 4548; x_wconf 91' lang='lat' dir='ltr'><strong>temporo</strong></span> <span class='ocrx_word' id='word_1_635' title='bbox 614 4461 714 4528; x_wconf 82' lang='lat' dir='ltr'><strong>luisse</strong></span> <span class='ocrx_word' id='word_1_636' title='bbox 736 4464 828 4544; x_wconf 91' lang='lat' dir='ltr'><strong>quasi</strong></span> <span class='ocrx_word' id='word_1_637' title='bbox 849 4462 1001 4528; x_wconf 83' lang='lat' dir='ltr'><strong>infantes.</strong></span> <span class='ocrx_word' id='word_1_638' title='bbox 1038 4463 1100 4527; x_wconf 85' lang='lat' dir='ltr'><strong>Vel</strong></span> <span class='ocrx_word' id='word_1_639' title='bbox 1152 4463 1297 4528; x_wconf 83' lang='lat' dir='ltr'><strong>senibus.</strong></span> <span class='ocrx_word' id='word_1_640' title='bbox 1342 4462 1439 4529; x_wconf 90' lang='lat' dir='ltr'><strong>Unde</strong></span> <span class='ocrx_word' id='word_1_641' title='bbox 1481 4463 1558 4540; x_wconf 89' lang='lat' dir='ltr'><strong>hoo,</strong></span> <span class='ocrx_word' id='word_1_642' title='bbox 1590 4463 1654 4527; x_wconf 89' lang='lat' dir='ltr'><strong>nisi</strong></span> <span class='ocrx_word' id='word_1_643' title='bbox 1676 4462 1754 4544; x_wconf 89' lang='lat' dir='ltr'><strong>quia</strong></span> <span class='ocrx_word' id='word_1_644' title='bbox 1782 4461 1939 4527; x_wconf 88' lang='lat' dir='ltr'><strong>miserum</strong></span> <span class='ocrx_word' id='word_1_645' title='bbox 1970 4462 2059 4527; x_wconf 91' lang='lat' dir='ltr'><strong>huno</strong></span> <span class='ocrx_word' id='word_1_646' title='bbox 2087 4471 2124 4526; x_wconf 93' lang='lat' dir='ltr'><strong>et</strong></span> <span class='ocrx_word' id='word_1_647' title='bbox 2234 4512 2236 4522; x_wconf 94' lang='lat'><strong>.</strong></span> 
     </span>
    </p>
   </div>
   <div class='ocr_carea' id='block_1_4' title="bbox 114 4545 2123 5320">
    <p class='ocr_par' dir='ltr' id='par_1_4' title="bbox 114 4545 2123 5320">
     <span class='ocr_line' id='line_1_48' title="bbox 119 4545 2123 4638; baseline -0.002 -21"><span class='ocrx_word' id='word_1_648' title='bbox 119 4549 171 4638; x_wconf 90' lang='lat' dir='ltr'><strong>(si</strong></span> <span class='ocrx_word' id='word_1_649' title='bbox 192 4551 257 4616; x_wconf 90' lang='lat' dir='ltr'><strong>elia</strong></span> <span class='ocrx_word' id='word_1_650' title='bbox 276 4549 456 4617; x_wconf 87' lang='lat' dir='ltr'><strong>similitudo</strong></span> <span class='ocrx_word' id='word_1_651' title='bbox 483 4551 588 4634; x_wconf 85' lang='lat' dir='ltr'><strong>magis</strong></span> <span class='ocrx_word' id='word_1_652' title='bbox 611 4546 730 4634; x_wconf 85' lang='lat' dir='ltr'><strong>planet)</strong></span> <span class='ocrx_word' id='word_1_653' title='bbox 757 4549 892 4613; x_wconf 90' lang='lat' dir='ltr'><strong>minime</strong></span> <span class='ocrx_word' id='word_1_654' title='bbox 920 4548 1101 4633; x_wconf 88' lang='lat' dir='ltr'><strong>oulpandus</strong></span> <span class='ocrx_word' id='word_1_655' title='bbox 1150 4547 1320 4632; x_wconf 80' lang='lat' dir='ltr'><strong>perditum</strong></span> <span class='ocrx_word' id='word_1_656' title='bbox 1338 4557 1470 4627; x_wconf 91' lang='lat' dir='ltr'><strong>statum,</strong></span> <span class='ocrx_word' id='word_1_657' title='bbox 1493 4549 1634 4632; x_wconf 89' lang='lat' dir='ltr'><strong>subque</strong></span> <span class='ocrx_word' id='word_1_658' title='bbox 1658 4545 1872 4624; x_wconf 79' lang='lat' dir='ltr'><strong>tabescimus,</strong></span> <span class='ocrx_word' id='word_1_659' title='bbox 1892 4568 1958 4611; x_wconf 93' lang='lat' dir='ltr'><strong>non</strong></span> <span class='ocrx_word' id='word_1_660' title='bbox 1976 4547 2123 4612; x_wconf 82' lang='lat' dir='ltr'><strong>referunt</strong></span> 
     </span>
     <span class='ocr_line' id='line_1_49' title="bbox 119 4630 2122 4720; baseline -0.002 -16"><span class='ocrx_word' id='word_1_661' title='bbox 119 4636 294 4704; x_wconf 84' lang='lat' dir='ltr'><strong>estllloses</strong></span> <span class='ocrx_word' id='word_1_662' title='bbox 315 4637 343 4702; x_wconf 89' lang='lat' dir='ltr'><strong>si</strong></span> <span class='ocrx_word' id='word_1_663' title='bbox 365 4635 543 4720; x_wconf 86' lang='lat' dir='ltr'><strong>paedagogi</strong></span> <span class='ocrx_word' id='word_1_664' title='bbox 567 4655 690 4700; x_wconf 91' lang='lat' dir='ltr'><strong>munus</strong></span> <span class='ocrx_word' id='word_1_665' title='bbox 712 4633 775 4699; x_wconf 91' lang='lat' dir='ltr'><strong>sibi</strong></span> <span class='ocrx_word' id='word_1_666' title='bbox 795 4655 816 4698; x_wconf 90' lang='lat' dir='ltr'><strong>a</strong></span> <span class='ocrx_word' id='word_1_667' title='bbox 832 4634 976 4700; x_wconf 91' lang='lat' dir='ltr'><strong>Domino</strong></span> <span class='ocrx_word' id='word_1_668' title='bbox 998 4636 1100 4717; x_wconf 93' lang='lat' dir='ltr'><strong>impo-</strong></span> <span class='ocrx_word' id='word_1_669' title='bbox 1150 4641 1319 4716; x_wconf 87' lang='lat' dir='ltr'><strong>eoeeptum</strong></span> <span class='ocrx_word' id='word_1_670' title='bbox 1341 4633 1435 4698; x_wconf 82' lang='lat' dir='ltr'><strong>Adae</strong></span> <span class='ocrx_word' id='word_1_671' title='bbox 1456 4643 1604 4717; x_wconf 86' lang='lat' dir='ltr'><strong>peoeato,</strong></span> <span class='ocrx_word' id='word_1_672' title='bbox 1633 4632 1728 4698; x_wconf 84' lang='lat' dir='ltr'><strong>siouti</strong></span> <span class='ocrx_word' id='word_1_673' title='bbox 1751 4652 1810 4714; x_wconf 90' lang='lat' dir='ltr'><strong>per</strong></span> <span class='ocrx_word' id='word_1_674' title='bbox 1832 4630 1925 4696; x_wconf 85' lang='lat' dir='ltr'><strong>eret?</strong></span> <span class='ocrx_word' id='word_1_675' title='bbox 1971 4632 2037 4697; x_wconf 83' lang='lat' dir='ltr'><strong>Sed</strong></span> <span class='ocrx_word' id='word_1_676' title='bbox 2060 4632 2122 4700; x_wconf 88' lang='lat' dir='ltr'><strong>hoo</strong></span> 
     </span>
     <span class='ocr_line' id='line_1_50' title="bbox 118 4715 2121 4806; baseline -0.003 -16"><span class='ocrx_word' id='word_1_677' title='bbox 118 4723 229 4790; x_wconf 89' lang='lat' dir='ltr'><strong>situm</strong></span> <span class='ocrx_word' id='word_1_678' title='bbox 245 4722 347 4788; x_wconf 86' lang='lat' dir='ltr'><strong>fuisse</strong></span> <span class='ocrx_word' id='word_1_679' title='bbox 369 4723 526 4806; x_wconf 80' lang='lat' dir='ltr'><strong>rogitans,</strong></span> <span class='ocrx_word' id='word_1_680' title='bbox 548 4720 731 4804; x_wconf 88' lang='lat' dir='ltr'><strong>puerilibus</strong></span> <span class='ocrx_word' id='word_1_681' title='bbox 752 4719 947 4784; x_wconf 88' lang='lat' dir='ltr'><strong>rudimentis</strong></span> <span class='ocrx_word' id='word_1_682' title='bbox 968 4721 1100 4786; x_wconf 89' lang='lat' dir='ltr'><strong>insistit.</strong></span> <span class='ocrx_word' id='word_1_683' title='bbox 1150 4720 1249 4802; x_wconf 85' lang='lat' dir='ltr'><strong>longe</strong></span> <span class='ocrx_word' id='word_1_684' title='bbox 1271 4719 1427 4798; x_wconf 90' lang='lat' dir='ltr'><strong>deterius,</strong></span> <span class='ocrx_word' id='word_1_685' title='bbox 1449 4719 1533 4802; x_wconf 91' lang='lat' dir='ltr'><strong>qued</strong></span> <span class='ocrx_word' id='word_1_686' title='bbox 1555 4719 1712 4786; x_wconf 89' lang='lat' dir='ltr'><strong>interiora</strong></span> <span class='ocrx_word' id='word_1_687' title='bbox 1740 4718 1869 4782; x_wconf 87' lang='lat' dir='ltr'><strong>animae</strong></span> <span class='ocrx_word' id='word_1_688' title='bbox 1897 4717 1979 4783; x_wconf 81' lang='lat' dir='ltr'><strong>vitia</strong></span> <span class='ocrx_word' id='word_1_689' title='bbox 2000 4715 2121 4802; x_wconf 88' lang='lat' dir='ltr'><strong>(qualia</strong></span> 
     </span>
     <span class='ocr_line' id='line_1_51' title="bbox 119 4803 2122 4889; baseline -0.001 -16"><span class='ocrx_word' id='word_1_690' title='bbox 119 4809 259 4889; x_wconf 81' lang='lat' dir='ltr'><strong>Quibus</strong></span> <span class='ocrx_word' id='word_1_691' title='bbox 296 4807 428 4874; x_wconf 85' lang='lat' dir='ltr'><strong>fastidio</strong></span> <span class='ocrx_word' id='word_1_692' title='bbox 467 4816 517 4872; x_wconf 87' lang='lat' dir='ltr'><strong>eet</strong></span> <span class='ocrx_word' id='word_1_693' title='bbox 553 4807 634 4872; x_wconf 91' lang='lat' dir='ltr'><strong>haee</strong></span> <span class='ocrx_word' id='word_1_694' title='bbox 667 4807 873 4888; x_wconf 89' lang='lat' dir='ltr'><strong>simplieitas,</strong></span> <span class='ocrx_word' id='word_1_695' title='bbox 906 4815 1008 4872; x_wconf 86' lang='lat' dir='ltr'><strong>totam</strong></span> <span class='ocrx_word' id='word_1_696' title='bbox 1036 4805 1102 4872; x_wconf 89' lang='lat' dir='ltr'><strong>Dei</strong></span> <span class='ocrx_word' id='word_1_697' title='bbox 1150 4816 1237 4884; x_wconf 89' lang='lat' dir='ltr'><strong>sunt,</strong></span> <span class='ocrx_word' id='word_1_698' title='bbox 1256 4805 1421 4871; x_wconf 87' lang='lat' dir='ltr'><strong>horribilis</strong></span> <span class='ocrx_word' id='word_1_699' title='bbox 1432 4807 1577 4884; x_wconf 88' lang='lat' dir='ltr'><strong>eaeoitas,</strong></span> <span class='ocrx_word' id='word_1_700' title='bbox 1595 4803 1800 4870; x_wconf 87' lang='lat' dir='ltr'><strong>eontumaoia</strong></span> <span class='ocrx_word' id='word_1_701' title='bbox 1816 4804 1851 4866; x_wconf 91' lang='lat' dir='ltr'><strong>in</strong></span> <span class='ocrx_word' id='word_1_702' title='bbox 1863 4804 1982 4882; x_wconf 92' lang='lat' dir='ltr'><strong>Deum,</strong></span> <span class='ocrx_word' id='word_1_703' title='bbox 1999 4825 2122 4888; x_wconf 81' lang='lat' dir='ltr'><strong>pravae</strong></span> 
     </span>
     <span class='ocr_line' id='line_1_52' title="bbox 116 4887 2121 4976; baseline -0.003 -16"><span class='ocrx_word' id='word_1_704' title='bbox 116 4893 349 4960; x_wconf 88' lang='lat' dir='ltr'><strong>oeeonomiam</strong></span> <span class='ocrx_word' id='word_1_705' title='bbox 378 4893 414 4958; x_wconf 90' lang='lat' dir='ltr'><strong>in</strong></span> <span class='ocrx_word' id='word_1_706' title='bbox 443 4891 587 4976; x_wconf 86' lang='lat' dir='ltr'><strong>regenda</strong></span> <span class='ocrx_word' id='word_1_707' title='bbox 614 4891 749 4958; x_wconf 88' lang='lat' dir='ltr'><strong>seelesia</strong></span> <span class='ocrx_word' id='word_1_708' title='bbox 777 4911 908 4958; x_wconf 85' lang='lat' dir='ltr'><strong>neeesse</strong></span> <span class='ocrx_word' id='word_1_709' title='bbox 935 4902 982 4957; x_wconf 91' lang='lat' dir='ltr'><strong>est</strong></span> <span class='ocrx_word' id='word_1_710' title='bbox 1010 4889 1101 4956; x_wconf 90' lang='lat' dir='ltr'><strong>dam·</strong></span> <span class='ocrx_word' id='word_1_711' title='bbox 1151 4889 1362 4974; x_wconf 79' lang='lat' dir='ltr'><strong>cupiditates,</strong></span> <span class='ocrx_word' id='word_1_712' title='bbox 1392 4891 1524 4956; x_wconf 88' lang='lat' dir='ltr'><strong>violenti</strong></span> <span class='ocrx_word' id='word_1_713' title='bbox 1554 4891 1594 4957; x_wconf 90' lang='lat' dir='ltr'><strong>ad</strong></span> <span class='ocrx_word' id='word_1_714' title='bbox 1623 4887 1746 4954; x_wconf 90' lang='lat' dir='ltr'><strong>malum</strong></span> <span class='ocrx_word' id='word_1_715' title='bbox 1775 4887 1932 4974; x_wconf 89' lang='lat' dir='ltr'><strong>impetus)</strong></span> <span class='ocrx_word' id='word_1_716' title='bbox 1953 4888 1989 4954; x_wconf 92' lang='lat' dir='ltr'><strong>in</strong></span> <span class='ocrx_word' id='word_1_717' title='bbox 2011 4890 2121 4954; x_wconf 90' lang='lat' dir='ltr'><strong>Deum</strong></span> 
     </span>
     <span class='ocr_line' id='line_1_53' title="bbox 117 4973 2121 5062; baseline -0.003 -16"><span class='ocrx_word' id='word_1_718' title='bbox 117 4989 219 5046; x_wconf 91' lang='lat' dir='ltr'><strong>nent.</strong></span> <span class='ocrx_word' id='word_1_719' title='bbox 255 4977 406 5046; x_wconf 84' lang='lat' dir='ltr'><strong>Suffioiat</strong></span> <span class='ocrx_word' id='word_1_720' title='bbox 429 4977 512 5042; x_wconf 90' lang='lat' dir='ltr'><strong>illud</strong></span> <span class='ocrx_word' id='word_1_721' title='bbox 533 4977 619 5062; x_wconf 89' lang='lat' dir='ltr'><strong>quod</strong></span> <span class='ocrx_word' id='word_1_722' title='bbox 635 4977 799 5044; x_wconf 89' lang='lat' dir='ltr'><strong>Dominus</strong></span> <span class='ocrx_word' id='word_1_723' title='bbox 829 4998 947 5042; x_wconf 88' lang='lat' dir='ltr'><strong>aroana</strong></span> <span class='ocrx_word' id='word_1_724' title='bbox 968 4977 1102 5060; x_wconf 90' lang='lat' dir='ltr'><strong>spiritus</strong></span> <span class='ocrx_word' id='word_1_725' title='bbox 1152 4977 1318 5042; x_wconf 90' lang='lat' dir='ltr'><strong>reiioiunt:</strong></span> <span class='ocrx_word' id='word_1_726' title='bbox 1348 4977 1439 5060; x_wconf 90' lang='lat' dir='ltr'><strong>quasi</strong></span> <span class='ocrx_word' id='word_1_727' title='bbox 1468 4998 1533 5042; x_wconf 92' lang='lat' dir='ltr'><strong>non</strong></span> <span class='ocrx_word' id='word_1_728' title='bbox 1563 4973 1771 5043; x_wconf 86' lang='lat' dir='ltr'><strong>aeoidentalie</strong></span> <span class='ocrx_word' id='word_1_729' title='bbox 1800 4983 1886 5040; x_wconf 90' lang='lat' dir='ltr'><strong>esset</strong></span> <span class='ocrx_word' id='word_1_730' title='bbox 1907 4981 1975 5039; x_wconf 86' lang='lat' dir='ltr'><strong>tota</strong></span> <span class='ocrx_word' id='word_1_731' title='bbox 1996 4975 2121 5058; x_wconf 89' lang='lat' dir='ltr'><strong>ingenii</strong></span> 
     </span>
     <span class='ocr_line' id='line_1_54' title="bbox 117 5059 2121 5148; baseline -0.002 -17"><span class='ocrx_word' id='word_1_732' title='bbox 117 5065 180 5131; x_wconf 88' lang='lat' dir='ltr'><strong>sui</strong></span> <span class='ocrx_word' id='word_1_733' title='bbox 216 5063 455 5130; x_wconf 89' lang='lat' dir='ltr'><strong>illuminatione</strong></span> <span class='ocrx_word' id='word_1_734' title='bbox 483 5063 647 5148; x_wconf 87' lang='lat' dir='ltr'><strong>supplerit</strong></span> <span class='ocrx_word' id='word_1_735' title='bbox 698 5061 830 5145; x_wconf 90' lang='lat' dir='ltr'><strong>uidquid</strong></span> <span class='ocrx_word' id='word_1_736' title='bbox 858 5061 1015 5128; x_wconf 85' lang='lat' dir='ltr'><strong>elaritatis</strong></span> <span class='ocrx_word' id='word_1_737' title='bbox 1043 5083 1101 5128; x_wconf 82' lang='lat' dir='ltr'><strong>ex·</strong></span> <span class='ocrx_word' id='word_1_738' title='bbox 1151 5061 1255 5128; x_wconf 89' lang='lat' dir='ltr'><strong>nostri</strong></span> <span class='ocrx_word' id='word_1_739' title='bbox 1278 5062 1483 5144; x_wconf 86' lang='lat' dir='ltr'><strong>perversitas.</strong></span> <span class='ocrx_word' id='word_1_740' title='bbox 1517 5061 1700 5128; x_wconf 81' lang='lat' dir='ltr'><strong>Consilium</strong></span> <span class='ocrx_word' id='word_1_741' title='bbox 1718 5080 1796 5144; x_wconf 89' lang='lat' dir='ltr'><strong>ergo</strong></span> <span class='ocrx_word' id='word_1_742' title='bbox 1810 5059 1906 5125; x_wconf 87' lang='lat' dir='ltr'><strong>Mesis</strong></span> <span class='ocrx_word' id='word_1_743' title='bbox 1923 5061 1987 5124; x_wconf 85' lang='lat' dir='ltr'><strong>fuit</strong></span> <span class='ocrx_word' id='word_1_744' title='bbox 2008 5061 2121 5143; x_wconf 83' lang='lat' dir='ltr'><strong>pausis</strong></span> 
     </span>
     <span class='ocr_line' id='line_1_55' title="bbox 117 5145 2121 5232; baseline -0.002 -16"><span class='ocrx_word' id='word_1_745' title='bbox 117 5151 235 5216; x_wconf 88' lang='lat' dir='ltr'><strong>ternis</strong></span> <span class='ocrx_word' id='word_1_746' title='bbox 259 5149 368 5216; x_wconf 85' lang='lat' dir='ltr'><strong>verbis</strong></span> <span class='ocrx_word' id='word_1_747' title='bbox 392 5147 512 5215; x_wconf 89' lang='lat' dir='ltr'><strong>deerat.</strong></span> <span class='ocrx_word' id='word_1_748' title='bbox 546 5149 653 5230; x_wconf 89' lang='lat' dir='ltr'><strong>Quem</strong></span> <span class='ocrx_word' id='word_1_749' title='bbox 731 5148 830 5213; x_wconf 87' lang='lat' dir='ltr'><strong>odam</strong></span> <span class='ocrx_word' id='word_1_750' title='bbox 860 5169 902 5213; x_wconf 84' lang='lat' dir='ltr'><strong>ex</strong></span> <span class='ocrx_word' id='word_1_751' title='bbox 931 5148 1101 5232; x_wconf 90' lang='lat' dir='ltr'><strong>prophetis</strong></span> <span class='ocrx_word' id='word_1_752' title='bbox 1150 5148 1319 5230; x_wconf 91' lang='lat' dir='ltr'><strong>oompleeti</strong></span> <span class='ocrx_word' id='word_1_753' title='bbox 1336 5157 1495 5230; x_wconf 89' lang='lat' dir='ltr'><strong>quantum</strong></span> <span class='ocrx_word' id='word_1_754' title='bbox 1513 5169 1533 5213; x_wconf 91' lang='lat' dir='ltr'><strong>a</strong></span> <span class='ocrx_word' id='word_1_755' title='bbox 1549 5150 1655 5232; x_wconf 87' lang='lat' dir='ltr'><strong>prima</strong></span> <span class='ocrx_word' id='word_1_756' title='bbox 1672 5145 1798 5228; x_wconf 89' lang='lat' dir='ltr'><strong>origine</strong></span> <span class='ocrx_word' id='word_1_757' title='bbox 1815 5145 1944 5210; x_wconf 85' lang='lat' dir='ltr'><strong>differat</strong></span> <span class='ocrx_word' id='word_1_758' title='bbox 1965 5165 2121 5228; x_wconf 89' lang='lat' dir='ltr'><strong>praesens</strong></span> 
     </span>
     <span class='ocr_line' id='line_1_56' title="bbox 114 5231 2122 5320; baseline -0.002 -18"><span class='ocrx_word' id='word_1_759' title='bbox 114 5237 243 5320; x_wconf 88' lang='lat' dir='ltr'><strong>liquet,</strong></span> <span class='ocrx_word' id='word_1_760' title='bbox 254 5237 309 5319; x_wconf 90' lang='lat' dir='ltr'><strong>qni</strong></span> <span class='ocrx_word' id='word_1_761' title='bbox 321 5236 475 5301; x_wconf 86' lang='lat' dir='ltr'><strong>viderunt</strong></span> <span class='ocrx_word' id='word_1_762' title='bbox 486 5236 653 5319; x_wconf 91' lang='lat' dir='ltr'><strong>proprium</strong></span> <span class='ocrx_word' id='word_1_763' title='bbox 672 5235 808 5299; x_wconf 89' lang='lat' dir='ltr'><strong>humani</strong></span> <span class='ocrx_word' id='word_1_764' title='bbox 827 5237 957 5318; x_wconf 89' lang='lat' dir='ltr'><strong>generis</strong></span> <span class='ocrx_word' id='word_1_765' title='bbox 974 5234 1100 5300; x_wconf 91' lang='lat' dir='ltr'><strong>hostem</strong></span> <span class='ocrx_word' id='word_1_766' title='bbox 1151 5242 1264 5300; x_wconf 89' lang='lat' dir='ltr'><strong>nostra</strong></span> <span class='ocrx_word' id='word_1_767' title='bbox 1284 5233 1441 5298; x_wconf 90' lang='lat' dir='ltr'><strong>eonditio:</strong></span> <span class='ocrx_word' id='word_1_768' title='bbox 1465 5241 1501 5299; x_wconf 92' lang='lat' dir='ltr'><strong>ut</strong></span> <span class='ocrx_word' id='word_1_769' title='bbox 1522 5254 1597 5300; x_wconf 90' lang='lat' dir='ltr'><strong>eum</strong></span> <span class='ocrx_word' id='word_1_770' title='bbox 1620 5231 1736 5296; x_wconf 89' lang='lat' dir='ltr'><strong>humili</strong></span> <span class='ocrx_word' id='word_1_771' title='bbox 1755 5231 1870 5314; x_wconf 89' lang='lat' dir='ltr'><strong>eulpae</strong></span> <span class='ocrx_word' id='word_1_772' title='bbox 1891 5244 2022 5296; x_wconf 88' lang='lat' dir='ltr'><strong>nostrae</strong></span> <span class='ocrx_word' id='word_1_773' title='bbox 2043 5251 2122 5297; x_wconf 88' lang='lat' dir='ltr'><strong>eou-</strong></span> 
     </span>
    </p>
   </div>
   <div class='ocr_carea' id='block_1_5' title="bbox 113 5314 2123 5470">
    <p class='ocr_par' dir='ltr' id='par_1_5' title="bbox 113 5314 2123 5470">
     <span class='ocr_line' id='line_1_57' title="bbox 113 5314 2123 5402; baseline -0.004 -12"><span class='ocrx_word' id='word_1_774' title='bbox 113 5343 200 5390; x_wconf 88' lang='lat' dir='ltr'><strong>esee</strong></span> <span class='ocrx_word' id='word_1_775' title='bbox 211 5320 380 5402; x_wconf 79' lang='lat' dir='ltr'><strong>Satanan,</strong></span> <span class='ocrx_word' id='word_1_776' title='bbox 397 5321 541 5385; x_wconf 86' lang='lat' dir='ltr'><strong>omniurn</strong></span> <span class='ocrx_word' id='word_1_777' title='bbox 561 5320 720 5385; x_wconf 88' lang='lat' dir='ltr'><strong>malorum</strong></span> <span class='ocrx_word' id='word_1_778' title='bbox 740 5320 963 5402; x_wconf 89' lang='lat' dir='ltr'><strong>arehiteotum,</strong></span> <span class='ocrx_word' id='word_1_779' title='bbox 981 5340 1100 5386; x_wconf 90' lang='lat' dir='ltr'><strong>nooen·</strong></span> <span class='ocrx_word' id='word_1_780' title='bbox 1151 5320 1290 5387; x_wconf 83' lang='lat' dir='ltr'><strong>sessione</strong></span> <span class='ocrx_word' id='word_1_781' title='bbox 1317 5317 1481 5386; x_wconf 87' lang='lat' dir='ltr'><strong>diseamus</strong></span> <span class='ocrx_word' id='word_1_782' title='bbox 1510 5319 1597 5384; x_wconf 82' lang='lat' dir='ltr'><strong>mala</strong></span> <span class='ocrx_word' id='word_1_783' title='bbox 1621 5327 1734 5383; x_wconf 88' lang='lat' dir='ltr'><strong>nostra</strong></span> <span class='ocrx_word' id='word_1_784' title='bbox 1754 5315 1877 5400; x_wconf 88' lang='lat' dir='ltr'><strong>lugere.</strong></span> <span class='ocrx_word' id='word_1_785' title='bbox 1921 5314 2032 5396; x_wconf 88' lang='lat' dir='ltr'><strong>Quare</strong></span> <span class='ocrx_word' id='word_1_786' title='bbox 2054 5335 2123 5382; x_wconf 91' lang='lat' dir='ltr'><strong>non</strong></span> 
     </span>
     <span class='ocr_line' id='line_1_58' title="bbox 1880 5415 1914 5470; baseline 0 -24"><span class='ocrx_word' id='word_1_787' title='bbox 1880 5415 1914 5470; x_wconf 63' lang='grc'><strong>41</strong></span> 
     </span>
    </p>
   </div>
   <div class='ocr_carea' id='block_1_6' title="bbox 0 0 2516 6192">
    <p class='ocr_par' dir='ltr' id='par_1_6' title="bbox 0 0 2516 6192">
     <span class='ocr_line' id='line_1_59' title="bbox 0 0 2516 6192; baseline 0 5"><span class='ocrx_word' id='word_1_788' title='bbox 0 0 2516 6192; x_wconf 95' lang='lat' dir='ltr'><strong> </strong></span> 
     </span>
    </p>
   </div>
  </div>
 </body>
</html>
