5000 6208
373 465 445 530 363
1042 453 1414 524 COMMENTARIUS
1436 457 1487 522 IN
1510 456 1725 526 GENESIN.
2318 459 2371 524 364

381 651 517 718 mendis.
562 649 661 715 Nulla
683 646 814 731 quidem
836 647 913 712 talis
941 645 1083 729 suspicio
1105 643 1221 711 cadere
1250 643 1355 726 potuit
1408 645 1512 724 veuit,
1540 646 1628 712 inter
1649 646 1729 714 istas
1751 645 1841 712 rixas
1861 666 1929 712 non
1956 647 2065 712 miuus
2098 666 2250 730 asperum
2278 645 2370 713 fuisse

381 739 418 803 in
449 738 557 802 Isaac:
592 733 648 800 sed
681 733 863 799 eommunis
896 731 968 797 vitii
1002 729 1161 796 invidiam
1189 728 1353 795 sustinuit.
1406 731 1455 795 illi
1477 741 1643 798 certamen
1665 751 1740 797 cum
1761 731 1816 798 siti
1838 740 1873 797 et
1900 751 2004 815 aquae
2032 733 2158 815 inopia,
2191 753 2256 816 qua
2284 731 2370 797 illum

381 821 479 890 Unde
505 820 687 905 colligimus
716 827 839 903 quanto
868 817 979 883 utilior
1006 815 1098 882 nobis
1127 836 1224 898 saepe
1253 815 1297 879 sit
1322 823 1356 879 et
1406 819 1564 883 conficere
1597 817 1768 883 tentabant
1799 816 1977 882 Philistini.
2033 817 2090 884 Sic
2121 818 2209 884 enim
2237 817 2371 883 texenda

380 908 486 992 magis
524 905 676 990 optabilis
715 903 887 969 mediocris
924 903 1072 979 fortuna,
1117 922 1200 984 quae
1239 900 1355 967 saltem
1405 911 1456 968 est
1478 903 1622 969 historia.
1662 903 1815 970 Primum
1832 923 1892 969 suo
1909 923 1999 968 more
2020 904 2165 969 breviter
2185 903 2372 988 perstringit

380 994 518 1078 quietior
539 1001 598 1069 est,
621 1013 680 1056 noc
698 998 765 1056 tam
786 989 934 1073 exposita
952 987 1099 1054 odiorum
1123 985 1282 1069 procellis,
1302 985 1354 1060 vel
1405 987 1516 1054 Moses
1537 991 1585 1053 rei
1614 1009 1794 1067 summam,
1823 987 1908 1071 quod
1938 988 2062 1055 scilieet
2082 988 2176 1056 Isaeo
2203 989 2241 1054 in
2270 990 2371 1054 animo

380 1078 524 1146 sinistris
562 1074 800 1160 suspicionibus
839 1074 990 1141 obnoxia.
1046 1073 1221 1139 (laetarum
1255 1091 1354 1155 quam
1406 1073 1559 1139 habuerit
1586 1085 1702 1158 puteos
1729 1073 1806 1138 olim
1829 1095 1849 1139 a
1876 1081 1970 1155 patre
1998 1076 2149 1141 inventos
2176 1095 2291 1142 rursus
2321 1076 2372 1140 eibi

380 1186 457 1231 rara
486 1171 521 1230 et
549 1162 679 1228 insolita
707 1162 805 1227 fuerit
833 1159 897 1227 Dei
927 1160 1107 1226 benedictio
1133 1160 1169 1223 in
1203 1156 1354 1242 augendo
1404 1167 1533 1242 aptare,
1565 1173 1600 1226 et
1620 1161 1712 1244 quasi
1764 1160 1939 1226 ostliminio
1961 1160 2284 1243 repetereamissam
2308 1181 2371 1242 pos·

381 1251 485 1327 Isaac,
504 1249 582 1314 hinc
599 1247 772 1332 colligitur,
794 1246 881 1331 quod
898 1247 969 1313 eius
986 1265 1065 1329 opes
1083 1255 1150 1309 tam
1169 1243 1238 1328 regi
1256 1263 1353 1326 quam
1405 1245 1593 1312 sessionem.
1638 1245 1725 1311 Dein
1750 1267 1768 1310 e
1798 1245 1904 1311 fusius
1930 1246 2135 1329 exsequitur,
2165 1266 2266 1328 quum
2299 1263 2372 1330 epus

380 1335 501 1422 populo
528 1332 747 1400 formidabiles
775 1342 861 1398 sunt.
906 1330 1197 1415 Oopiosaquidem
1220 1337 1355 1412 epatre
1405 1349 1581 1415 aggressus
1609 1332 1709 1409 foret,
1738 1352 1797 1397 suo
1826 1331 1936 1397 labore
1957 1332 2066 1414 inique
2087 1330 2277 1397 fraudatum
2299 1351 2371 1396 esse.

380 1418 565 1488 haereditas
592 1420 643 1485 illi
669 1418 859 1485 obvenerat:
887 1417 945 1484 sed
978 1418 1088 1482 Moses
1116 1414 1274 1491 ostendit,
1312 1435 1354 1480 ex
1405 1415 1501 1496 Quod
1532 1425 1644 1482 autem
1665 1418 1701 1481 in
1729 1418 1824 1482 tertio
1854 1425 1953 1499 puteo
1982 1418 2106 1502 gratias
2127 1416 2200 1482 Deo
2229 1417 2315 1500 agit,
2344 1423 2372 1480 et

381 1528 445 1591 quo
468 1516 587 1572 terram
611 1504 701 1570 illam
723 1505 892 1588 ingressus
922 1511 987 1582 est,
1015 1503 1062 1568 ita
1090 1501 1181 1566 brevi
1211 1499 1354 1566 crevisse
1404 1501 1614 1568 Latitudines
1644 1501 1717 1568 ideo
1750 1501 1908 1585 appellat,
1941 1502 2027 1586 quod
2060 1523 2119 1586 per
2139 1503 2205 1568 Dei
2239 1503 2372 1587 gratiam

381 1605 417 1659 ut
438 1591 555 1658 ineolis
576 1590 669 1656 visus
690 1591 789 1655 fuerit
810 1589 946 1654 minime
968 1586 1154 1653 tolerabilis.
1404 1587 1538 1653 liberior
1565 1608 1668 1671 aquae
1694 1590 1786 1670 eopia
1814 1609 1904 1655 nune
1930 1597 2097 1671 suppetat:
2131 1588 2297 1671 specimen
2329 1597 2373 1652 est

468 1678 518 1744 18.
549 1675 593 1741 Ει
620 1675 700 1759 fodit
722 1681 834 1758 peleos
863 1695 973 1758 aqum
1024 1674 1172 1739 Primum
1202 1671 1354 1738 videmus
1404 1673 1546 1739 invictae
1568 1674 1755 1756 patientiae.
1794 1675 1883 1758 llrgo
1902 1675 2080 1757 quamlibet
2097 1673 2224 1740 duriter
2241 1683 2374 1741 vexatus

382 1777 533 1830 sanetum
556 1763 663 1830 sirum
686 1771 752 1827 tam
775 1759 922 1827 odiosum
950 1759 1052 1826 fuisse
1079 1759 1212 1836 vicinis,
1243 1766 1280 1822 ut
1301 1777 1353 1822 co·
1404 1758 1511 1838 fuerit,
1534 1780 1636 1842 quum
1657 1769 1770 1825 tamen
1793 1759 1951 1825 molestiis
1973 1759 2145 1827 defunctus
2167 1768 2236 1824 tam
2254 1757 2373 1844 placide

382 1860 474 1915 sotus
491 1848 590 1914 luerit
606 1848 667 1914 sibi
685 1867 849 1912 recessum
867 1867 1023 1929 quaerere
1041 1865 1201 1928 aquarum
1215 1844 1353 1927 inopem.
1405 1846 1529 1928 gratias
1547 1844 1708 1930 agitDee‚
1731 1857 1763 1912 ει
1781 1846 1851 1912 eius
1869 1847 2047 1912 bonitatem
2064 1844 2217 1922 celebrat,
2238 1865 2275 1910 se
2295 1847 2373 1910 inter

381 1935 482 2002 Nulla
511 1941 619 2000 autem
648 1953 750 2016 aeque
783 1932 919 1998 molesta
940 1939 974 1997 et
1000 1931 1041 1996 ad
1069 1933 1159 1997 vitae
1188 1950 1283 1994 usum
1304 1929 1355 1994 in·
1405 1930 1530 1996 modias
1551 1929 1663 1996 turbes
1685 1933 1900 2014 compositum
1923 1943 1956 1996 et
1981 1929 2131 1997 sedatum
2158 1931 2309 1997 animum
2329 1950 2374 1995 rs·

381 2019 550 2088 commode
579 2019 753 2096 habitatio,
786 2038 883 2100 quam
916 2037 999 2100 quae
1032 2037 1191 2100 aquarum
1218 2016 1356 2098 peneus
1406 2016 1546 2082 tinuisse
1566 2016 1717 2082 ostendit.

381 2107 516 2172 laborat
550 2105 644 2171 Adde
661 2103 747 2188 quod
767 2102 894 2187 peeoris
916 2103 1017 2187 copia,
1039 2111 1073 2168 et
1094 2122 1264 2168 servorum
1286 2121 1355 2165 am·
1490 2102 1542 2168 23.
1564 2101 1609 2167 Er
1629 2103 1768 2170 αεεειάἑι
1783 2103 1818 2167 e'u
1835 2101 2035 2168 Beer-sebae.
2072 2101 2230 2186 Sequitur
2252 2102 2376 2168 uberior

404 2192 521 2268 litudo,
549 2193 654 2256 instar
676 2189 769 2272 parvi
791 2189 969 2266 exereitus,
999 2188 1171 2271 aquatione
1192 2208 1274 2270 opus
1297 2187 1355 2251 ba·
1405 2187 1599 2267 consolatio,
1633 2197 1667 2253 et
1695 2187 1736 2254 ad
1765 2187 1978 2254 recreandum
2006 2189 2113 2255 sancti
2141 2188 2204 2252 viri
2231 2187 2374 2252 ammam

424 2277 494 2343 bat:
529 2297 628 2360 quare
661 2275 812 2341 videmus
839 2275 931 2341 miris
964 2275 1125 2360 angustiis
1150 2273 1251 2338 fuisse
1278 2292 1355 2338 eon·
1405 2272 1504 2356 plane
1524 2274 1650 2340 efficax.
1695 2272 1792 2354 Quod
1814 2272 1992 2357 tranquillo
2013 2283 2113 2358 puteo
2140 2275 2276 2351 fruitur,
2306 2271 2375 2338 inde

382 2366 540 2431 strictum.
585 2361 682 2445 Quod
706 2371 814 2426 autem
836 2360 917 2427 baec
938 2360 1055 2425 ultima
1082 2359 1260 2426 necessitas
1281 2378 1355 2422 eum
1405 2361 1472 2424 iam
1492 2360 1641 2442 agnoseit
1668 2359 1845 2443 propitium
1874 2359 1936 2423 sibi
1957 2379 2028 2425 esse
2051 2361 2168 2426 Deum.
2215 2357 2284 2425 Sed
2307 2359 2376 2442 quie

380 2449 422 2516 ed
445 2447 636 2515 tenmndam
657 2445 839 2513 vindictam
857 2465 924 2511 non
946 2445 1090 2531 instigat,
1113 2443 1289 2529 singularis
1307 2453 1356 2508 to-
1405 2444 1493 2528 apud
1511 2444 1623 2510 fideles
1640 2446 1714 2528 plus
1732 2445 1831 2511 habet
1849 2444 2001 2527 ponderis
2017 2466 2085 2510 una
2101 2465 2168 2511 vox
2185 2446 2259 2524 Dei,
2284 2463 2377 2527 quam

381 2535 540 2601 lerantiae
561 2535 692 2619 signum
715 2538 773 2598 est.
811 2529 942 2598 Scimus
965 2531 1053 2596 enim
1071 2540 1108 2597 ut
1125 2551 1221 2613 saepe
1243 2530 1357 2595 huma-
1406 2530 1567 2595 bonorum
1589 2532 1734 2596 emnium
1757 2531 1940 2615 congeries:
1974 2551 2041 2596 non
2072 2531 2207 2597 dubium
2230 2539 2283 2596 est
2305 2530 2376 2614 quin

382 2623 433 2686 nis
455 2628 488 2684 et
517 2618 672 2684 modestis
699 2616 888 2683 hominibus
917 2617 1107 2700 patientiam
1137 2621 1356 2698 extorqueant
1406 2616 1523 2682 laetius
1544 2615 1711 2682 oraculum
1734 2616 1797 2682 hoe
1818 2617 1984 2700 exceperit
2004 2616 2106 2693 Isaeo,
2128 2637 2226 2700 quam
2246 2616 2274 2680 si
2294 2615 2377 2680 mille

381 2706 521 2772 leviores
552 2705 701 2769 iniuriae.
752 2701 789 2770 Si
818 2702 891 2785 quis
914 2700 1004 2769 vires
1035 2701 1176 2767 debuisse
1208 2701 1353 2767 obiiciat:
1407 2701 1549 2768 noemma
1576 2703 1641 2766 rivi
1673 2702 1855 2766 fluxissent.
1907 2703 1952 2768 lat
1979 2711 2067 2768 certa
2095 2701 2206 2768 Moses
2232 2701 2378 2768 consulto

381 2792 487 2858 fateor
510 2790 642 2874 quidem
663 2787 749 2854 bello
771 2786 913 2873 gerendo
935 2808 1049 2871 parem
1070 2807 1137 2853 non
1158 2786 1276 2852 fnisse:
1298 2785 1355 2851 sed
1407 2788 1549 2872 gretiam
1570 2787 1665 2864 hanc,
1688 2787 1773 2871 quod
1796 2808 1871 2852 eum
1889 2787 2052 2854 Dominus
2074 2787 2175 2854 verbo
2193 2809 2252 2854 suo
2267 2786 2377 2864 erexit,

272 2902 278 2914 ·
380 2897 481 2963 quum
503 2889 597 2961 pater
616 2873 786 2941 Abraham
808 2872 1063 2958 quadringentos
1082 2893 1194 2939 servos
1211 2891 1354 2936 armave-
1406 2874 1580 2956 magnifiee
1611 2873 1833 2952 commendat,
1862 2893 1927 2957 quo
1959 2873 2122 2939 discanm
2154 2873 2292 2956 reliquis
2319 2871 2379 2937 Dei

380 2965 442 3043 rit,
476 2963 545 3047 ipse
578 2981 705 3045 quoque
737 2966 825 3026 certe
857 2959 974 3025 habuit
1005 2955 1182 3024 servorum
1202 2965 1355 3038 turmam,
1407 2958 1572 3025 benefiuis
1600 2960 1647 3024 ita
1673 2979 1769 3025 suum
1800 2959 1957 3024 honorem
1987 2959 2145 3038 tribuere,
2180 2969 2217 3023 ut
2237 2958 2377 3042 palmam

380 3070 464 3133 quae
486 3047 556 3113 vim
577 3067 597 3111 a
617 3046 736 3114 vicinis
758 3045 883 3110 illatam
903 3045 998 3112 facile
1020 3044 1201 3128 repelleret.
1239 3042 1355 3110 (laete-
1407 3065 1536 3128 semper
1563 3044 1710 3112 obtineat
1732 3044 1861 3128 paterni
1882 3045 2002 3111 amoris
2026 3045 2266 3120 testimonium,
2298 3040 2380 3127 qnod

382 3155 456 3200 rum
490 3154 565 3217 spes
597 3152 696 3216 quam
729 3139 889 3215 sequutus
921 3141 1008 3208 erat,
1041 3151 1141 3213 quum
1171 3129 1205 3194 in
1235 3129 1355 3194 vallem
1407 3131 1502 3196 nobis
1523 3130 1623 3196 verbo
1645 3151 1703 3196 suo
1725 3129 1841 3196 reddit.
1886 3130 2013 3208 Victus,
2035 3136 2190 3210 vestitus,
2216 3132 2304 3196 bona
2326 3147 2379 3193 va-

380 3219 490 3286 Gerer
518 3217 725 3296 concederet,
756 3217 875 3281 iterum
904 3215 954 3281 illi
983 3223 1118 3299 repente
1144 3214 1354 3282 abscinditur.
1407 3214 1528 3296 letudo,
1551 3237 1625 3300 pax,
1648 3224 1681 3282 ot
1698 3216 1755 3281 alii
1777 3217 1925 3300 prosperi
1948 3235 2116 3283 successus
2139 3215 2271 3281 divinae
2290 3213 2379 3280 boni·

382 3303 515 3373 Sciebat
535 3311 661 3388 petrem
673 3301 842 3367 Abraham
859 3301 926 3368 illie
948 3301 1088 3385 propriis
1108 3301 1217 3386 puteis
1234 3311 1267 3366 et
1285 3321 1305 3366 a
1321 3321 1356 3365 se
1407 3301 1486 3367 tatis
1569 3309 1640 3367 tum
1662 3301 1755 3368 nobis
1776 3303 1949 3385 praebent:
1973 3301 2031 3370 sed
2052 3321 2154 3386 quum
2176 3301 2381 3368 familiariter

382 3391 524 3475 repertis
545 3409 640 3455 usum
659 3407 745 3453 esse:
767 3407 953 3471 quanquam
975 3394 1087 3453 autem
1108 3386 1229 3454 occlusi
1251 3394 1355 3464 erant,
1408 3407 1469 3453 nos
1529 3387 1670 3470 oquitur,
1694 3408 1732 3455 ac
1752 3386 1872 3454 diserte
1890 3389 2086 3472 pronunciat
2103 3407 2140 3453 se
2156 3407 2229 3454 esse
2245 3394 2381 3472 patrem,

382 3478 463 3543 setis
482 3484 593 3540 tamen
610 3483 681 3538 erat
698 3494 801 3539 venes
818 3493 975 3556 aquarum
998 3473 1146 3558 cognitas
1168 3472 1298 3552 habere,
1316 3493 1357 3538 ne
1406 3472 1475 3539 illic
1491 3493 1572 3538 vero
1589 3482 1639 3540 est
1657 3473 1741 3558 quod
1759 3494 1819 3541 nos
1835 3473 1877 3539 ad
1895 3472 2078 3540 radentem
2096 3474 2231 3558 penitus
2248 3472 2381 3539 reficiat

381 3561 533 3628 fodiendo
555 3560 697 3626 laborem
720 3561 842 3625 frustra
865 3558 1101 3642 impenderent.
1146 3559 1249 3625 Porro
1272 3556 1356 3641 quod
1408 3557 1580 3641 Quaenam
1602 3559 1766 3645 migrandi
1788 3579 1886 3626 eausa
1902 3559 2004 3625 inerit
2020 3568 2058 3625 nt
2074 3560 2169 3625 Isaeo
2191 3557 2381 3626 ascenderet

382 3649 472 3732 putei
490 3647 728 3731 postAbrahae
747 3645 924 3710 discessum
943 3644 1102 3711 obstructi
1119 3643 1259 3723 fuerant,
1279 3642 1357 3708 hino
1407 3645 1587 3711 Beer-seba
1607 3645 1643 3710 in
1664 3657 1761 3712 vetus
1789 3648 1893 3728 patris
1921 3645 2114 3728 hospitium,
2143 3666 2213 3711 non
2241 3643 2383 3728 explicat

383 3733 549 3818 colligitur
569 3751 667 3815 quam
688 3749 805 3814 parum
828 3740 941 3814 gratus
963 3731 1060 3795 fuerit
1085 3730 1203 3813 hospes
1230 3729 1356 3796 incolis.
1408 3732 1531 3798 Moses:
1554 3732 1626 3796 fieri
1643 3741 1750 3814 potest
1773 3740 1812 3797 ut
1829 3731 1997 3798 Philistini
2021 3730 2161 3797 subinde
2186 3751 2261 3797 aum
2280 3731 2382 3795 lacea-

382 3818 544 3906 Quemvis
565 3817 653 3883 enim
676 3817 782 3900 puteis
811 3817 956 3899 ipsorum
978 3816 1068 3900 regio
1090 3815 1206 3880 melior
1232 3813 1358 3880 reddite
1407 3837 1479 3883 sere
1501 3837 1568 3882 non
1591 3816 1762 3882 desierint:
1784 3827 1882 3901 atque
1903 3819 1950 3882 ite
1971 3826 2102 3884 sanoma
2123 3817 2178 3884 vir
2197 3813 2385 3900 implacabi-

383 3917 477 3984 esset,
501 3904 563 3970 hac
586 3912 694 3967 tamen
716 3901 857 3967 utilitate
880 3923 915 3967 se
936 3902 1068 3985 privare
1089 3901 1232 3980 malunt,
1259 3922 1357 3984 quem
1408 3903 1450 3968 lis
1483 3922 1596 3968 eorum
1629 3904 1772 3968 malitiae
1804 3913 1987 3987 pertaesus,
2024 3903 2154 3988 longius
2187 3901 2382 3969 discesserit

382 3989 504 4057 habere
522 3989 668 4054 vicinum
689 3987 872 4053 Abraham:
896 3987 1125 4070 nequeenim
1143 3985 1358 4054 commoditas
1408 3988 1579 4072 Temporis
1588 3987 1720 4072 quidem
1738 3990 1984 4055 circumstantia
2000 3988 2167 4072 probabile
2184 3989 2271 4068 facit,
2297 4005 2385 4053 moe·
2474 4057 2475 4062 ,

383 4078 492 4161 ipsum
509 4073 638 4154 invitet,
661 4072 809 4140 obductis
828 4075 933 4156 puteis
950 4073 1039 4138 viam
1057 4073 1105 4137 illi
1124 4071 1359 4157 quodammodo
1409 4082 1497 4140 etum
1527 4083 1561 4140 et
1588 4075 1724 4140 anxium
1752 4076 1862 4141 fuisse.
1904 4075 1958 4140 Ex
1980 4095 2044 4158 quo
2065 4075 2195 4158 appulit
2216 4076 2251 4139 in
2274 4075 2384 4140 locum

383 4160 611 4247 praecludunt.
656 4160 729 4225 Moe
749 4158 915 4224 veteribus
937 4159 1008 4238 fuit,
1031 4160 1061 4224 si
1082 4178 1179 4241 quem
1206 4157 1359 4224 volebant
1408 4159 1520 4239 illum,
1550 4162 1657 4244 prima
1684 4173 1778 4226 nocte
1799 4161 1892 4227 Deus
1913 4161 1961 4226 illi
1991 4171 2142 4244 apparet:
2173 4160 2227 4226 hio
2249 4167 2386 4225 notatur

384 4248 583 4315 exstinctum
601 4253 635 4310 et
651 4253 814 4311 resectum
831 4245 872 4310 ab
890 4243 1059 4309 hominum
1078 4244 1238 4320 societate,
1258 4245 1358 4309 inter·
1408 4246 1518 4328 aliqua
1535 4247 1691 4330 temporis
1708 4248 1942 4330 opportunitas.
1978 4247 2082 4312 Porro
2098 4247 2226 4330 quoties
2243 4245 2387 4311 antehac

384 4334 491 4400 dicere
530 4351 615 4415 aqua
644 4339 678 4397 et
709 4331 792 4416 igni:
826 4330 994 4396 Philistini
1028 4339 1066 4395 ut
1098 4349 1116 4396 e
1149 4349 1208 4395 sua
1240 4331 1359 4395 vicinia
1409 4332 1522 4397 retulit
1544 4332 1655 4398 Moses
1676 4332 1785 4398 Deum
1806 4333 1996 4415 apparuisse
2018 4331 2181 4413 Abrahae,
2204 4331 2309 4398 simul
2332 4329 2385 4394 do·

385 4419 555 4486 Abraham
592 4415 825 4497 submoveant,
863 4417 894 4481 ei
925 4415 1126 4481 subtrahunt
1158 4435 1261 4498 aquae
1293 4415 1357 4482 ele-
1409 4419 1503 4486 cebet
1529 4430 1679 4484 sanetum
1710 4419 1818 4482 virum
1843 4418 1898 4483 vel
1925 4417 2082 4502 gravibus
2109 4418 2199 4484 curis
2227 4415 2387 4501 torqueri,

386 4514 546 4571 mentum.
1409 4502 1463 4570 vel
1485 4504 1676 4587 perplexum
1699 4505 1804 4569 teneri
1825 4505 1859 4568 in
1882 4503 1990 4588 aliquo
2012 4505 2143 4584 timore,
2173 4503 2228 4569 vel
2255 4502 2388 4569 demer-

478 4589 605 4656 Vooecil
636 4607 687 4654 eoa
718 4586 908 4653 somatibus
959 4587 1055 4653 Nova
1087 4587 1195 4670 puteis
1226 4587 1359 4653 nomina
1410 4610 1483 4654 sum
1512 4609 1583 4656 esre
1612 4591 1647 4654 in
1679 4591 1830 4668 tristitia,
1863 4590 1916 4654 vel
1948 4599 2022 4672 post
2053 4591 2173 4656 multas
2206 4608 2390 4655 aerumna

385 4697 451 4742 nen
474 4673 601 4755 indidit,
624 4671 682 4738 sed
701 4694 783 4757 quae
810 4674 963 4756 imposita
992 4673 1121 4737 bierunt
1143 4695 1163 4737 a
1185 4681 1278 4755 patro
1300 4694 1359 4738 suo
1410 4676 1500 4759 quasi
1518 4674 1711 4741 lassitudine
1729 4677 1927 4741 confectum:
1945 4686 1982 4740 ut
1996 4685 2162 4742 conseret
2178 4677 2389 4758 tempestive,

388 4760 554 4827 Abraham
575 4761 610 4824 in
631 4778 728 4824 nsum
750 4760 913 4838 restituit,
942 4768 980 4824 ut
1002 4758 1063 4824 hac
1085 4759 1243 4823 memoria
1265 4769 1359 4823 vetus
1410 4762 1505 4833 sicuti
1535 4761 1687 4844 poscebat
1715 4762 1910 4838 necessitas,
1937 4781 2070 4826 manum
2093 4783 2113 4827 a
2135 4762 2207 4826 Deo
2229 4759 2284 4826 illi
2316 4777 2392 4845 per·
2474 4795 2475 4798 π

385 4847 545 4932 possessio
571 4853 794 4910 renovaretur.
840 4843 907 4910 Sed
940 4845 1174 4928 superveniens
1204 4844 1360 4911 violentia
1411 4859 1548 4927 rectam,
1578 4866 1620 4911 ne
1644 4847 1739 4913 malis
1766 4848 1999 4914 succumberet.
2043 4848 2096 4912 lta
2118 4866 2206 4912 nune
2227 4845 2272 4911 ad
2297 4845 2392 4912 Isaac

386 4941 514 4998 mutare
534 4929 670 4996 nomine
691 4929 800 5013 ipsum
822 4929 917 5016 cogit,
950 4941 989 4995 ut
1011 4930 1126 4996 saltem
1149 4940 1359 4994 monumento
1412 4934 1522 4998 venire
1549 4934 1762 5016 interpretor,
1792 4942 1830 4997 ut
1859 4933 1959 5000 variis
1987 4932 2128 4999 miseriis
2157 4931 2332 4999 defessum
2361 4941 2393 4996 et

386 5018 494 5102 aliquo
513 5025 667 5082 testatam
684 5015 792 5095 faciat,
811 5035 849 5081 ac
866 5016 1051 5082 Philistinis
1069 5016 1244 5097 exprobret
1261 5036 1358 5098 quam
1408 5017 1630 5085 semifraotum
1658 5020 1828 5084 instauret.

377 5105 533 5171 'fecerant
552 5100 717 5167 iniuriam.
746 5101 837 5168 ¹Nem
857 5123 957 5185 quum
980 5109 1115 5184 puteum
1137 5121 1240 5166 unum
1263 5111 1360 5168 vocat
1495 5103 1547 5169 24.
1571 5103 1615 5169 El
1640 5105 1730 5170 auae
1757 5109 1803 5169 est
1829 5104 1858 5168 ei
1880 5103 2005 5170 lebona.
2051 5104 2144 5170 Visio
2171 5103 2253 5170 haee
2291 5103 2393 5190 (siem

386 5189 536 5274 Iurgium
559 5186 612 5251 vel
634 5187 766 5264 Rixam,
788 5186 927 5253 alterum
949 5185 1188 5264 Humilitatem,
1213 5187 1284 5253 iure
1307 5188 1357 5252 vel
1410 5189 1487 5256 alibi
1516 5188 1672 5276 diximus)
1701 5191 1905 5273 praeparatio
1926 5190 2002 5269 fnit,
2033 5199 2069 5256 ut
2091 5188 2200 5257 Deum
2226 5192 2395 5258 attentius

386 5276 524 5341 honesto
551 5272 647 5338 titulo
675 5271 840 5357 possidere
874 5286 973 5358 negat
1001 5271 1087 5356 quod
1114 5272 1278 5339 hostiliter
1307 5273 1358 5339 vel
1410 5274 1553 5354 audiret,
1584 5296 1621 5341 ao
1649 5277 1768 5342 certior
1797 5277 1891 5351 lieret
1918 5275 1980 5341 sibi
2008 5278 2177 5360 negotium
2203 5295 2281 5340 esse
2317 5296 2395 5343 eum

388 5359 586 5443 praedonum
607 5377 698 5423 more
719 5359 897 5441 rapuerint.
940 5359 1079 5424 Interim
1105 5366 1260 5444 reputare
1281 5380 1357 5426 con·
1382 5338 1385 5440 l
1411 5364 1497 5428 Dee:
1520 5361 1589 5427 sola
1611 5361 1699 5427 enim
1723 5381 1788 5427 vox
1811 5363 1919 5428 minus
1941 5361 2109 5429 habuisset
2129 5361 2304 5446 energiae:
2337 5385 2396 5448 ap-
