5022 6192
136 459 172 525 25
793 453 1161 526 COMMENTARIUS
1184 455 1234 521 IN
1255 456 1469 524 GENESIN.
2075 461 2118 527 26

212 645 262 710 26.
285 642 458 712 lbciomas
478 644 651 710 beraea
693 643 836 710 ueneni
864 643 1012 710 futurum
1046 653 1097 710 ast
1148 644 1315 728 sophatur,
1345 652 1382 710 nt
1411 645 1589 712 trinitatem
1618 646 1653 710 in
1683 646 1815 712 homine
1843 647 1986 713 fabricet.
2035 647 2121 714 Nam

136 741 270 817 tempus,
298 751 394 796 nemo
421 740 533 796 tamen
562 751 627 795 non
656 730 778 797 fatetur
806 749 877 796 esse
898 730 985 795 hunc
1005 731 1097 813 quasi
1148 750 1247 812 quum
1270 740 1337 796 tres
1360 731 1489 798 animae
1517 731 1688 798 ιιιιιιιιιοι
1718 741 1948 799 recenseantur
1980 730 2022 798 ab
2043 733 2121 798 Ari-

136 817 335 883 deliberautis
368 835 561 881 sermonem.
622 816 794 882 Hactenus
830 816 1019 899 simpliciter
1050 817 1098 881 in·
1148 817 1274 895 stotele,
1282 816 1478 896 intellectus,
1490 819 1656 896 memoria,
1669 818 1834 884 voluntas:
1857 817 1939 884 illud
1949 819 2121 903 arripiens,

135 905 256 970 benum
279 902 388 966 Deum
410 901 557 967 induxit:
586 923 674 968 nunc
703 899 756 966 ubi
783 901 824 966 ad
846 921 928 984 opus
950 902 1097 966 omnium
1149 923 1190 966 ex
1219 922 1285 966 una
1313 902 1461 967 trinitate
1490 904 1610 968 multas
1632 911 1744 987 postea
1763 902 1898 968 derivat.
1950 905 2122 970 illiusmodi

134 987 440 1074 praestantissimum
470 995 603 1052 ventum
626 993 685 1067 est,
713 987 982 1054 consultationem
1005 985 1097 1052 adhi-
1148 986 1424 1069 speculationibus
1452 989 1479 1052 si
1508 990 1580 1071 quis
1612 990 1732 1055 otiosus
1765 989 1866 1055 lector
1892 990 2054 1056 oblectare
2086 1011 2121 1056 se

135 1075 190 1139 bet.
236 1074 370 1139 Poterat
399 1083 487 1138 certe
514 1071 606 1138 Deus
640 1071 694 1138 hic
728 1093 853 1156 quoque
880 1072 968 1137 nudo
998 1071 1097 1138 verbo
1149 1071 1239 1150 velit,
1267 1072 1354 1158 legat
1382 1071 1501 1138 librum
1533 1074 1582 1139 10.
1614 1074 1655 1139 de
1682 1075 1800 1140 'Priuit
1831 1083 1865 1138 et
1894 1075 1944 1140 14.
1972 1077 2050 1140 item
2081 1075 2121 1141 de

133 1158 282 1224 mandare
304 1157 382 1241 quid
404 1159 474 1224 fieri
496 1159 615 1223 vellet:
641 1158 697 1224 sed
720 1157 863 1223 hominis
884 1158 1098 1224 excellentiae
1149 1156 1248 1222 Oivit.
1272 1159 1334 1223 Dei
1358 1157 1439 1222 libro
1463 1159 1513 1224 11.
1543 1159 1664 1224 Fateor
1686 1161 1817 1243 quidem
1840 1180 1910 1225 esse
1932 1162 1966 1224 in
1989 1161 2121 1227 bomine

135 1246 203 1310 dare
233 1244 294 1310 hoc
322 1243 437 1322 voluit,
464 1252 502 1308 ut
527 1243 567 1309 de
591 1244 660 1309 eius
682 1245 843 1311 creatione
867 1244 902 1308 iu
925 1245 1097 1310 consilium
1149 1243 1273 1325 aliquid
1295 1242 1380 1324 quod
1402 1244 1546 1323 Patrem,
1576 1253 1610 1311 et
1630 1244 1762 1322 Filium,
1792 1254 1826 1310 et
1846 1244 2007 1330 Spiritum
2037 1246 2120 1310 refe-

133 1328 360 1414 quodammodo
381 1329 454 1394 iret.
498 1329 563 1394 Hic
584 1349 731 1394 summus
756 1339 807 1395 est
828 1329 931 1394 honos
952 1349 1016 1412 quo
1039 1350 1097 1394 nos
1148 1335 1213 1393 rat:
1242 1327 1333 1394 illam
1362 1348 1490 1412 quoque
1517 1330 1710 1396 facultatum
1731 1333 1859 1396 animae
1881 1330 2120 1397 distinctionem

134 1415 277 1500 dignatus
305 1425 371 1480 eet:
396 1414 437 1480 ad
466 1435 562 1497 quem
584 1415 799 1499 reputandum
829 1415 891 1480 hac
913 1415 1098 1498 loquutione
1147 1435 1212 1479 non
1238 1433 1335 1497 aegm
1356 1413 1508 1480 admitto:
1539 1417 1600 1481 etei
1618 1413 1746 1481 brevior
1763 1417 1903 1500 partitio,
1931 1438 2050 1501 nempe
2072 1417 2120 1482 bi·

132 1501 231 1567 studia
253 1508 366 1565 nostra
387 1499 563 1566 accendere
585 1501 688 1565 voluit
709 1501 827 1566 Moses.
871 1501 985 1584 Neque
1009 1505 1095 1566 enim
1148 1499 1311 1576 membris,
1343 1520 1427 1582 quae
1448 1502 1627 1585 scripturae
1648 1503 1753 1586 magis
1775 1503 1897 1568 usitata
1918 1511 1976 1582 est,
2005 1504 2045 1567 ad
2069 1524 2120 1568 so-

132 1587 266 1670 cogitare
296 1607 384 1652 nune
413 1585 542 1651 demum
578 1587 694 1669 incipit
722 1587 813 1652 Deus
844 1605 942 1669 quam
971 1585 1096 1651 homini
1120 1617 1124 1720 p
1148 1585 1247 1650 lidum
1274 1586 1407 1670 pietatis
1435 1584 1614 1652 doctrinam
1642 1587 1747 1668 aptior
1782 1595 1847 1652 est:
1884 1589 1939 1653 sed
1974 1587 2120 1654 delinitio

130 1673 262 1736 formam
284 1672 421 1736 daturus
439 1673 489 1749 sit,
512 1671 630 1754 quibus
651 1692 726 1736 enm
744 1671 871 1737 dotibus
892 1675 1000 1738 ornari
1023 1691 1098 1736 con·
1146 1670 1300 1754 imaginis
1322 1671 1387 1735 Dei
1416 1671 1490 1754 plus
1516 1671 1635 1738 habere
1664 1673 1827 1738 firmitatis
1847 1671 1944 1738 debet
1965 1693 2061 1756 quam
2084 1675 2120 1738 in

130 1758 245 1835 veniat,
268 1777 371 1840 neque
393 1767 547 1839 tanquam
570 1758 604 1820 in
636 1777 670 1822 re
701 1757 822 1824 difficili
846 1758 1009 1824 subsistit:
1039 1756 1096 1822 sed
1120 1731 1124 1812 l
1148 1755 1266 1820 talibus
1289 1757 1436 1840 argutiis.
1475 1757 1548 1842 Ego
1568 1759 1755 1840 priusquam
1778 1759 1954 1842 imaginem
1977 1759 2040 1825 Dei
2062 1759 2119 1823 de·

130 1841 395 1925 quemadmodum
413 1853 489 1908 aute
506 1843 692 1908 monuimus
714 1841 830 1908 mundi
847 1845 1042 1909 creationem
1061 1845 1095 1908 in
1148 1841 1268 1920 finiam,
1301 1862 1321 1906 a
1348 1841 1562 1908 similitudine
1594 1842 1725 1907 differre
1753 1864 1846 1927 nego.
1901 1844 1986 1909 Nam
2018 1865 2118 1927 quum

130 1949 184 1992 sex
213 1926 282 1994 dies
311 1937 424 1993 nostra
453 1947 549 1994 eausa
577 1928 675 1994 fuisse
698 1929 913 2006 distributam,
943 1948 1006 2012 quo
1027 1949 1095 1992 me·
1146 1926 1257 1991 Noses
1286 1927 1372 1992 idem
1399 1936 1512 2011 postea
1540 1929 1672 2012 repetit,
1702 1929 1875 2011 praeterita
1906 1927 2118 1995 similitudine

128 2013 186 2078 lius
206 2015 242 2076 in
262 2011 458 2079 meditandis
479 2012 542 2078 Dei
572 2015 722 2096 operibus
744 2015 950 2079 retineantur
970 2023 1096 2080 mentes
1147 2011 1323 2095 imaginem
1354 2013 1540 2080 nominasse
1568 2021 1739 2080 contentus
1767 2022 1825 2080 eat.
1878 2012 1916 2080 Si
1937 2015 2010 2098 quis
2032 2016 2118 2081 exci-

128 2107 269 2164 uostrae:
298 2099 344 2163 ita
373 2119 477 2176 nunc,
513 2108 551 2163 ιιι
578 2108 715 2164 naturae
743 2109 874 2165 nostrae
903 2099 1095 2184 dignitatem
1146 2097 1224 2180 piat,
1246 2097 1398 2163 brevitati
1423 2098 1593 2176 studuisse,
1616 2099 1673 2165 ubi
1691 2120 1809 2164 nomen
1826 2100 1978 2185 imaginis
1999 2101 2049 2167 bie
2070 2101 2119 2164 in·

128 2183 213 2249 nobis
235 2185 450 2264 commendet,
472 2183 513 2249 de
527 2185 658 2248 homine
676 2185 815 2250 creando
828 2186 1097 2252 consultationem
1147 2182 1262 2260 ardeat,
1284 2183 1375 2248 nulla
1392 2183 1616 2250 similitudinis
1637 2186 1675 2250 fit
1690 2187 1823 2251 mentio.
1869 2183 1997 2252 Scimus
2018 2187 2118 2252 etiam

127 2270 312 2353 suscipiens,
334 2289 489 2354 magnum
508 2290 546 2336 se
558 2270 709 2352 quiddam
733 2280 765 2335 et
780 2272 946 2357 singulare
962 2270 1097 2355 aggredi
1146 2269 1263 2333 tritum
1284 2289 1356 2336 esse
1376 2268 1545 2346 Hebraeis,
1566 2270 1652 2336 idem
1676 2270 1814 2336 diversis
1834 2271 1943 2337 verbis
1960 2281 2117 2354 repetere.

127 2364 269 2420 testatur.
298 2354 407 2420 Multo
424 2355 555 2438 quidem
573 2364 652 2422 sunt
669 2357 702 2420 in
720 2356 783 2422 heo
805 2369 957 2441 corrupta
977 2365 1097 2423 natura
1147 2354 1321 2420 Praeterea
1347 2355 1478 2438 phrasis
1505 2356 1575 2438 ipsa
1604 2356 1747 2422 ostendit
1773 2356 1951 2423 seeundum
1980 2356 2117 2422 verbnm

129 2461 206 2523 quae
225 2441 351 2523 possint·
369 2449 590 2524 couoemptum
608 2441 777 2508 inducere:
800 2463 914 2508 verum
937 2443 966 2506 si
987 2445 1096 2508 omnia
1147 2440 1374 2523 explicationis
1404 2440 1473 2506 vice
1494 2441 1596 2508 fuisse
1618 2440 1775 2522 additum,
1797 2441 1979 2522 Faciamus,
2001 2445 2118 2526 inquit,

129 2526 187 2591 rite
221 2524 402 2609 expendas,
432 2535 483 2591 est
511 2526 608 2592 homo
636 2529 791 2592 eximium
818 2526 979 2611 quoddam
1010 2529 1096 2593 inter
1146 2525 1182 2588 ia
1202 2527 1340 2609 imagine
1367 2531 1483 2604 ηοιινιι,
1512 2527 1681 2594 amandam
1705 2527 1943 2592 similitsdiaem
1966 2533 2119 2593 nastrum

128 2611 204 2677 olias
229 2621 399 2678 creaturae
426 2612 557 2679 divinae
584 2613 779 2697 sapientiae,
805 2614 948 2678 institiae
975 2623 1008 2678 et
1039 2614 1094 2678 bc·
1119 2567 1123 2666 Ι
1147 2609 1210 2674 hoc
1231 2621 1290 2689 est,
1313 2620 1351 2676 ιιι
1371 2612 1487 2677 similia
1508 2614 1552 2678 sit
1573 2612 1645 2678 Deo
1667 2612 1718 2678 vel
1737 2614 1879 2698 effigiem
1900 2611 1965 2678 Dei
1986 2633 2117 2696 reprae-

128 2697 236 2762 uitatis
266 2699 448 2780 specimen:
477 2707 515 2762 ut
541 2699 659 2764 merito
686 2718 707 2763 a
735 2699 899 2765 veteribus
924 2699 1029 2764 dictus
1052 2701 1096 2764 sit
1119 2673 1123 2768 l
1146 2703 1262 2762 santet.
1312 2697 1464 2780 Denique
1491 2699 1596 2782 capite
1617 2698 1638 2764 5
1660 2699 1783 2764 nullam
1807 2699 1958 2783 imaginis
1979 2701 2116 2764 mentio-

127 2783 333 2862 μικρόκοσμος.
387 2783 561 2849 Gestorum
590 2805 692 2867 quum
722 2783 785 2849 alio
813 2785 998 2850 consultore
1028 2805 1094 2849 non
1147 2800 1222 2846 nem
1243 2782 1373 2861 faciens,
1397 2784 1468 2850 eius
1490 2783 1561 2850 loco
1581 2783 1826 2849 similitudinem
1844 2785 1945 2868 ponit.
1981 2783 2116 2850 Sublato

126 2868 270 2949 indigeat
298 2869 477 2947 Dominus,
503 2871 580 2952 quin
612 2890 720 2936 seeum
751 2872 821 2953 ipse
849 2869 1006 2936 deliberet
1032 2872 1094 2936 mi·
1146 2875 1256 2932 tamen
1290 2869 1377 2934 inter
1410 2887 1505 2936 voces
1544 2867 1749 2948 discrimine,
1781 2869 1925 2935 noudum
1959 2871 2117 2938 habemus

127 2955 211 3018 nime
232 2953 367 3021 dubium
390 2963 449 3020 cst.
495 2958 544 3020 hc
564 2957 695 3021 omuino
717 2955 847 3022 ridiculi
869 2964 946 3021 sunt
967 2955 1093 3034 Iudaei,
1146 2953 1225 3036 quid
1253 2954 1296 3018 sit
1321 2953 1374 3019 vel
1401 2955 1524 3040 imago,
1552 2955 1606 3020 vel
1635 2954 1823 3021 similitudo.
1878 2954 1985 3021 Nimis
2016 2957 2117 3022 crassi

127 3038 200 3104 dum
222 3041 357 3124 fingunt
376 3038 485 3105 Deum
509 3061 582 3107 oum
606 3048 693 3106 terra
714 3042 767 3108 vel
794 3041 920 3126 angelis
947 3061 1094 3108 commu·
1145 3037 1278 3104 fuerunt
1299 3039 1651 3126 anthropomorphitae,
1673 3042 1728 3124 qui
1750 3061 1822 3106 eam
1842 3040 1875 3104 in
1898 3061 2033 3124 corpore
2054 3041 2117 3110 hu·

125 3126 248 3191 nicasse
271 3145 469 3191 sermonem:
498 3133 587 3192 terra
614 3127 737 3193 scilicet
769 3128 891 3212 optima
912 3127 1095 3193 consiliaria
1145 3144 1242 3190 mano
1264 3123 1476 3207 quaerebant:
1499 3127 1608 3208 itaque
1629 3126 1794 3209 sepultum
1812 3136 1944 3192 maneat
1960 3125 2041 3192 illud
2063 3127 2117 3192 de·
2235 3135 2236 3140 ’

125 3217 201 3275 erat.
246 3211 422 3276 Minimum
450 3231 529 3276 vero
557 3225 624 3276 tam
653 3213 810 3296 praeclari
838 3215 945 3296 operis
965 3220 1093 3296 partem
1144 3208 1264 3274 linium.
1309 3210 1378 3275 Alii
1398 3211 1495 3294 paulo
1516 3211 1677 3292 subtilius,
1699 3212 1755 3295 qni
1776 3213 1905 3277 tametsi
1926 3231 2117 3296 corporeum

125 3297 245 3378 augelis
283 3295 476 3377 adscribere,
509 3298 761 3364 abominandum
797 3298 1001 3384 sacrilegium
1036 3307 1093 3364 est.
1145 3293 1255 3360 Deum
1282 3315 1349 3360 non
1369 3297 1601 3382 imaginantur,
1630 3297 1665 3362 in
1688 3316 1822 3380 corpore
1842 3307 1952 3363 tamen
1975 3297 2117 3364 hominis

123 3381 189 3446 Nos
218 3402 298 3447 vero
319 3381 360 3445 ad
381 3382 560 3466 imaginem
580 3391 685 3449 terrae
706 3384 760 3449 rel
791 3385 979 3469 angelorum
1002 3403 1091 3450 crea-
1144 3389 1293 3446 statuunt
1312 3381 1376 3448 Dei
1397 3382 1588 3466 imaginem:
1610 3384 1686 3466 quia
1706 3383 1774 3449 illic
1791 3382 1952 3468 refulgeat
1969 3393 2038 3448 tam
2059 3383 2116 3448 ad-

124 3476 171 3532 tos
198 3489 272 3533 esse
300 3465 358 3532 ubi
379 3467 564 3550 reperient?
592 3491 700 3534 annon
718 3470 828 3536 Moses
849 3472 960 3536 statim
982 3491 1094 3536 omnes
1145 3467 1292 3531 mirabile
1321 3467 1510 3534 artificium:
1546 3468 1602 3532 sed
1636 3468 1716 3534 haec
1742 3469 1852 3552 opinio
1878 3469 2013 3534 minime
2038 3487 2115 3534 eou-

123 3565 288 3618 creaturas
306 3552 427 3618 diserte
444 3553 596 3633 excludit,
614 3576 716 3704 quum
731 3557 841 3634 refert,
859 3557 900 3620 ad
918 3551 1110 3641 imaginem
1144 3561 1302 3618 santanae
1330 3562 1380 3618 est
1409 3555 1604 3638 scripturae,
1631 3561 1670 3618 ut
1690 3554 1881 3620 videbimus.
1925 3553 2039 3619 Nihilo
2060 3575 2115 3620 ve·

123 3639 185 3703 Dei
206 3648 355 3704 creatum
377 3639 478 3704 fuisse
503 3640 612 3706 Adam
668 3641 736 3705 Alii
763 3642 817 3724 qui
848 3641 908 3707 sibi
937 3643 1095 3708 mutieres
1144 3639 1212 3703 rior
1233 3638 1462 3723 Ohrysostomi
1484 3640 1658 3722 expositio,
1682 3639 1737 3722 qui
1759 3640 1800 3706 ad
1822 3640 1994 3722 imperium
2014 3638 2117 3704 refert

123 3723 288 3808 videntur,
318 3724 368 3790 bis
397 3725 521 3802 insulsi,
545 3727 651 3791 Deum
700 3727 864 3810 rinoipum
885 3747 974 3794 more
997 3726 1038 3791 de
1060 3747 1094 3791 se
1144 3722 1231 3806 quod
1258 3723 1383 3788 homini
1413 3724 1525 3790 datum
1557 3735 1643 3801 erat,
1670 3735 1707 3789 ut
1730 3725 1792 3789 Dei
1821 3726 1909 3791 vices
1938 3725 1973 3790 iu
2001 3724 2116 3790 mundi

122 3808 154 3873 in
177 3831 316 3876 numero
338 3809 455 3892 plurali
477 3811 646 3894 loquutum
669 3747 790 3878 dieunt.
833 3811 935 3892 Quasi
957 3833 1034 3878 vero
1056 3834 1095 3878 ea
1145 3810 1379 3893 gubernatione
1415 3809 1650 3893 quodammodo
1690 3822 1826 3894 gereret.
1890 3811 1953 3874 Est
1985 3810 2115 3894 quidem

122 3894 290 3962 barbaries
312 3917 434 3978 quaea
462 3898 574 3980 paucis
596 3898 733 3963 saeculis
752 3899 904 3975 invaluit,
927 3900 992 3962 iam
1015 3906 1095 3962 tune
1144 3895 1225 3960 haec
1256 3895 1407 3980 imaginis
1429 3894 1491 3961 Dei
1520 3896 1629 3978 aliqua
1657 3897 1772 3978 portio,
1802 3895 1858 3961 sed
1880 3916 2034 3980 perquam
2059 3917 2115 3960 ex·

121 3990 275 4065 regnaret
301 3981 337 4046 in
367 3982 499 4048 mundo.
545 3981 610 4048 Sed
639 3983 722 4050 bene
750 3982 849 4048 habet
870 3983 954 4066 quod
976 3985 1095 4050 canina
1143 3981 1230 4064 iguo.
1274 3980 1439 4061 Quoniam
1471 3981 1578 4045 deleta
1600 3991 1650 4046 est
1671 3982 1780 4065 imago
1802 3981 1865 4046 Dei
1887 3983 1922 4046 in
1945 3982 2037 4046 nobis
2057 4001 2116 4065 per

122 4087 231 4132 eorum
255 4066 450 4148 improbitas
471 4089 545 4134 cum
568 4076 662 4134 tanto
683 4079 815 4152 stupore
840 4071 1014 4135 coniuncta
1036 4079 1093 4144 est,
1144 4066 1270 4149 lapsum
1306 4066 1405 4139 Adae,
1436 4087 1477 4131 ex
1499 4068 1704 4150 reparatione
1733 4065 1940 4132 iudicandum
1964 4075 2014 4132 est
2036 4087 2114 4150 qua·

121 4163 157 4216 nt
183 4151 362 4218 stultitiam
392 4172 487 4217 suem
509 4154 618 4236 pueris
635 4153 783 4237 prodant.
827 4153 1008 4220 Christiani
1032 4155 1094 4240 igi-
1144 4152 1185 4217 lis
1204 4151 1309 4216 fuerit.
1355 4150 1443 4216 Dicit
1465 4151 1588 4216 Paulus
1617 4171 1677 4217 nos
1702 4173 1762 4236 per
1782 4151 1985 4235 evangelium
2010 4161 2115 4216 trans·

120 4247 173 4302 tur
193 4238 344 4322 apposite
364 4237 476 4320 plures
497 4238 627 4304 subesse
648 4239 684 4305 in
703 4239 775 4305 Deo
792 4261 947 4324 personas
969 4260 1011 4304 ex
1034 4239 1094 4306 hoo
1144 4237 1280 4320 figurari
1301 4238 1335 4300 iu
1357 4238 1531 4321 imaginem
1554 4237 1626 4302 Dei.
1670 4237 1717 4302 Et
1737 4237 1914 4303 secundum
1935 4237 2039 4320 ipsum
2064 4257 2114 4301 re·

120 4325 308 4389 testimonio
330 4323 540 4390 contendunt.
584 4325 756 4390 Neminem
779 4335 972 4391 exsensum
994 4324 1094 4391 adro·
1144 4322 1310 4406 generatio
1337 4322 1515 4405 spiritualis
1542 4322 1622 4387 nihil
1651 4321 1740 4387 aliud
1768 4333 1818 4388 est
1844 4343 1941 4405 qnam
1969 4320 2113 4387 eiusdem

119 4421 169 4473 eat
195 4411 306 4475 Deus:
337 4409 414 4474 hinc
441 4409 632 4495 colligimus,
660 4413 748 4476 intus
777 4433 851 4477 eum
879 4409 1001 4494 aliquid
1030 4411 1094 4476 dia·
1144 4409 1297 4491 imaginis
1326 4407 1520 4473 instauratio
1541 4406 1625 4493 (Ool.
1650 4413 1683 4487 3,
1709 4409 1750 4474 10
1778 4421 1810 4472 et
1837 4407 1958 4490 Ephes.
1980 4409 2017 4484 4,
2046 4405 2112 4492 23).

121 4495 259 4560 tinctum
289 4495 456 4561 invenire:
487 4509 525 4561 ut
552 4505 639 4562 certe
668 4505 802 4562 aeterna
831 4498 900 4562 eius
933 4497 1095 4580 sapientia
1145 4492 1239 4575 Quod
1263 4505 1370 4558 autem
1400 4513 1471 4558 eam
1492 4493 1661 4560 constituit
1687 4495 1720 4558 in
1743 4492 1868 4558 iustitia
1889 4503 1922 4556 et
1941 4493 2114 4559 eenehtate

119 4588 151 4644 et
171 4583 281 4646 virtus
303 4581 339 4644 in
362 4581 432 4666 ipso
453 4582 606 4646 resident
1145 4580 1268 4658 veraci,
1298 4589 1347 4643 est
1368 4578 1585 4664 synecdoche:
1608 4598 1685 4642 nam
1708 4579 1858 4662 quamvis
1885 4577 1966 4642 illud
1989 4577 2114 4660 praeci·

203 4667 246 4732 Iu
269 4667 409 4750 imagine
428 4671 541 4734 coebo.
582 4668 633 4733 De
654 4667 725 4734 istis
747 4667 879 4734 vocibus
900 4667 1094 4751 interpretes
1143 4684 1247 4750 puum
1275 4665 1333 4741 sit,
1361 4684 1427 4728 non
1457 4675 1566 4729 umen
1596 4675 1646 4730 est
1675 4676 1789 4730 totum.
1838 4664 1929 4747 Ergo
1951 4663 2013 4728 hac
2034 4683 2113 4729 voce

118 4771 183 4817 nou
201 4754 422 4819 eonsentiunt.
452 4751 545 4818 Inter
562 4753 733 4838 plerosque
750 4761 870 4837 umen,
888 4761 922 4818 et
937 4752 1008 4818 fere
1025 4773 1094 4818 om·
1145 4751 1336 4834 designatur
1364 4751 1463 4814 totius
1491 4761 1630 4814 naturae
1658 4750 1846 4833 integritas,
1876 4769 1975 4832 quum
2006 4747 2113 4813 Adam

119 4857 191 4916 nes,
221 4839 395 4914 convenit,
422 4838 597 4923 imaginem
634 4860 653 4905 a
680 4837 893 4904 similitudine
925 4839 1093 4924 distingui.
1145 4845 1233 4900 recta
1260 4833 1478 4919 intelligentia
1507 4835 1672 4919 praeditus
1700 4833 1798 4910 foret,
1822 4835 1957 4900 affectus
1979 4834 2113 4899 haberet

117 4923 226 5007 Atque
249 4922 334 4988 haee
362 4923 430 4988 fere
450 4925 632 4990 communia
662 4933 712 4990 est
733 4924 905 5002 distinctio,
926 4933 965 4988 ut
985 4925 1094 5008 imago
1144 4922 1337 5007 compositos
1358 4919 1400 4985 ad
1421 4921 1592 4999 rationem,
1616 4941 1731 4985 seusus
1752 4939 1866 4984 omnes
1887 4938 1983 4984 sanos
2005 4931 2039 4983 et
2059 4939 2112 4983 or·

117 5011 160 5073 sit
187 5011 224 5075 in
254 5007 449 5088 substantia,
477 5009 655 5077 similitudo
683 5010 717 5075 in
747 5009 976 5076 accidentibus.
1027 5007 1093 5092 Qui
1144 5007 1279 5085 dicatos,
1303 5025 1441 5089 vereque
1462 5006 1555 5072 bonis
1576 5005 1725 5071 omnibus
1746 5004 1929 5071 excelleret.
1974 5005 2025 5068 Ita
2045 5006 2111 5086 pri·
2210 5073 2213 5078 ,

117 5091 264 5160 breviter
287 5093 422 5160 definire
445 5092 566 5171 volunt,
589 5095 649 5162 sub
670 5096 812 5179 imagine
834 5095 970 5160 tradunt
991 5097 1093 5161 conti
1142 5093 1247 5160 maria
1279 5091 1373 5157 sedes
1405 5092 1534 5158 divinae
1568 5091 1719 5175 imaginis
1747 5089 1781 5156 in
1809 5102 1918 5156 mente
1946 5099 1979 5156 et
2015 5089 2112 5156 corde

116 5181 187 5246 nari
215 5179 312 5246 dotes
340 5199 421 5263 quae
450 5180 542 5244 Deus
570 5181 602 5246 in
630 5183 808 5247 humanam
836 5192 987 5246 naturam
1016 5201 1092 5248 ecn-
1144 5180 1212 5251 fnit,
1232 5176 1287 5244 ubi
1305 5179 1478 5244 emineret:
1502 5176 1593 5242 nulla
1611 5185 1719 5241 tamen
1738 5176 1800 5241 fuit
1816 5196 1891 5260 pars
1911 5175 1949 5240 in
1965 5183 2112 5258 qua'non

117 5267 205 5331 tulit:
229 5263 479 5332 similitudinem
508 5277 678 5350 exponunt
707 5265 792 5332 dona
814 5269 966 5351 gratuita.
1010 5266 1093 5333 an-
1143 5266 1321 5331 emieureut
1341 5263 1467 5348 aliquae
1487 5261 1654 5328 scintillae.
1702 5261 1788 5327 Erat
1808 5263 1895 5326 enim
1917 5261 1953 5326 iu
1975 5261 2113 5346 siugulis

116 5359 222 5418 terum
245 5351 457 5436 Augustinus
483 5371 562 5433 prae
590 5351 663 5418 ahie
690 5351 827 5417 nimium
850 5364 965 5438 argute
987 5351 1092 5436 philo·
1145 5351 1272 5416 animae
1289 5348 1435 5432 partibus
1453 5357 1673 5432 temperatura
1689 5367 1773 5430 quae
1789 5349 1857 5414 suis
1873 5347 2019 5413 numeris
2035 5365 2111 5412 oon·
