5022 6192
423 385 488 451 115
1080 380 1448 449 COMMENTARIUS
1471 379 1521 446 IN
1545 376 1758 446 GENESIN.
2350 380 2397 443 116

421 591 582 636 annorum
610 591 672 655 quo
700 571 751 636 dis
776 592 885 638 arcam
911 572 1077 656 ingressus
1104 577 1163 636 est.
1211 569 1277 635 Ubi
1305 587 1393 632 ncnc
1528 566 1591 632 Isti
1601 569 1741 646 potentes
1756 586 1779 630 a
1795 565 1925 632 ιοοοιῖο.
1950 565 2124 632 Saeculum
2142 566 2210 631 fere
2228 587 2288 651 pro
2307 573 2397 632 retos-

422 659 627 740 reperientur
651 657 765 741 viginti
796 656 897 722 anui?
939 655 1153 741 Respondent
1174 654 1286 719 Iudaei
1307 674 1393 719 ores·
1443 658 1509 716 tate
1539 653 1682 734 capitur:
1710 671 1747 716 ac
1760 651 1801 716 ·si
1832 650 1968 716 dixisset
1993 651 2104 718 Moses
2132 653 2256 734 primos
2287 673 2398 717 exercu-

422 753 515 807 conte
545 742 712 806 hominum
742 743 866 806 malitia
892 742 992 807 fuisso
1012 743 1174 808 rescissas.
1219 738 1394 804 Caeterum
1443 739 1508 803 isse
1530 737 1735 820 tyrannidem
1756 738 1790 801 in
1814 737 1949 815 mundo,
1977 738 2028 802 vel
2051 737 2243 821 potentiam,
2267 745 2302 801 et
2321 738 2399 802 nimia

421 829 486 892 isto
503 829 624 910 effugio
642 827 724 892 nibil
743 849 825 910 opus
842 835 905 892 est:
928 827 1055 910 quando
1077 827 1253 909 scriptura,
1276 825 1331 890 ubi
1354 822 1393 888 de
1444 823 1643 888 licentiosam
1675 843 1713 888 ao
1748 823 1925 888 effraenem
1954 822 2138 890 dominandi
2167 823 2349 906 cupidinem
2368 825 2399 888 ab

423 913 680 996 quingentesimo
698 915 814 978 aetatis
832 914 919 978 illius
938 933 1022 977 anno
1040 912 1194 995 loquitur,
1216 931 1282 975 non
1305 911 1393 974 affir-
1444 908 1509 974 illis
1530 908 1683 993 coepisse.
1708 906 1795 974 Sunt
1816 917 1927 973 tamen
1949 910 2003 991 qui
2026 920 2205 992 exponant:
2231 911 2260 973 A
2284 909 2399 987 saeculo,

421 1007 504 1074 mat,
534 1019 673 1080 eousque
697 999 763 1063 iam
792 1009 871 1066 tunc
893 1000 1074 1082 pertigisse.
1120 999 1229 1079 Atque
1251 997 1304 1059 hic
1325 1015 1393 1058 mo·
1445 1014 1555 1059 coram
1581 992 1717 1058 mundo:
1748 1014 1824 1059 nam
1859 994 1919 1060 hoc
1941 1015 2069 1077 quoque
2090 995 2252 1078 significat
2275 1015 2339 1060 vox
2356 995 2399 1059 he·

421 1081 483 1149 dus
505 1083 657 1165 loquendi
678 1084 850 1167 plusquam
872 1085 968 1149 tritus
990 1092 1137 1164 cattam
1159 1083 1292 1146 initium
1312 1091 1394 1144 tem·
1445 1079 1554 1145 braica
1576 1063 1661 1154 nbat.
1690 1079 1847 1144 Nonnulli
1870 1079 2065 1162 proverbiali
2087 1082 2193 1164 figura
2215 1080 2337 1147 dictum
2355 1080 2402 1145 hoc

420 1169 510 1251 poris
543 1189 639 1250 qaam
666 1171 765 1234 finem
794 1169 831 1233 in
857 1169 1002 1234 numeris
1032 1169 1146 1234 notari.
1198 1166 1284 1248 Quia
1316 1185 1394 1249 ergo
1445 1165 1547 1230 fuisse
1558 1165 1763 1230 existimant:
1782 1165 1858 1248 quia
1869 1167 2028 1248 posterior
2045 1175 2142 1244 aetas,
2160 1187 2243 1248 quae
2261 1165 2402 1230 diluvium

420 1255 523 1319 maior
542 1275 617 1337 pars
634 1254 741 1337 quinti
758 1254 937 1320 centenarii
954 1261 1119 1320 transacta
1140 1262 1219 1335 erat,
1241 1263 1278 1317 ιι
1299 1252 1395 1334 quin·
1446 1259 1584 1332 sequuta
1607 1259 1665 1328 est,
1687 1251 1809 1315 similes
1832 1271 1899 1315 non
1922 1251 2100 1334 protulerit.
2128 1252 2242 1317 Prima
2264 1253 2403 1334 expositio

420 1340 531 1424 gentis
566 1341 661 1404 annis
689 1341 890 1423 propinquus
919 1342 1018 1418 foret,
1048 1340 1168 1406 dicitur
1197 1339 1267 1402 eius
1295 1337 1395 1402 fuisse
1447 1335 1625 1417 simplicior
1652 1345 1717 1400 est:
1747 1355 1876 1400 summa
1904 1345 1968 1414 est,
1999 1339 2097 1402 fuisse
2118 1339 2206 1402 viros
2225 1339 2402 1418 impotenter

421 1426 546 1492 aetatis.
1447 1421 1655 1497 ferocientes,
1681 1421 1735 1505 qui
1765 1442 1800 1486 se
1824 1443 1843 1486 a
1864 1422 2029 1487 communi
2052 1423 2190 1488 aliorum
2211 1421 2324 1487 ordina
2343 1442 2402 1486 exa·

508 1511 537 1574 4.
571 1510 719 1594 Gigorstes
746 1512 873 1593 fueram
894 1531 988 1592 saper
1009 1515 1133 1576 terram
1179 1508 1272 1572 Inter
1293 1505 1396 1590 pluri·
1447 1507 1576 1572 marini.
1619 1505 1768 1571 Primum
1790 1507 1825 1572 in
1847 1505 1912 1573 illis
1940 1508 2057 1573 vitiam
2079 1510 2139 1574 tuit
2156 1509 2317 1591 superbia,
2337 1507 2403 1590 quod

422 1617 493 1660 mas
521 1597 762 1678 corruptionum
785 1597 907 1680 species
928 1596 1044 1678 quibus
1064 1597 1185 1660 referta
1206 1601 1276 1659 erat
1297 1603 1395 1667 terra,
1447 1591 1562 1658 robore
1590 1612 1647 1656 suo
1677 1591 1770 1670 freti,
1799 1593 1873 1676 plus
1903 1592 1963 1659 sibi
1993 1595 2221 1679 arrogaverint
2250 1614 2343 1676 quam
2368 1596 2403 1658 ta

423 1703 521 1746 unam
540 1681 745 1764 peculiariter
763 1683 823 1748 hoc
841 1683 1031 1746 locoMoses
1049 1688 1293 1746 commemorat:
1312 1676 1396 1760 quod
1448 1687 1527 1742 erat.
1571 1676 1803 1760 Oontemptum
1824 1679 1886 1744 Dei
1905 1679 2030 1762 peperit
2051 1680 2220 1762 superbia:
2239 1682 2315 1762 quia
2335 1680 2404 1743 fasta

423 1768 582 1832 violenter
608 1777 641 1831 et
669 1769 840 1850 tyrannice
862 1767 1001 1852 grassati
1024 1776 1101 1833 sunt
1123 1767 1281 1850 gigantes.
1315 1765 1396 1829 (lae-
1447 1764 1569 1840 inflati,
1609 1764 1723 1846 iugum
1759 1783 1856 1828 omne
1892 1775 2044 1831 excutere
2077 1779 2261 1848 coeperunt.
2315 1763 2405 1830 Simul

424 1862 530 1916 terum
560 1875 624 1916 non
654 1854 794 1918 arbitror
822 1852 861 1917 de
889 1853 1013 1919 cunctis
1043 1853 1130 1916 illius
1153 1851 1273 1915 saeculi
1293 1849 1396 1914 homi·
1448 1850 1546 1912 etiam
1574 1848 1608 1912 in
1638 1849 1786 1914 homines
1822 1850 1957 1916 fuerunt
1992 1851 2217 1917 contumeliosi
2252 1859 2285 1914 et
2319 1851 2404 1915 sacri:

426 1937 523 2003 nibus
553 1937 664 2004 haberi
693 1960 890 2017 sermonem,
919 1938 974 2004 sed
1006 1937 1046 2002 de
1075 1939 1171 2004 certis
1195 1935 1397 2019 quibusdam,
1449 1935 1525 2016 quia
1558 1934 1631 1998 fieri
1665 1953 1730 1998 non
1766 1943 1871 2017 potest
1906 1948 1942 2001 ut
1970 1957 2005 2001 se
2034 1935 2178 2001 modeste
2205 1945 2322 2020 gerant
2345 1957 2407 2018 erga

425 2025 480 2106 qui
500 2022 570 2088 aliis
589 2024 784 2088 valentiores
802 2045 901 2107 quum
925 2029 1041 2102 essent,
1063 2025 1177 2088 robore
1200 2029 1232 2086 et
1253 2022 1399 2105 potentia
1450 2020 1615 2096 homines,
1653 2020 1708 2101 qui
1750 2040 1864 2102 parere
1897 2023 1967 2087 Deo
1998 2041 2064 2086 non
2098 2024 2269 2087 sustinent.
2325 2021 2408 2086 Addit

424 2129 486 2173 sua
508 2108 597 2188 freti,
627 2110 699 2174 sine
719 2109 792 2194 lege
815 2119 847 2174 οι
869 2109 965 2175 modo
987 2131 1022 2174 se
1043 2109 1242 2174 extulerunt.
1286 2105 1398 2187 Quan·
1450 2107 1577 2184 Moses,
1597 2106 1697 2187 faisse
1717 2108 1801 2170 ciros
1817 2109 1968 2186 nominis,
1992 2127 2054 2191 quo
2077 2107 2250 2190 significat,
2272 2108 2408 2193 gloriatos

426 2205 496 2258 tam
526 2202 566 2258 ad
595 2215 713 2260 nomen
738 2194 924 2260 hebraicum
946 2203 1070 2277 spectat
1094 2179 1199 2268 0³55),
1230 2201 1306 2256 nota
1328 2191 1397 2274 qui·
1450 2211 1521 2256 esse
1538 2191 1572 2254 iu
1591 2191 1661 2255 sais
1678 2190 1860 2268 sceleribus,
1884 2203 1917 2256 et
1935 2193 2036 2259 fuisse
2058 2193 2252 2259 honorificos
2274 2195 2408 2267 latrones,

426 2278 500 2344 dem
530 2288 580 2346 est
605 2283 696 2364 origo
720 2281 809 2346 illius
832 2303 851 2346 a
872 2281 971 2347 verbo
989 2265 1060 2356 ὅθι,
1090 2277 1175 2361 quod
1197 2287 1247 2342 est
1268 2277 1397 2343 cadere:
1450 2285 1487 2340 nt
1516 2277 1703 2359 loquuntur.
1747 2277 1816 2343 Nec
1845 2299 1924 2343 vero
1953 2279 2087 2345 dubium
2117 2289 2169 2344 ost
2196 2281 2276 2362 quin
2305 2277 2409 2360 aliquid

426 2364 483 2429 sed
522 2363 561 2430 de
601 2366 794 2450 etymologia
833 2387 898 2431 non
937 2365 1147 2432 consentiunt
1186 2363 1397 2448 grammatici.
1450 2361 1625 2427 habuerint
1652 2363 1751 2445 vulgo
1778 2364 2006 2440 excellentius,
2034 2363 2120 2449 quod
2150 2363 2217 2430 illis
2243 2366 2409 2432 conciliaret

428 2448 569 2530 Quidam
597 2460 714 2534 putant
739 2452 785 2517 sic
807 2459 935 2518 vocatos
958 2452 1034 2534 quia
1054 2449 1249 2516 excidissent
1270 2471 1290 2513 a
1311 2467 1398 2514 oom-
1450 2449 1590 2531 gratiam
1618 2447 1653 2511 in
1681 2445 1802 2512 mundo
1829 2457 1863 2513 at
1892 2450 2038 2533 gloriam.
2080 2450 2210 2515 Interea
2232 2459 2341 2516 tamen
2361 2449 2409 2513 sab

427 2536 520 2599 muni
539 2543 677 2601 statura:
701 2537 757 2602 alii
773 2537 857 2619 quod
880 2536 920 2602 ab
942 2557 1055 2601 eorum
1074 2543 1247 2618 conspectu
1269 2533 1400 2600 caderet
1451 2533 1624 2617 magnifico
1642 2533 1776 2598 heroum
1795 2535 1892 2599 titulo
1909 2537 2084 2602 crudeliter
2105 2537 2263 2601 dominati
2286 2543 2365 2614 sunt,
2384 2543 2409 2598 ot

426 2619 547 2704 vulgus
576 2622 759 2702 hominum,
787 2623 828 2687 ob
857 2629 982 2687 vastam
1010 2621 1155 2704 corporis
1183 2622 1316 2697 molem,
1347 2619 1399 2682 vel
1451 2640 1493 2682 ex
1519 2617 1658 2683 fratrum
1681 2619 1810 2684 iniuriis
1833 2641 1870 2685 ιο
1891 2623 2097 2706 oppressione
2120 2622 2180 2687 sibi
2205 2624 2410 2705 acquisierunt

428 2707 646 2787 quodterrora
664 2729 741 2772 suae
759 2707 993 2792 magnitudinis
1010 2727 1123 2772 omnes
1145 2713 1398 2788 prosternerent.
1450 2704 1630 2788 potentiam
1652 2725 1690 2770 ao
1711 2725 1838 2770 nomen.
1873 2709 1982 2791 Atque
2002 2709 2079 2774 haec
2102 2709 2209 2790 prima
2230 2709 2295 2773 fait
2313 2704 2410 2772 mundi

428 2791 546 2856 Verior
575 2793 656 2856 mihi
678 2792 807 2857 videtur
829 2815 941 2858 eorum
964 2792 1143 2870 sententia,
1171 2791 1226 2873 qui
1248 2791 1399 2855 similitu·
1451 2790 1618 2855 nobilitas:
1647 2811 1687 2854 nc
1712 2790 1784 2871 quis
1813 2791 1910 2876 longa
1937 2802 1970 2858 et
1991 2795 2118 2858 fumosa
2139 2795 2323 2878 imaginum
2343 2793 2410 2858 soria

428 2874 537 2940 dinem
567 2897 638 2943 esre
667 2876 779 2944 dicunt
808 2887 972 2960 sumptam
1001 2899 1020 2942 a
1047 2876 1121 2942 labe
1143 2878 1197 2942 vol
1219 2877 1401 2958 impetuosa
1451 2876 1589 2940 nimium
1629 2875 1690 2941 sibi
1729 2876 1866 2958 placeat:
1898 2899 1951 2957 aa,
1982 2881 2129 2962 inquam,
2157 2881 2318 2957 nobilitas,
2344 2897 2410 2962 quaa

428 2963 583 3044 procella:
612 2985 729 3046 nempe
757 2963 841 3046 quod
864 2966 946 3029 sicut
967 2971 1144 3046 tempestas
1165 2970 1199 3026 et
1220 2961 1309 3026 labes
1331 2963 1400 3026 vio·
1452 2961 1582 3026 nonnisi
1610 2981 1650 3025 ex
1679 2961 1816 3026 aliorum
1845 2962 1997 3047 despectu
2020 2974 2053 3029 et
2074 2967 2274 3032 contumelia
2295 2969 2330 3031 in
2350 2964 2411 3029 sub

427 3047 532 3112 lenter
553 3046 672 3113 cadens
693 3069 788 3132 agros
811 3059 915 3114 vastat
936 3059 968 3113 et
990 3047 1113 3131 perdit:
1136 3047 1183 3111 ita
1204 3049 1271 3113 suis
1293 3049 1400 3129 irrup·
1453 3047 1530 3112 lima
1567 3066 1602 3110 se
1635 3045 1762 3116 attollit.
1816 3048 1966 3116 Nominis
1999 3050 2171 3117 celebritas
2203 3073 2263 3135 por
2296 3075 2329 3117 se
2359 3069 2410 3113 non

426 3132 570 3198 tionibus
588 3134 730 3200 latrones
747 3135 802 3200 isti
818 3135 1040 3217 perniciemet
1056 3133 1269 3198 vastationem
1281 3132 1402 3198 mundo
1454 3133 1642 3198 damnatur:
1668 3139 1705 3196 ut
1733 3153 1865 3198 necesse
1894 3144 1944 3200 est
1971 3137 2115 3202 eminere
2143 3160 2223 3223 prae
2252 3139 2323 3204 aliis
2347 3155 2411 3219 quos

426 3216 606 3284 intulerint.
645 3220 714 3285 Nec
739 3242 819 3285 voro
846 3221 1004 3286 inusitata
1035 3219 1134 3285 fuisse
1166 3219 1308 3302 corporis
1329 3218 1401 3282 alti·
1454 3218 1617 3282 Dominus
1644 3218 1825 3301 praecipuis
1852 3219 1980 3288 dotibus
2000 3224 2130 3286 ornavit
2152 3232 2185 3288 et
2205 3225 2288 3289 utile
2305 3233 2350 3289 est
2374 3220 2412 3284 di·

429 3303 542 3368 tudine
566 3305 722 3387 exprimit
745 3307 867 3371 Moses:
892 3305 948 3371 sed
968 3313 1098 3370 tantum
1121 3305 1219 3370 fuisso
1241 3303 1400 3369 robustos.
1454 3305 1590 3370 stinotos
1612 3324 1682 3368 asse
1704 3305 1835 3369 ordines
1856 3305 1890 3370 in
1913 3308 2045 3373 mundo.
2086 3307 2151 3373 Sed
2177 3332 2280 3392 quum
2302 3326 2412 3389 semper

428 3388 516 3454 Alibi
535 3388 662 3476 (fateor)
680 3389 791 3456 eadem
811 3411 887 3457 voce
905 3399 1039 3456 notatur
1055 3399 1199 3455 staturae
1216 3391 1403 3472 proceritas,
1456 3390 1571 3454 vitiosa
1597 3390 1640 3453 sit
1667 3390 1812 3471 ambitio,
1840 3398 1912 3455 tum
1933 3415 2012 3458 vero
2035 3390 2090 3458 ubi
2113 3395 2237 3460 accedit
2258 3394 2412 3481 tyrannia

427 3495 510 3556 quae
542 3475 754 3542 formidabilis
788 3486 859 3540 erat
887 3476 1146 3559 exploratoribus
1180 3487 1286 3540 terrae
1315 3474 1403 3540 Oba·
1454 3476 1590 3554 ferocia,
1612 3484 1648 3539 ut
1670 3476 1831 3556 potentior
1853 3479 2034 3544 minoribus
2052 3481 2203 3558 insultet,
2234 3482 2354 3546 malum
2374 3483 2412 3541 eat

425 3581 522 3625 naan.
566 3559 675 3646 (Iasus
700 3563 748 3637 13,
772 3561 836 3650 34.)
877 3561 941 3628 Sed
963 3563 1071 3627 Moses
1095 3582 1149 3627 eos
1172 3561 1211 3626 de
1235 3562 1350 3644 quibus
1367 3560 1402 3624 in
1453 3582 1521 3626 non
1541 3559 1726 3624 tolerabile:
1746 3562 1851 3627 molto
1873 3571 1982 3628 autem
2005 3564 2186 3650 indignius,
2204 3567 2283 3632 dam
2306 3565 2361 3632 sibi
2381 3583 2414 3627 ex

426 3649 590 3728 praesenti
619 3649 689 3711 loco
719 3647 861 3726 disserit,
892 3668 955 3712 uon
982 3659 1049 3712 tam
1078 3667 1246 3730 corporum
1277 3645 1402 3711 malea
1454 3646 1629 3712 sceleribus
1662 3645 1854 3729 dignitatem
1886 3661 2076 3733 comparant
2109 3652 2265 3735 improbi,
2303 3666 2335 3718 et
2363 3667 2414 3731 quo

422 3731 557 3813 reliquis
583 3731 739 3798 discernit
765 3754 861 3815 quam
889 3733 1069 3798 latrociniis
1087 3741 1118 3797 et
1141 3733 1312 3817 grassandi
1333 3730 1403 3795 libi·
1454 3733 1588 3814 quisque
1615 3730 1770 3797 audacior
1796 3742 1846 3798 est
1875 3735 1915 3800 ad
1944 3736 2140 3815 nocendum,
2171 3760 2208 3803 eo
2238 3737 2414 3803 insolentius

425 3816 509 3881 dine.
550 3817 723 3882 (laetarum
745 3819 780 3882 in
803 3826 957 3883 contextu
979 3818 1157 3900 emphasim
1181 3819 1278 3884 habat
1300 3817 1402 3900 parti·
1454 3819 1568 3883 inanes
1598 3817 1769 3882 titulorum
1797 3819 1905 3886 fumos
1931 3823 2040 3888 iactat.
2084 3823 2262 3889 Caeterum
2285 3834 2320 3888 ut
2340 3825 2414 3904 iugc·

426 3900 501 3966 cula
519 3914 578 3977 mr,
601 3923 682 3984 quae
700 3905 927 3986 interponitur.
959 3905 1004 3968 Et
1026 3903 1130 3968 locum
1154 3904 1242 3969 hunc
1263 3905 1402 3987 pessime
1454 3904 1566 3968 niosus
1598 3903 1719 3967 artilex
1755 3911 1805 3969 est
1835 3903 1936 3971 Satan
1967 3907 2007 3972 ad
2037 3909 2226 3974 fabricanda
2254 3907 2415 3983 mendacia,

427 3985 569 4051 reddidit
597 3987 840 4072 Hieronymus,
877 3997 950 4072 post
984 4009 1079 4072 quem
1109 3989 1296 4055 hallucinati
1326 3999 1402 4054 sunt
1456 3988 1572 4072 quibus
1594 3988 1656 4052 Dei
1678 3989 1850 4055 veritatem
1873 3991 2049 4070 adulteret,
2080 3995 2204 4078 hocque
2234 3995 2330 4061 modo
2356 4011 2415 4056 sus·

427 4072 482 4136 alii
513 4072 642 4155 quidam
666 4075 869 4157 interpretes.
917 4073 972 4141 Sic
992 4075 1079 4140 enim
1102 4075 1242 4140 habetur
1264 4073 1304 4138 ad
1327 4095 1402 4139 ver·
1456 4083 1581 4157 pectam
1611 4072 1741 4140 reddat:
1776 4076 1878 4142 multa
1907 4077 2040 4144 fabulati
2067 4089 2144 4145 sunt
2172 4091 2285 4164 poetae
2315 4080 2352 4144 de
2377 4076 2416 4158 gi·

427 4156 521 4222 bum:
546 4161 654 4240 Atque
677 4161 774 4224 etiam
797 4181 838 4224 ex
861 4181 924 4241 quo
947 4159 1080 4226 filiiDei
1102 4159 1241 4241 ingressi
1263 4159 1402 4225 suntad
1456 4159 1623 4244 gentibue:
1654 4179 1732 4241 quoa
1762 4169 1870 4226 tamen
1894 4163 1978 4229 filios
1997 4173 2102 4230 terrae
2123 4166 2198 4231 ideo
2220 4167 2261 4233 ab
2283 4167 2346 4231 illis
2366 4161 2416 4226 dici

426 4242 511 4308 filias
529 4243 713 4310 hominum:
738 4265 775 4310 ac
792 4246 821 4309 si
836 4245 956 4310 dictum
980 4253 1077 4311 esset:
1097 4245 1187 4326 Quin
1211 4248 1318 4324 etiam,
1344 4247 1403 4323 vel,
1455 4245 1610 4322 arbitror,
1639 4245 1716 4328 quia
1743 4247 1834 4312 nullo
1860 4251 2018 4315 maiorum
2047 4253 2197 4335 exemplo
2223 4253 2264 4316 ad
2287 4250 2415 4318 domina·

426 4332 536 4412 Atque
555 4331 644 4406 adso,
667 4353 743 4395 uam
762 4334 866 4413 primo
884 4341 997 4397 narrat
1007 4331 1117 4398 Moses
1138 4332 1239 4396 fuisse
1261 4342 1338 4397 tunc
1356 4333 1404 4415 gi·
1456 4333 1579 4397 tionem
1600 4333 1818 4414 proruperint.

426 4424 560 4498 gantos:
577 4414 694 4481 deiude
712 4416 842 4482 subiicit
858 4418 1030 4482 nonnullos
1042 4438 1166 4499 quoque
1183 4417 1281 4482 fuisso
1298 4440 1339 4481 ex
1358 4439 1406 4482 so·
1542 4416 1570 4481 5.
1595 4415 1639 4480 Er
1664 4417 1744 4481 vidit
1765 4418 1881 4484 Iebooo
1909 4421 1991 4502 qaod
2019 4421 2116 4487 mado
2136 4424 2270 4489 malitia.
2314 4423 2416 4489 Prosa-

425 4500 498 4566 bole
509 4502 568 4567 illa
579 4503 769 4584 promiscua,
787 4525 828 4567 ex
840 4524 903 4586 quo
921 4525 956 4568 se
975 4502 1033 4568 filii
1043 4503 1105 4568 Dei
1116 4503 1314 4567 miscuerant
1325 4503 1404 4567 filia·
1457 4505 1568 4587 quitur
1590 4503 1698 4568 Moses
1720 4505 1804 4585 quod
1826 4505 1891 4569 iam
1914 4507 2084 4590 attigerat,
2114 4528 2180 4572 non
2203 4511 2305 4576 fuisse
2326 4509 2418 4572 Deam

428 4585 489 4652 bus
508 4588 687 4652 hominum.
707 4589 831 4654 Mirum
854 4610 919 4652 non
937 4587 1052 4654 fuisset
1073 4589 1101 4652 si
1124 4588 1197 4653 talis
1220 4589 1405 4654 immanitas
1456 4587 1670 4672 inexigenda
1686 4588 1726 4654 de
1744 4591 1856 4655 mundi
1876 4590 2050 4659 sceleribus
2071 4613 2177 4675 poena
2198 4596 2296 4660 nimis
2318 4595 2419 4658 duram

429 4683 599 4756 regnasset
626 4676 661 4737 in
689 4677 825 4756 posteris
848 4673 945 4739 Oain:
976 4674 1031 4738 sed
1061 4673 1254 4738 universalis
1275 4674 1406 4740 illuvies
1457 4674 1509 4740 vel
1527 4673 1746 4757 praecipitem.
1781 4674 1887 4742 Deum
1910 4685 2018 4743 autom
2042 4677 2233 4746 humanitus
2250 4682 2419 4763 loquenten

428 4756 507 4820 inde
534 4759 652 4824 clarius
674 4768 770 4842 patet,
800 4759 884 4842 quod
903 4769 1053 4824 sanctum
1076 4779 1179 4843 genus
1201 4759 1313 4824 eadem
1335 4781 1406 4826 cor·
1457 4760 1584 4825 inducit
1610 4779 1669 4842 per
1696 4759 1991 4846 ἀνθρωποπάθιιοιε
2021 4767 2098 4848 quia
2125 4767 2312 4848 exprimere
2340 4764 2419 4830 aliter

427 4844 559 4924 ruptela
580 4845 783 4926 inquinatum
807 4844 877 4910 fuir.
911 4847 1017 4910 Tanta
1038 4845 1187 4928 contagio
1211 4866 1294 4928 quae
1314 4866 1406 4912 occu·
1458 4847 1759 4929 nonpoteratquod
1776 4851 2047 4932 operaepretium
2065 4851 2127 4916 fuit
2144 4854 2308 4936 cognosci:
2328 4852 2419 4916 Deum

429 4939 565 5010 paverat
587 4949 706 5010 paucas
729 4929 885 5006 familias,
908 4951 990 5012 quae
1012 4929 1076 4995 Dei
1093 4932 1236 4996 sacraria
1258 4951 1328 4996 esse
1350 4931 1405 4996 do-
1459 4931 1582 4998 scilicat
1610 4952 1669 4996 uec
1695 4932 1759 4998 levi
1788 4932 1827 4998 de
1847 4955 1953 5012 causa,
1985 4955 2044 5001 nec
2066 4937 2178 5002 statim
2201 4939 2301 5004 fuisse
2323 4956 2420 5001 acceo

426 5013 558 5092 bebant,
575 5016 959 5099 nonparumamplificat
975 5016 1170 5100 gravitatem
1188 5017 1275 5082 mali.
1299 5017 1407 5082 Altior
1459 5039 1532 5084 sum
1566 5027 1603 5081 ut
1636 5019 1797 5084 mundum
1831 5019 1989 5103 perderet
2040 5021 2124 5087 Nam
2152 5023 2254 5089 verbo
2282 5019 2421 5093 Videndi,

429 5099 540 5181 itaque
570 5103 736 5184 gigantum
767 5103 856 5185 origo
886 5104 962 5178 fuit,
990 5101 1046 5167 sed
1068 5100 1186 5166 deinde
1203 5122 1316 5167 eorum
1340 5123 1408 5168 see·
1459 5103 1589 5186 longam
1617 5103 1807 5185 patientiam
1830 5113 1934 5171 notat:
1965 5108 2058 5190 quasi
2080 5107 2202 5174 diceret
2223 5108 2332 5175 Deam
2354 5127 2422 5172 non·

430 5189 505 5282 tam·
526 5186 646 5284 imitati
668 5196 748 5254 sunt
769 5189 824 5270 qui
845 5197 941 5252 erant
962 5207 1003 5252 cx
1024 5187 1217 5271 promiscuis
1239 5188 1411 5255 connubiis
1460 5189 1524 5254 nisi
1542 5209 1578 5254 re
1599 5188 1680 5254 bene
1701 5205 1870 5274 perspecta
1891 5199 1922 5256 et
1944 5191 1999 5258 diu
2022 5192 2240 5272 considerata,
2267 5205 2423 5278 postquam

427 5277 544 5354 gemti.
1461 5273 1643 5357 deploratos
1673 5275 1754 5341 vidit
1776 5277 1938 5355 homines,
1962 5281 2156 5345 sententiam
2178 5279 2219 5344 de
2241 5280 2306 5345 illis
2329 5278 2423 5344 delan-
