4988 6192
126 393 188 458 497
798 393 1169 462 COMMENTARIUS
1192 393 1242 459 IN
1264 391 1478 460 GENESIN.
2057 397 2122 463 498

123 580 242 648 illinita
272 581 417 647 remedia
448 579 619 663 prosiliant
650 581 705 664 qui
733 580 814 646 laesi
842 587 927 647 sunt
979 579 1098 646 Libido
1150 581 1228 647 dum
1256 581 1399 666 viguisse
1421 579 1456 644 in
1484 578 1554 644 eius
1580 579 1676 646 corde
1703 579 1757 646 vel
1779 580 1844 646 Dei
1873 581 2038 660 timorem,
2069 583 2124 650 vel

123 689 191 734 uon
214 668 347 750 impulit
367 666 511 732 Thamar
532 679 570 733 ut
587 687 622 731 se
641 665 682 732 ad
705 673 854 750 stuprum
876 665 1097 751 prostitueret.
1149 667 1230 733 recti
1253 687 1290 732 ac
1311 665 1441 731 honesti
1470 664 1631 744 studium,
1662 666 1716 750 qui
1740 673 1806 731 tam
1835 667 1951 751 cupide
1973 667 2014 732 ad
2037 688 2125 734 scor·

124 753 243 818 Doluit
265 753 396 836 quidem
419 753 538 818 vetitas
559 752 622 818 sibi
648 751 747 818 luisse
776 753 924 836 nuptias,
952 760 991 818 ut
1013 753 1100 818 domi
1149 755 1306 819 tationem
1336 752 1529 836 prorumpit.
1573 752 1773 835 Proponitur
1801 761 1910 818 autem
1933 752 2007 818 ideo
2029 754 2124 821 nobis

123 838 247 906 sterilis
270 845 432 904 maneret:
456 838 514 903 sed
530 839 613 904 nihil
630 839 745 904 habuit
766 839 977 922 propositum,
1001 860 1097 923 quam
1149 841 1184 904 in
1217 837 1422 921 exemplum,
1463 845 1501 902 ut
1539 835 1700 903 discamus
1731 859 1831 921 quam
1863 838 1957 905 facile
1990 840 2127 907 ebulliat

125 945 237 990 secero
248 924 446 1009 exprobrare
463 924 612 990 fraudem
624 924 714 990 illam
725 945 790 1008 qua
801 926 907 1008 ipsam
918 925 1097 992 deluserat:
1150 926 1258 993 carnis
1280 923 1389 1002 libido,
1411 923 1475 989 nisi
1498 942 1570 987 eam
1588 921 1753 989 Dominus
1774 932 1937 991 coerceat:
1959 933 2056 1008 atque
2078 928 2127 994 ita

124 1011 261 1076 interim
301 1010 450 1076 videmus
490 1018 584 1076 atrox
617 1011 744 1077 lacinus
776 1010 877 1076 luisse
910 1009 1097 1078 admissum.
1151 1011 1352 1076 infirmitatis
1374 1016 1506 1074 nostrae
1528 1009 1657 1086 conscii,
1680 1010 1898 1077 continentias
1920 1020 1954 1075 et
1975 1012 2125 1078 modera-

124 1097 198 1162 Hoc
222 1097 367 1163 accidere
389 1095 472 1162 solet
493 1097 592 1162 etiam
613 1096 648 1161 iu
671 1096 764 1162 bonis
787 1098 910 1176 causis,
940 1098 996 1163 ubi
1025 1098 1099 1180 quis
1152 1098 1250 1163 tionis
1280 1095 1432 1180 spiritum
1462 1117 1481 1160 a
1505 1095 1649 1160 Domino
1676 1104 1835 1178 petamus.
1880 1095 2056 1164 Caeterum
2083 1120 2126 1165 ne

123 1183 200 1266 plus
230 1203 329 1265 quam
350 1204 410 1265 per
438 1193 488 1248 est
515 1183 622 1248 carnis
649 1203 728 1248 suae
750 1181 918 1248 affectibus
940 1182 1098 1268 indulget.
1151 1183 1265 1249 cadem
1287 1182 1380 1247 nobis
1410 1181 1545 1264 obrepat
1572 1180 1743 1262 securitas,
1778 1203 1841 1266 qua
1871 1182 1993 1249 lactum
2016 1188 2126 1250 estut

124 1267 225 1348 Quod
247 1268 287 1332 de
316 1268 430 1334 habitu
458 1267 629 1334 viduitatis
657 1269 791 1352 attingit
813 1269 936 1347 Moses,
967 1268 1009 1334 ad
1031 1289 1098 1334 mo·
1151 1269 1251 1335 Iudas
1270 1279 1336 1334 tam
1361 1267 1453 1335 facilc
1471 1265 1512 1331 ad
1533 1266 1741 1332 scortandum
1765 1289 1800 1334 se
1822 1268 2009 1352 proiicerct:
2034 1276 2126 1335 note·

124 1352 250 1418 destiae
278 1354 384 1439 legem
414 1355 565 1437 pertinet.
610 1354 724 1437 Neque
752 1355 842 1419 enim
870 1354 984 1421 viduas
1006 1355 1101 1421 dccet
1151 1377 1234 1433 mus,
1256 1354 1342 1438 quod
1364 1374 1406 1418 cx
1427 1354 1554 1428 incestu
1576 1350 1715 1419 dedecus
1737 1354 1893 1420 sustinuit
1915 1352 2024 1433 Iudas,
2047 1376 2126 1438 poe·

123 1439 308 1524 elegantior
326 1440 463 1506 vestitus
475 1442 529 1524 qui
547 1441 695 1506 virorum
713 1441 822 1506 oculos
840 1440 970 1506 alliciat.
1003 1440 1098 1506 Ideo·
1152 1463 1229 1506 nam
1259 1441 1416 1506 divinitus
1442 1439 1490 1503 illi
1518 1439 1618 1504 fuisse
1650 1439 1818 1505 inflictam.
1863 1438 1947 1520 Quis
1974 1440 2040 1505 iam
2063 1440 2125 1508 sibi

123 1546 188 1608 quo
208 1526 333 1592 Paulus
355 1527 513 1591 uxoribus
535 1527 728 1610 plusquam
750 1526 817 1592 illis
839 1525 1000 1592 concedit:
1024 1527 1101 1610 quia
1151 1528 1187 1592 in
1204 1526 1401 1594 scortatione
1418 1524 1596 1608 indulgeat,
1620 1545 1718 1608 quam
1737 1547 1777 1590 ex
1795 1525 1944 1592 horribili
1961 1526 2126 1594 vindictae

121 1611 288 1695 legitimos
309 1611 432 1678 habent
452 1612 588 1678 maritos
605 1612 722 1695 quibus
744 1613 871 1695 placere
893 1612 1054 1678 studeant.
1151 1633 1273 1698 genere
1295 1619 1466 1695 tantopere
1483 1611 1554 1676 Deo
1577 1631 1707 1677 exosam
1731 1631 1803 1677 csse
1825 1611 1995 1696 agnoscit?

213 1698 264 1762 14.
292 1697 336 1761 Et
367 1699 483 1763 moluit
510 1699 546 1764 in
578 1698 655 1764 ostio
682 1697 829 1763 Heuoim.
879 1698 982 1763 Varie
1009 1698 1100 1765 huno
1238 1700 1289 1764 16.
1317 1697 1399 1779 Quid
1415 1697 1506 1763 dabis
1526 1696 1607 1761 milvi
1627 1698 1658 1761 ιι
1679 1697 1871 1781 ingrediaris
1891 1699 1933 1763 cd
1954 1698 2027 1763 nee?
2060 1698 2126 1763 No·

120 1782 233 1848 locum
258 1792 428 1867 exponunt
460 1785 665 1866 interpretes.
715 1782 768 1849 sd
798 1782 935 1849 verbum
964 1791 1028 1851 est:
1057 1784 1097 1848 In
1151 1785 1240 1851 lebat
1261 1791 1433 1868 quaestum
1456 1803 1498 1848 cx
1519 1803 1578 1848 suo
1599 1802 1734 1866 corpore
1756 1784 1862 1850 facere
1884 1782 2043 1863 Thamar,
2066 1784 2124 1850 sed

120 1869 207 1934 ostio
231 1869 370 1935 fontium
393 1869 445 1935 vel
467 1869 646 1935 oculorum.
691 1868 835 1950 Quidem
858 1878 979 1954 putant
1000 1871 1099 1936 luisse
1151 1871 1273 1936 habere
1291 1877 1417 1936 certum
1435 1869 1563 1954 pignus,
1581 1877 1617 1933 ut
1635 1867 1674 1934 de
1692 1869 1814 1935 ultione
1835 1869 1976 1936 iniuriae
1994 1878 2126 1954 sumpte

119 1955 250 2020 fontem
282 1956 317 2019 in
350 1954 431 2020 duos
464 1957 552 2021 rivos
584 1954 768 2021 diductum:
802 1955 858 2020 alii
891 1956 1098 2038 propatulum
1151 1957 1286 2040 gloriari
1314 1962 1432 2039 posset.
1476 1954 1546 2020 Nec
1575 1974 1654 2019 vero
1684 1953 1817 2021 dubium
1846 1963 1896 2020 est
1925 1957 2004 2038 quin
2033 1956 2124 2024 Deus

120 2041 235 2106 notari
257 2040 457 2119 existimant,
480 2044 516 2105 in
538 2062 601 2124 quo
623 2061 657 2106 se
680 2041 848 2108 oculorum
868 2041 1010 2107 intuitus
1032 2041 1098 2107 huc
1151 2041 1269 2108 Iudam
1291 2042 1516 2107 excaecaverit
1537 2040 1634 2106 sicuti
1657 2038 1776 2125 diguus
1798 2048 1877 2107 erat.
1918 2040 2015 2107 Unde
2037 2043 2126 2108 enim

119 2127 203 2192 illuc
226 2127 317 2192 varie
335 2125 497 2192 diffundit.
542 2127 717 2210 Receptior
738 2135 788 2193 cst
810 2127 908 2192 tertia
930 2128 1099 2210 expositio,
1151 2130 1189 2194 fit
1211 2135 1337 2193 utnon
1360 2134 1516 2212 agnoscat
1538 2147 1642 2192 nurus
1664 2147 1742 2193 suae
1763 2147 1890 2206 vocem,
1910 2128 1962 2194 cui
1984 2127 2126 2194 familia·
2165 2153 2167 2156 ·

118 2213 235 2278 vocari
257 2213 382 2278 bivium
405 2213 467 2279 hac
488 2213 694 2296 loquutione:
712 2213 787 2298 quia
801 2221 879 2280 tunc
901 2213 1001 2279 ianua
1022 2234 1098 2297 apa·
1151 2215 1233 2279 riter
1266 2223 1455 2280 assueverat
1486 2233 1546 2296 per
1577 2213 1713 2296 longum
1746 2211 1896 2296 tempus?
1932 2211 2062 2278 Deinde
2096 2214 2125 2279 si

117 2303 208 2364 ritur
231 2297 342 2378 oculis,
364 2300 455 2363 utin
478 2299 559 2363 duas
581 2307 690 2382 partes
711 2306 840 2377 exeant,
863 2319 944 2382 quos
962 2320 1029 2365 nna
1047 2300 1099 2364 via
1152 2298 1259 2366 danda
1281 2300 1343 2365 luit
1363 2299 1462 2363 arrha
1484 2318 1545 2381 pro
1573 2297 1678 2364 hoedo
1701 2299 1878 2382 promisso,
1903 2319 2000 2381 quam
2023 2298 2123 2366 stulte

118 2385 156 2449 in
189 2405 225 2452 se
254 2386 406 2450 continet.
451 2385 626 2451 Probabile
653 2395 703 2450 est
735 2385 842 2451 locum
875 2385 977 2450 fuisse
1011 2385 1099 2450 unde
1151 2387 1308 2452 annulum
1342 2384 1505 2450 meretrici
1538 2383 1661 2450 tradit?
1684 2383 1810 2449 Omitto
1842 2382 1928 2468 quod
1960 2384 2123 2468 duplicem

116 2470 267 2554 conspici
285 2480 396 2554 posset
412 2471 569 2536 Thamar:
592 2470 645 2537 cui
663 2477 772 2536 tamen
794 2471 996 2554 propinquus
1013 2479 1100 2536 esset
1150 2479 1320 2555 practerea
1341 2470 1473 2535 arrham
1496 2469 1572 2535 dare
1594 2469 1771 2536 absurdum
1794 2480 1873 2536 erat.
1910 2468 2045 2537 Constat
2061 2472 2124 2558 igi·

116 2577 282 2636 receesus,
305 2556 347 2622 ad
368 2577 463 2640 quem
486 2563 596 2640 posset
616 2555 780 2622 divertere
796 2555 906 2637 Iudas,
930 2578 971 2622 ne
988 2558 1023 2620 in
1044 2559 1099 2621 via
1149 2567 1214 2636 tur,
1238 2558 1326 2622 omni
1349 2556 1469 2622 iudicio
1490 2564 1570 2621 tuno
1591 2557 1690 2622 furiose
1711 2558 1894 2639 privatum:
1917 2577 1978 2622 nec
1999 2557 2063 2622 alia
2084 2556 2125 2622 de

116 2642 255 2727 publica
284 2651 316 2708 ct
340 2643 458 2708 celebri
486 2643 547 2708 sub
576 2642 722 2708 omnium
755 2642 856 2708 oculis
889 2650 1097 2708 scortaretur.
1150 2663 1247 2710 causa
1269 2642 1457 2710 scribuntur
1479 2641 1559 2707 haec
1580 2642 1689 2706 omnia
1706 2663 1726 2706 a
1742 2642 1844 2723 Mose,
1867 2663 1965 2726 quam
1983 2652 2022 2708 ut
2040 2643 2125 2710 scia·

116 2727 222 2810 Quod
246 2737 355 2793 autem
377 2728 497 2794 dicitur
519 2728 633 2794 faciem
657 2729 791 2807 velasse,
815 2728 893 2793 hinc
914 2729 1098 2812 colligimus
1150 2750 1224 2795 mus
1252 2728 1338 2794 iusto
1366 2727 1431 2795 Dei
1463 2726 1582 2793 iudicio
1613 2727 1858 2794 obtenebratam
1886 2728 1985 2793 irrisae
2013 2728 2124 2795 miseri

116 2823 203 2880 tuno
226 2834 293 2878 non
314 2815 413 2880 fuisse
435 2822 503 2878 tam
533 2814 710 2880 effraenem
735 2813 899 2880 scortandi
921 2815 1097 2894 licentiam,
1149 2815 1240 2881 illins
1263 2822 1419 2896 mentem,
1441 2815 1497 2898 qui
1518 2820 1651 2898 peccata
1672 2813 1813 2898 peccat-is
1835 2814 2006 2881 cumulans
2029 2815 2126 2899 spiri·

116 2921 223 2986 quam
246 2899 342 2965 hodie
372 2909 543 2984 grassatur
569 2900 682 2965 multis
703 2901 739 2965 in
760 2900 848 2966 locis.
891 2900 978 2966 Nam
1001 2920 1035 2966 se
1057 2899 1098 2965 ad
1150 2909 1203 2968 tus
1221 2903 1328 2968 lucem
1347 2901 1575 2967 suffocaverat.

114 2993 306 3055 scortorum
328 3006 452 3051 moram
471 2987 667 3070 composuit,
697 3007 740 3051 ne
768 2984 847 3069 quid
875 2988 1098 3069 suspicaretur
1236 2989 1287 3053 18.
1310 2985 1355 3052 Et
1382 2987 1470 3052 murt
1490 2984 1633 3052 chudab
1664 2984 1801 3052 hoedum
1847 2985 1953 3052 Mittit
1974 3007 2033 3070 per
2055 3009 2125 3055 ma·

114 3072 235 3139 Iudas.
280 3073 325 3137 Et
348 3071 510 3138 Dominus
532 3073 617 3139 hanc
643 3072 876 3138 verecundiam
906 3092 1019 3139 eorum
1041 3073 1097 3154 qui
1149 3094 1230 3138 num
1253 3074 1359 3153 amici,
1381 3094 1423 3138 ne
1441 3073 1494 3137 cui
1513 3072 1619 3139 alieno
1637 3071 1851 3157 ignominiam
1867 3094 1959 3138 suam
1983 3073 2125 3160 detegat.

112 3159 285 3243 flagitiose
306 3159 472 3237 vivebant,
495 3157 647 3224 cordibus
668 3157 865 3242 insculptam
886 3177 1021 3224 manera
1042 3179 1098 3224 vo·
1149 3160 1243 3226 Haec
1276 3157 1391 3225 eadem
1422 3160 1506 3225 ratio
1534 3165 1585 3226 est
1615 3177 1673 3224 cur
1700 3178 1768 3223 non
1796 3157 1916 3225 audeat
1942 3159 1982 3226 de
2015 3161 2124 3229 arrhis

111 3245 201 3323 luit,
235 3250 272 3309 ut
300 3243 360 3330 eibi
384 3249 484 3310 testes
505 3253 615 3312 essent
637 3264 715 3310 suaa
743 3243 965 3328 turpitudinis.
1010 3241 1097 3308 Nam
1149 3243 1288 3329 perditis
1319 3246 1493 3328 conqueri,
1525 3267 1568 3310 ne
1601 3265 1636 3310 se
1665 3243 1808 3311 ludibrio
1838 3253 1988 3330 exponat.
2037 3248 2124 3314 Nam

112 3331 144 3398 si
184 3339 318 3413 poseant
349 3330 499 3396 homines
533 3329 676 3398 maculas
708 3329 819 3396 eluere
848 3329 917 3396 suis
945 3329 1096 3414 peccatis,
1150 3331 1235 3415 quod
1258 3332 1338 3398 haec
1360 3330 1478 3398 verba:
1501 3331 1650 3414 Accqrict
1664 3329 1735 3411 sibi,
1752 3351 1791 3397 aa
1807 3332 1908 3398 amus
1925 3334 1959 3398 ιιι
1975 3339 2125 3418 contemp—

110 3417 245 3484 scimus
263 3416 346 3481 nihil
368 3415 523 3482 libentius
544 3417 687 3482 facturos
705 3437 785 3482 esse.
821 3415 918 3482 Unde
939 3417 1097 3501 sequitur,
1150 3423 1232 3499 tum,
1260 3417 1392 3502 quidam
1414 3417 1463 3482 ita
1485 3418 1666 3502 accipiunt,
1696 3416 1790 3500 quasi
1812 3425 1946 3484 excuset
1967 3418 2068 3486 Iudas
2090 3441 2125 3486 se

111 3503 200 3567 dum
224 3503 331 3568 lucem
353 3502 513 3587 fugitant,
545 3501 680 3568 horrore
702 3503 825 3567 invitos
844 3501 952 3587 tangi,
973 3509 1012 3567 ut
1034 3503 1097 3567 Dei
1148 3505 1351 3589 praestitisse
1373 3503 1484 3569 datam
1505 3503 1613 3584 fidem,
1635 3503 1719 3568 mihi
1741 3523 1806 3567 non
1829 3504 1992 3587 probatur.
2028 3505 2123 3570 Alter

110 3587 281 3654 iudicium
302 3588 494 3671 praeveniat
513 3589 659 3671 ipsorum
681 3588 886 3655 conscientia.
930 3588 1098 3654 Paulatim
1147 3591 1205 3656 ills
1227 3611 1342 3657 sensus
1359 3590 1455 3675 longe
1474 3591 1591 3656 molius
1609 3587 1756 3673 quadrat,
1778 3589 1863 3673 quod
1879 3589 2008 3656 mavult
2024 3590 2125 3659 Iudas

110 3671 255 3760 quidem
285 3673 390 3740 maior
419 3694 495 3758 pars
524 3674 565 3739 ad
595 3682 763 3758 stuporem
791 3682 824 3739 et
855 3673 1097 3758 impudentiam
1150 3677 1310 3742 annulum
1341 3676 1492 3759 perdere,
1533 3696 1631 3760 quam
1664 3695 1734 3740 rem
1777 3675 1907 3760 longius
1940 3678 2125 3760 spargendo

111 3760 283 3839 diffluxit,
315 3770 352 3824 ut
379 3780 438 3826 sua
464 3760 590 3844 flagitia
617 3761 725 3825 minus
747 3759 885 3826 sollicite
916 3760 1096 3826 occultent:
1149 3763 1320 3828 materiam
1349 3762 1505 3845 praebere
1533 3761 1626 3846 vulgi
1659 3760 1879 3827 sermonibus:
1913 3763 1989 3845 quia
2021 3765 2125 3829 levior

108 3865 294 3929 nunquam
332 3859 443 3911 tamen
487 3845 631 3912 belluina
672 3867 784 3912 eorum
816 3847 1009 3929 intemperie
1041 3847 1097 3928 qui
1149 3849 1193 3914 sit
1225 3849 1382 3931 pecuniae
1415 3868 1512 3931 quam
1552 3846 1659 3912 famae
1698 3848 1834 3913 iactura.
1889 3847 1991 3912 Aliud
2024 3852 2123 3914 ctiam

108 3933 258 4014 impune
286 3951 419 4014 peceare
447 3932 600 4014 cupiunt,
632 3941 770 3997 naturae
801 3953 933 3998 sensum
963 3951 1098 4015 prorsus
1148 3933 1327 4000 ludibrium
1351 3933 1531 3999 timendum
1553 3933 1626 4014 fuit,
1648 3932 1735 4016 quod
1752 3941 1819 3997 tam
1837 3932 1989 3998 credulus
2006 3935 2123 4002 fuerat.

109 4017 226 4084 deleri
253 4037 369 4100 passus
397 4024 447 4083 est
468 4019 578 4098 Deus,
611 4019 692 4102 quin
720 4039 779 4083 sua
812 4018 1014 4084 obscoenitas
1044 4017 1097 4084 vel
1149 4019 1216 4086 Sed
1238 4020 1450 4104 praecipuum
1472 4041 1513 4084 ex
1536 4021 1733 4086 scortatione
1755 4017 1892 4084 dedecus
1914 4020 2039 4086 veritus
2057 4029 2123 4088 est:

108 4101 381 4188 improbissimos
419 4112 514 4188 coget
546 4103 587 4170 ed
619 4101 789 4188 pudorem.
843 4102 964 4169 Putida
994 4104 1098 4188 igitur
1148 4105 1204 4172 ubi
1226 4105 1370 4173 vidimus
1392 4106 1541 4172 homines
1562 4105 1618 4188 qui
1640 4106 1705 4172 Dei
1726 4104 1841 4188 spiritu
1864 4125 1930 4170 non
1952 4114 2123 4191 reguntur,
2224 4137 2226 4140 ·

107 4191 183 4256 fuit
206 4188 324 4273 Cynici
350 4189 441 4254 illius
469 4191 649 4273 protervia,
680 4190 737 4272 qui
764 4190 800 4256 in
827 4191 953 4274 flagitio
982 4190 1096 4273 depre·
1149 4193 1189 4258 de
1220 4191 1338 4257 mundi
1376 4192 1528 4275 opinione
1567 4193 1672 4275 magis
1705 4211 1802 4274 quam
1836 4189 1876 4256 de
1908 4191 1972 4256 Dei
2003 4193 2123 4259 iudicio

109 4277 261 4354 hensus,
289 4276 360 4340 sine
387 4274 507 4340 rubore
532 4276 666 4342 iactavit
687 4297 722 4341 se
744 4275 895 4360 plantare
918 4277 1095 4341 hominem.
1147 4299 1277 4361 semper
1294 4298 1365 4344 esse
1387 4277 1549 4346 sollicitos.
1584 4277 1653 4344 Our
1669 4279 1759 4343 enim
1776 4277 1853 4341 dum
1871 4297 1946 4342 eum
1969 4277 2122 4345 titillabat

106 4361 155 4427 In
183 4381 314 4427 summa
338 4361 488 4428 velamen
512 4361 658 4428 Thamar
686 4363 830 4427 ostendit
857 4362 1096 4442 scortationem,
1147 4365 1257 4431 carnis
1279 4362 1386 4441 libido,
1409 4384 1474 4430 non
1496 4363 1591 4430 venit
1611 4363 1672 4428 hoc
1694 4363 1728 4427 in
1747 4369 1904 4428 menmm:
1927 4363 2013 4430 Eece
2034 4386 2121 4433 nunc

106 4467 185 4514 non
208 4453 338 4512 tantum
361 4467 471 4512 coram
493 4447 565 4513 Deo
588 4454 621 4514 et
643 4447 769 4533 angelis
794 4455 925 4531 turpem
948 4455 982 4513 et
1003 4446 1095 4513 foeti-
1146 4449 1288 4515 foetidus
1310 4470 1365 4514 ero
1386 4469 1497 4516 coram
1519 4450 1592 4515 Deo
1614 4457 1648 4514 et
1676 4446 1824 4532 angelis?
1848 4447 1918 4514 (lur
1945 4471 2034 4517 nunc
2056 4451 2122 4517 sal·

108 4535 196 4599 dam
219 4552 291 4598 rem
312 4553 394 4614 esse,
415 4533 472 4598 sed
495 4534 603 4601 acuis
625 4555 754 4617 quoquc
776 4534 945 4600 autoribus
967 4553 1096 4616 semper
1147 4543 1214 4602 tem
1236 4541 1408 4619 postquam
1431 4534 1593 4602 deferbuit
1612 4534 1723 4613 libido,
1747 4554 1813 4598 non
1837 4535 1999 4601 erubescit
2020 4538 2121 4604 tacita

106 4621 222 4687 fuisse
245 4617 441 4685 damnatam.
1146 4621 1270 4706 pcccati
1289 4621 1341 4685 sui
1364 4620 1503 4686 notitia?
1526 4619 1582 4687 scd
1605 4639 1738 4686 securus
1760 4627 1819 4700 est,
1841 4621 1937 4686 modo
1955 4642 1975 4684 a
1991 4622 2121 4706 publica

207 4703 259 4769 15.
291 4703 334 4769 El
372 4706 452 4771 uidit
489 4724 559 4771 eam
589 4703 742 4772 letcect.
797 4705 959 4789 Magnum
993 4703 1095 4770 Iudae
1145 4707 1281 4772 infamia
1310 4707 1372 4772 sibi
1399 4715 1521 4773 caveat.
1566 4705 1671 4773 Docet
1698 4713 1810 4771 tamen
1840 4705 1894 4770 hic
1921 4707 2012 4773 locus
2033 4707 2119 4792 quod

104 4791 276 4880 probrum
299 4791 385 4874 quod
407 4791 538 4875 ignotae
560 4791 709 4857 mulieris
731 4789 938 4857 concubitum
961 4799 1096 4874 repente
1144 4794 1211 4858 iam
1232 4794 1324 4875 prius
1345 4793 1509 4870 admonui,
1531 4791 1696 4858 communi
1717 4789 1888 4856 hominum
1911 4814 2009 4860 sensu
2031 4793 2120 4861 dam·

105 4877 256 4963 appetit.
300 4875 413 4943 Senex
444 4878 511 4943 iam
543 4886 628 4943 erat:
664 4878 773 4960 itaque
805 4874 859 4942 vel
891 4877 928 4940 in
960 4875 1094 4942 homine
1145 4886 1257 4944 natam
1284 4877 1384 4944 fuisse
1413 4879 1659 4956 scortationem,
1691 4899 1734 4942 ne
1763 4877 1835 4962 quis
1864 4897 1906 4942 ex
1932 4879 2119 4963 ignorantia

106 4964 257 5040 lascivo,
291 4963 361 5028 sola
392 4972 505 5029 tamen
537 4970 627 5029 astes
657 4962 795 5029 dedebat
821 4962 1107 5045 intemperantiae
1140 4959 1364 5032 'excusationis
1384 4972 1591 5048 praetextum
1614 4971 1794 5048 quaereret.

104 5052 282 5117 fervorem
304 5050 516 5134 restinguere.
552 5048 725 5115 Mulierem
742 5049 855 5132 procul
873 5047 999 5131 aspicit,
1022 5048 1094 5131 oapi
1230 5050 1281 5115 24.
1316 5049 1361 5115 ct
1390 5051 1520 5133 fcerurtt
1550 5051 1674 5116 ιινιιιιι
1705 5054 1767 5115 tres
1797 5067 1927 5114 mcrssea
1983 5051 2117 5118 Poterat

104 5141 245 5204 formae
272 5147 445 5201 venustata
473 5156 538 5200 non
569 5143 688 5219 potest:
719 5136 865 5218 pruritus
894 5145 1003 5198 tamen
1025 5156 1093 5200 non
1144 5135 1290 5202 'Phamar
1307 5136 1403 5202 citius
1416 5137 1566 5220 detegere
1577 5135 1718 5202 facinus:
1741 5134 1799 5200 sed
1816 5138 2020 5218 exspectavit
2037 5136 2117 5204 dum

103 5243 212 5291 secus
235 5221 272 5284 in
295 5240 332 5286 eo
353 5221 541 5288 accenditur
561 5243 658 5304 quam
681 5222 715 5286 in
737 5241 830 5304 equo,
855 5222 910 5304 qui
931 5220 972 5285 ed
994 5242 1092 5304 oqua-
1144 5221 1185 5287 ad
1203 5221 1341 5306 capitale
1359 5221 1556 5306 supplicium
1573 5229 1776 5306 posceretur:
1795 5241 1873 5286 nam
1888 5230 1967 5286 tunc
1984 5221 2117 5290 liberior

102 5329 191 5375 rum
215 5305 348 5372 odorem
370 5306 532 5374 adhinnit.
567 5307 655 5372 Hinc
677 5307 870 5391 colligimus,
894 5327 959 5372 non
982 5307 1092 5372 admo·
1142 5308 1205 5374 fuit
1226 5307 1456 5394 expostulandi
1475 5307 1577 5375 locus.
1610 5307 1785 5375 Caeterum
1803 5305 1888 5391 quod
1906 5327 2031 5390 poenae
2047 5317 2116 5376 tam

224 5408 337 5468 θαιιιιιι
350 5423 444 5479 opera
483 5409 542 5466 Vol.
560 5409 682 5466 XXIII.
738 5469 740 5476 ,
1877 5405 1912 5461 32
