4988 6192
119 399 172 466 529
745 389 1116 458 COMMENTARIUS
1139 390 1189 456 IN
1212 389 1426 458 GBNBSIN.
2023 393 2089 461 530

115 583 260 653 tiabirnt'ui.
302 580 352 647 35.
377 579 477 646 Porro
503 580 578 663 suit,
611 580 690 662 ipsis
718 580 937 648 evacuantibus
958 597 1061 645 secem
1113 579 1217 644 Porro
1235 578 1381 664 intellige
1398 579 1570 645 venditum
1588 579 1690 646 fuisse
1708 579 1908 648 trumentum
1925 581 2088 667 anseph,

115 692 190 750 aas,
210 688 280 747 ecee,
302 667 545 748 uniraueiusque
567 667 705 750 ttpotura
722 667 875 747 pecuniae
896 684 974 730 suae
995 669 1062 730 erat
1112 685 1179 728 uon
1201 665 1288 748 quod
1317 665 1485 731 dimensus
1507 667 1551 730 sit
1573 666 1642 750 ipse
1664 667 1803 750 propriis
1831 667 1997 749 manibus,
2032 670 2088 735 vel

114 760 304 823 tueouosuo:
323 759 350 819 et
366 753 509 818 uiderent
525 751 681 836 lipoturos
691 752 900 834 pecuniarum
917 770 1059 830 suorum,
1111 751 1282 833 pecuniam
1302 752 1503 832 tractaverit,
1523 773 1622 835 quum
1639 753 1674 816 iu
1694 752 1808 818 multis
1826 755 1919 837 regni
1938 755 2087 837 partibus

113 843 178 926 ipsi,
202 845 227 906 et
240 843 331 920 poter
351 858 471 917 eorum,
501 842 530 904 et
555 839 732 904 terrueruut.
776 835 1061 902 aestumat
1112 836 1227 902 venale
1245 845 1342 916 esset,
1366 857 1425 902 uec
1444 837 1533 902 solus
1551 837 1592 904 ad
1612 837 1765 903 horreum
1784 860 1886 903 unum
1908 841 2086 922 sufficeret,

113 948 155 994 eos
177 926 301 992 Iotooob
323 929 419 1006 pater
445 944 568 990 eorum:
596 923 649 989 Me
681 924 832 990 arbustis:
859 921 971 1004 Iosepb
999 942 1059 986 uon
1111 943 1227 988 verum
1249 923 1324 1006 quia
1347 923 1472 988 totuin
1494 945 1570 989 eum
1592 923 1694 990 moles
1716 924 1873 991 incubuit.

112 1017 157 1089 ost,
172 1011 329 1078 eremus
346 1029 407 1076 uon
424 1014 477 1089 eet,
495 1014 524 1075 et
541 1009 711 1075 Beniamin
728 1009 872 1091 capietis:
894 1009 1059 1074 αάιιενειιιιι
1117 1041 1122 1052 ·
1159 1065 1162 1074 ,
1198 1009 1227 1074 t.
1257 1007 1301 1073 Et
1329 1007 1466 1074 ctieuum
1494 1029 1527 1075 se
1553 1011 1682 1075 ostendit
1698 1011 1764 1078 eis.
1809 1009 1991 1092 Quaeritur
2019 1031 2084 1094 quo

111 1119 152 1164 uo
177 1102 243 1162 suut
270 1096 374 1162 omnio
405 1095 486 1162 baec.
537 1096 587 1161 37.
620 1096 707 1160 Tune
737 1095 822 1162 aaa
851 1093 979 1160 Rcubeu
1015 1093 1059 1158 od
1110 1095 1220 1159 animo
1237 1093 1357 1176 Ioseph
1380 1095 1500 1160 fratrea
1518 1095 1565 1160 ita
1587 1095 1686 1161 minis
1704 1105 1737 1160 et
1759 1103 1883 1162 terrore
1906 1097 2083 1164 excruciet.

106 1188 212 1267 putrem
230 1202 335 1262 mum,
360 1181 502 1247 diceudo:
524 1181 718 1262 Duosfitios
738 1200 823 1244 meos
843 1181 1057 1262 mattarios,
1110 1179 1196 1244 Nam
1218 1181 1246 1245 si
1269 1187 1375 1246 tactus
1397 1181 1458 1245 fuit
1479 1187 1611 1263 accepta
1633 1181 1673 1246 ab
1695 1180 1761 1247 illis
1782 1181 1909 1258 iniuria,
1934 1184 2085 1250 excusari

109 1270 164 1334 uisi
181 1269 325 1334 cedma
346 1287 415 1333 eum
437 1267 479 1332 ad
501 1272 544 1332 te:
575 1267 618 1332 du
644 1286 715 1332 euru
735 1268 770 1332 iu
797 1285 927 1332 mouum
948 1285 1058 1344 meam,
1110 1286 1175 1330 non
1197 1273 1306 1349 potest
1328 1265 1491 1332 vindictae
1513 1265 1683 1349 cupiditas.
1718 1269 1819 1350 Atqui
1838 1266 2005 1350 probabile
2023 1277 2082 1350 est,

109 1361 133 1420 et
149 1375 196 1438 epo
219 1355 362 1420 reducam
389 1373 459 1418 eum
487 1353 528 1418 ad
549 1358 585 1418 te.
630 1352 681 1418 38.
710 1351 755 1418 Et
782 1351 879 1417 dtoto:
909 1350 981 1416 Nou
1010 1351 1059 1415 de·
1111 1370 1216 1434 neque
1237 1351 1415 1432 iracundia,
1441 1372 1547 1434 neque
1569 1353 1747 1418 ulciscendi
1769 1353 1876 1418 studio
1899 1353 1999 1418 tuisse
2020 1355 2082 1420 im-

108 1440 211 1507 soeudet
227 1439 313 1521 fitius
329 1459 417 1506 uuus
432 1439 603 1506 oobisoum:
623 1440 700 1521 quio
716 1439 816 1520 frater
834 1439 902 1502 etus
918 1441 1059 1502 mortuus
1110 1436 1257 1520 pulsum:
1290 1437 1347 1502 sed
1375 1436 1500 1502 duabus
1528 1439 1624 1505 iustis
1652 1440 1759 1505 causis
1780 1439 1883 1505 fuisse
1904 1438 2083 1506 adductum

108 1531 157 1604 er,
176 1531 202 1592 et
220 1527 285 1608 ipse
306 1524 391 1590 solus
411 1523 579 1602 rumara„
606 1524 770 1590 eteocidet
791 1524 821 1588 ei
842 1543 926 1589 mors
947 1525 982 1587 tu
1002 1523 1058 1588 oio
1111 1524 1210 1590 atita
1230 1525 1359 1588 faceret.
1396 1523 1482 1588 Nam
1500 1530 1533 1588 et
1551 1525 1685 1590 fratrem
1695 1525 1870 1590 Beniamin
1889 1545 2083 1608 recuperare

102 1632 152 1694 per
170 1632 257 1694 quoru
277 1610 380 1676 ibitis:
401 1615 430 1676 et
450 1609 627 1676 ducendae
645 1610 769 1693 fauetis
790 1610 937 1676 canitiem
958 1630 1058 1675 meam
1110 1609 1252 1692 optabat,
1275 1617 1308 1674 ct
1325 1610 1419 1692 quasi
1441 1608 1585 1675 adhibita
1608 1611 1795 1693 quaestione
1817 1619 1970 1676 excutere
1992 1612 2082 1677 vole·

105 1717 164 1762 oum
183 1717 311 1764 uuuore
332 1697 374 1762 ad
393 1695 597 1778 sepulchrum.
1110 1695 1166 1760 bat
1196 1694 1272 1778 quid
1306 1694 1465 1760 habereut
1493 1697 1528 1760 in
1561 1697 1685 1776 animo,
1719 1697 1931 1779 resipuissent
1963 1719 2081 1764 necue:

1110 1781 1215 1862 qualis
1245 1781 1383 1864 denique
1412 1781 1452 1846 ab
1482 1802 1519 1847 eo
1550 1789 1694 1866 tempore
1723 1781 1839 1847 fuisset
1863 1803 1974 1848 eorum
2003 1784 2081 1848 vita.

179 1867 205 1932 1.
227 1866 270 1934 Bt
298 1865 377 1933 cidit
399 1865 544 1932 Iatooob.
589 1865 712 1950 Incipit
734 1866 796 1931 hoc
820 1865 926 1948 eapite
948 1865 1057 1932 Moses
1110 1866 1196 1932 Nam
1219 1867 1247 1931 si
1267 1866 1373 1949 primo
1401 1866 1559 1950 colloquio
1586 1889 1622 1934 ss
1651 1867 1869 1950 patefecisset,
1899 1868 2083 1934 timendum

104 1960 227 2019 tractare
255 1973 416 2037 quaenam
444 1955 568 2018 occasio
598 1955 736 2018 traxerit
761 1951 859 2017 Iacob
888 1973 963 2017 cum
989 1959 1058 2017 tota
1109 1962 1180 2017 erat
1201 1974 1244 2017 ne
1273 1960 1366 2036 patre
1396 1951 1514 2030 celato,
1549 1953 1739 2018 detestabile
1768 1951 1852 2036 quod
1883 1952 2084 2020 admiserant

102 2038 211 2104 familia
227 2039 480 2125 inaegyptum:
499 2048 597 2122 atque
614 2037 662 2103 ita
681 2036 1057 2104 nobisconsiderandum
1109 2039 1214 2104 scelus
1237 2045 1348 2122 tegere
1371 2038 1534 2117 volentes,
1559 2059 1643 2105 novo
1666 2039 1786 2104 scelere
1809 2049 1982 2123 augerent:
2006 2041 2082 2106 sub·

102 2125 242 2208 relinquit
262 2145 359 2208 quam
382 2123 515 2192 occultis
536 2124 641 2190 modis
659 2131 692 2188 et
714 2124 892 2206 inopinatis
912 2123 1059 2205 perficiat
1108 2131 1178 2190 erat
1204 2123 1301 2189 cuam
1331 2144 1396 2189 non
1427 2143 1514 2189 vana
1542 2124 1583 2190 de
1605 2125 1707 2190 fratre
1729 2125 1903 2190 Beniamin
1932 2126 2082 2208 suspicio,

101 2209 181 2275 Dens
200 2210 354 2294 quidquid
377 2210 504 2276 statuit.
549 2209 747 2294 Quanquam
775 2209 876 2294 igitur
897 2209 1057 2291 Dei'pro·
1108 2209 1246 2292 nequid
1270 2210 1425 2293 perfidiae
1447 2230 1485 2275 ac
1508 2209 1711 2276 crudelitatis
1734 2212 1769 2274 in
1792 2232 1867 2276 eum
1886 2219 2080 2278 tentassent

101 2295 234 2362 videntia
255 2317 315 2380 per
337 2317 372 2362 se
393 2295 601 2380 labyrinthus
630 2307 695 2361 est:
724 2295 780 2361 ubi
806 2303 917 2360 tamen
947 2315 1056 2360 rerum
1106 2294 1236 2378 Operae
1254 2295 1394 2378 pretium
1414 2315 1490 2378 crgo
1508 2294 1580 2374 iuit,
1604 2297 1736 2379 propius
1760 2299 1951 2375 asserenti,
1976 2296 2079 2366 donec

101 2383 196 2446 exitus
216 2401 291 2448 eum
313 2382 481 2466 principiis
503 2382 747 2468 coniungimus,
772 2381 941 2464 perspicue
963 2381 1056 2446 nobis
1108 2379 1147 2446 de
1170 2389 1259 2446 statu
1281 2388 1436 2464 paternae
1459 2379 1573 2447 domus
1596 2383 1715 2448 certior
1732 2383 1836 2448 factus
1854 2382 1983 2465 Ioseph,
2005 2405 2081 2450 con·

99 2467 225 2552 refulget
256 2467 458 2534 admirabilis
487 2467 545 2533 illa
566 2465 722 2550 operandi
752 2466 850 2543 ratio,
879 2487 962 2550 quae
984 2466 1056 2532 ideo
1107 2466 1216 2533 silium
1240 2488 1280 2532 ex
1303 2467 1428 2550 reipsa
1449 2474 1595 2550 caperet:
1619 2467 1736 2532 deiude
1754 2467 1876 2552 aliquid
1894 2469 2081 2553 castigatio·

98 2573 156 2618 non
177 2555 390 2638 ,agnosutur,
427 2555 579 2704 guouiam
608 2572 628 2616 a
656 2573 754 2618 seusu
783 2560 894 2618 nostro
925 2551 1057 2636 longius
1108 2553 1160 2617 nis
1178 2559 1254 2617 ante
1273 2553 1401 2618 veniam
1424 2553 1538 2637 infligi,
1561 2572 1624 2636 quo
1641 2553 1758 2620 melius
1776 2553 1906 2621 sceleris
1923 2554 1975 2619 sui
1993 2563 2081 2621 atro-

97 2647 210 2705 remota
228 2649 288 2707 est.
332 2639 425 2723 Impe
449 2639 474 2704 it
495 2640 594 2706 etiam
616 2659 675 2704 nos
698 2638 829 2722 propria
850 2637 992 2720 ignavia,
1013 2660 1055 2704 ne
1108 2639 1240 2704 citatem
1280 2637 1511 2721 expenderent.
1565 2638 1653 2704 Nam
1685 2639 1770 2722 quod
1803 2661 1837 2706 se
1870 2648 1981 2723 postea
2014 2651 2080 2706 tam

97 2722 163 2790 fidei
198 2727 300 2792 oculis
331 2727 439 2792 Deum
480 2745 654 2790 cernamus
686 2723 802 2789 mundi
835 2723 1056 2807 gubernacula
1107 2723 1300 2808 placabilem
1324 2725 1570 2808 humanumque
1599 2724 1764 2809 praebuit,
1799 2746 1864 2790 uon
1886 2725 2009 2791 iactum
2031 2733 2081 2793 est

96 2815 264 2878 tenentem:
290 2813 365 2895 quia
383 2803 618 2876 vel'fertunam
637 2810 858 2894 imaginamur
874 2818 1054 2875 eventuum
1108 2809 1192 2892 quod
1215 2810 1327 2876 sedate
1356 2811 1465 2874 animo
1494 2810 1653 2893 paulatim
1676 2809 1716 2874 ad
1743 2810 1998 2877 misericordiam
2021 2814 2080 2878 ile-

97 2893 266 2964 domiuam:
297 2897 349 2964 vel
376 2896 412 2961 in
441 2897 632 2980 propinquis
653 2913 687 2960 et
714 2895 921 2961 naturalibus
949 2896 1055 2962 causis
1108 2917 1171 2961 xus
1199 2896 1257 2976 sit,
1291 2896 1370 2979 quin
1400 2895 1523 2978 potius,
1556 2917 1657 2979 quum
1686 2895 1763 2961 alibi
1793 2895 1943 2963 subiiciet
1971 2898 2080 2964 Moses

94 2978 265 3064 haerentes,
285 3003 458 3049 erearum
477 2981 820 3047 contexturelanobis
838 2981 1054 3046 obtendimus.
1108 3003 1269 3048 secessum
1292 2983 1482 3065 quaesiisse,
1506 2981 1583 3064 quia
1604 3004 1639 3048 se
1661 2982 1801 3065 amplius
1823 2982 1990 3050 continere
2012 3004 2079 3049 nou

95 3063 195 3146 Quum
216 3089 296 3156 ergo
318 3070 376 3135 vix
398 3067 466 3132 ulla
488 3067 619 3135 divinae
649 3067 873 3150 providentiae
895 3067 1056 3132 illustrior
1108 3076 1251 3150 poterat,
1296 3067 1393 3132 simul
1436 3068 1553 3132 innuet
1592 3069 1706 3133 fletum
1747 3069 1847 3134 luisse
1884 3090 2079 3152 repressum,

92 3151 209 3233 pictura
230 3162 340 3222 exstet
361 3175 458 3238 quam
483 3154 562 3220 haee
584 3153 729 3232 historia,
751 3152 851 3238 probe
872 3174 907 3218 se
929 3152 964 3216 in
985 3154 1056 3218 eius
1108 3153 1263 3236 quamdiu
1285 3173 1399 3220 severo
1421 3153 1484 3218 fuit
1505 3152 1609 3232 vultu,
1632 3161 1729 3237 atque
1749 3154 1796 3218 ita
1817 3154 1930 3220 eodem
1951 3175 2081 3240 semper

92 3238 294 3306 meditatione
312 3249 485 3307 exerceant
502 3240 548 3322 pii
566 3238 713 3318 lectores,
736 3249 774 3303 ut
791 3259 843 3305 res
860 3239 895 3302 iu
913 3239 1054 3322 speciem
1108 3239 1348 3306 misericordiae
1370 3239 1489 3304 affectu
1512 3239 1614 3305 fuisse
1641 3239 1834 3322 praeditum.
1878 3241 1924 3305 Et
1945 3249 2081 3325 apparet

93 3321 234 3392 fortuitas
256 3328 323 3393 Dei
342 3347 443 3392 manu
466 3325 562 3410 dirigi
585 3334 772 3410 agnoscant.
1107 3327 1287 3408 peculiares
1310 3325 1411 3391 fuisse
1432 3325 1605 3391 instinctus
1624 3324 1665 3410 ad
1683 3333 1783 3391 totam
1804 3327 1890 3392 hanc
1908 3329 2078 3392 actionem.

176 3409 214 3478 Ut
240 3413 319 3494 quid
347 3411 492 3494 aspicitis
519 3431 582 3478 uos.
627 3412 745 3476 Mutuo
774 3431 809 3476 se
838 3409 984 3495 aspicere
1007 3409 1055 3474 di·
1107 3411 1221 3494 Neque
1249 3412 1338 3476 enim
1368 3410 1429 3476 hoc
1458 3410 1597 3494 vulgare
1626 3411 1703 3488 fuit,
1738 3411 1823 3495 quod
1851 3411 1972 3496 Ioseph
2001 3433 2078 3478 cun-

91 3498 370 3578 cuaturhomiues,
388 3497 562 3562 damalius
580 3495 680 3562 alium
699 3501 875 3578 exspectat,
893 3503 927 3561 et
945 3495 1057 3580 iuopia
1105 3497 1224 3580 spectis
1246 3505 1295 3562 tut
1316 3517 1451 3562 suarum
1473 3496 1696 3562 calamitatum
1719 3498 1904 3575 autoribus,
1931 3518 1996 3562 non
2019 3519 2077 3562 ex·

90 3582 207 3648 consilii
230 3603 329 3649 nemo
351 3582 527 3666 quidquam
558 3589 685 3648 tentare
710 3581 817 3647 audet.
863 3581 1054 3665 Reprehen·
1104 3583 1247 3662 canduit,
1270 3603 1375 3666 neque
1392 3589 1539 3647 mutatus
1557 3591 1616 3662 cst,
1635 3603 1739 3665 neque
1757 3584 1791 3646 iu
1809 3582 2076 3664 exprobrationes

90 3665 173 3732 ditur
192 3669 297 3753 igitur
319 3691 339 3734 a
359 3669 459 3735 Iacob
488 3669 630 3734 illiorum
660 3668 810 3747 cessatio,
841 3667 927 3751 quod
957 3688 1053 3733 nemo
1104 3670 1226 3752 erupit:
1257 3667 1314 3735 sed
1343 3668 1524 3750 composuit
1550 3668 1676 3734 vultum
1701 3677 1734 3732 et
1755 3689 1954 3745 sermonem,
1984 3669 2076 3751 quasi

88 3751 211 3820 illorum
234 3756 400 3840 praesenti
421 3755 606 3820 necessitati
629 3773 798 3820 cucumere
821 3752 960 3819 studeat.
993 3753 1053 3820 Di·
1104 3754 1161 3819 diu
1189 3776 1247 3838 per
1275 3755 1377 3819 otium
1410 3753 1585 3818 meditatus
1614 3754 1700 3819 toret
1728 3753 1811 3836 quod
1842 3765 1975 3819 acturus
2001 3754 2074 3820 fuit.

87 3838 253 3906 citantem
266 3841 378 3910 Moses
396 3840 556 3924 profectos
573 3839 675 3906 tuisse
692 3839 930 3923 inaegyptum
949 3841 1053 3924 patris
1104 3839 1171 3907 Sed
1200 3841 1370 3924 quaeritur
1399 3859 1529 3904 rursum
1558 3859 1668 3904 aunon
1691 3839 1853 3923 culpanda
1874 3841 1918 3903 sit
1939 3840 2009 3905 eius
2031 3840 2074 3905 si-

86 3921 187 4006 inssu,
217 3927 404 4010 etquidem
436 3927 555 4010 absque
578 3925 768 3991 Beniamin:
798 3945 860 4009 qno
889 3925 1053 4010 significat
1103 3927 1249 4007 mulatio,
1271 3945 1354 4009 quae
1372 3925 1543 3990 mendacio
1560 3926 1735 3992 coniuncta
1751 3927 1826 3990 init:
1850 3926 1969 3991 scimus
1987 3926 2074 3991 enim

29 4073 30 4076 ,
87 4015 158 4077 tunc
176 4014 265 4096 apud
286 4033 341 4080 eos
356 4011 498 4079 valuisse
515 4013 618 4096 patris
635 4011 868 4079 reverentiam:
892 4013 1052 4094 quianon
1103 4020 1302 4096 quantopere
1323 4011 1395 4075 Deo
1417 4010 1544 4094 placeat
1564 4011 1752 4096 integritas,
1783 4019 1816 4076 et
1842 4031 1939 4094 quam
1962 4032 2075 4078 severe

86 4095 205 4162 obstitit
225 4099 361 4179 invidia,
384 4099 463 4182 quin
481 4097 603 4165 relictis
625 4097 783 4163 uxoribus
801 4107 835 4162 et
856 4096 967 4162 liberis
985 4097 1053 4186 lon·
1103 4098 1218 4164 aiuco
1244 4106 1276 4163 ct
1305 4095 1443 4163 fallaciis
1471 4116 1548 4162 suos
1578 4097 1758 4180 prohibeat.
1803 4099 1856 4161 An
1880 4096 1972 4161 Deus
2000 4118 2074 4180 spe·

84 4181 237 4264 ginquum
271 4185 336 4250 iter
369 4185 559 4267 arriperent.
604 4183 708 4248 Addit
739 4183 827 4248 enim
860 4184 989 4250 venisse
1018 4185 1051 4248 in
1102 4183 1176 4251 ciali
1203 4190 1293 4248 motu
1323 4203 1454 4249 servum
1483 4202 1578 4246 suum
1609 4181 1855 4265 gubernaverit,
1885 4189 1924 4246 ut
1945 4202 1965 4246 a
1987 4204 2073 4248 com·

85 4271 234 4336 confluxu
256 4291 395 4355 maguae
418 4270 548 4336 turbae:
579 4268 662 4352 quod
691 4267 819 4334 laudem
840 4267 960 4354 Ioseph
983 4290 1051 4334 am-
1103 4269 1196 4334 muni
1218 4268 1333 4354 regula
1355 4266 1536 4334 discederet
1557 4269 1638 4332 citra
1659 4267 1804 4350 culpam,
1827 4268 1952 4334 nescio:
1979 4269 2074 4334 sicuti

84 4351 215 4434 plificat‚
245 4357 302 4440 qui
326 4356 386 4422 toti
409 4357 561 4441 Aegypto
583 4354 796 4438 suppeditans
819 4354 990 4435 alimenta,
1019 4365 1054 4422 et
1102 4354 1267 4421 interdum
1300 4355 1352 4437 pie
1384 4353 1496 4418 fideles
1529 4353 1687 4436 quaedam
1721 4353 1893 4434 designant
1924 4375 2007 4437 quaa
2039 4352 2074 4420 iu

83 4437 121 4501 ad
149 4462 338 4508 mensuram
373 4441 565 4525 dispensans
598 4462 701 4523 usque
729 4439 770 4505 ad
799 4443 900 4506 finem
932 4442 1050 4508 sterili·
1102 4440 1287 4525 exemplum
1310 4439 1442 4505 trahere
1464 4439 1635 4512 nonlicet.
1674 4439 1747 4505 Hoc
1769 4438 1898 4522 quidem
1922 4439 1957 4503 in
1980 4460 2074 4507 sauc-

82 4524 170 4605 tatis,
204 4528 330 4612 aliquid
361 4529 459 4593 etiam
492 4527 608 4594 vicinis
641 4526 794 4610 gentibus
823 4526 960 4592 subsidii
990 4529 1051 4592 im·
1104 4537 1211 4592 torum
1233 4535 1364 4611 patrum
1387 4525 1481 4590 factis
1508 4546 1637 4609 semper
1666 4524 1848 4591 carendum
1872 4535 1936 4590 est:
1967 4546 2009 4590 ne
2030 4526 2072 4592 ab

81 4613 205 4690 pertint.
1102 4633 1140 4679 ea
1161 4613 1234 4696 lege
1255 4633 1351 4695 quam
1375 4611 1537 4676 Dominus
1566 4613 1784 4676 communiter
1805 4611 1955 4677 omnibus
1976 4632 2071 4695 prae-

163 4700 191 4764 6.
215 4699 263 4765 Et
285 4697 398 4781 Ioseph
420 4703 487 4764 erat
507 4698 653 4764 dauiuus
673 4703 918 4787 superterram.
963 4697 1050 4763 Oon·
1101 4699 1227 4779 scribit,
1260 4719 1319 4763 nos
1353 4696 1525 4762 abducant.
1576 4697 1621 4762 Bt
1652 4697 1797 4780 generali
1825 4696 1890 4760 Dei
1916 4697 2072 4765 mandato

79 4778 183 4868 iungit
204 4785 364 4851 honorem
382 4783 502 4867 Ioseph
524 4805 597 4850 cum
621 4782 685 4849 fide
707 4794 738 4847 et
756 4783 927 4849 industria.
964 4783 1050 4848 Nam
1101 4784 1238 4852 colenda
1259 4791 1310 4849 est
1331 4782 1424 4848 nobis
1446 4783 1627 4848 sinceritas.
1672 4781 1769 4864 Quod
1792 4781 1881 4847 aliud
1902 4783 2072 4851 simulavit

80 4867 138 4932 etsi
158 4872 348 4953 potiebatur
369 4890 497 4936 summo
518 4870 673 4953 imperio,
702 4870 802 4935 subiit
822 4877 931 4934 tamen
956 4869 1050 4952 quid·
1101 4870 1220 4953 Ioseph
1243 4889 1340 4952 quam
1362 4889 1414 4934 res
1437 4879 1515 4944 erat,
1539 4868 1599 4934 hoc
1621 4877 1793 4951 praetextu
1814 4868 1949 4934 minime
1971 4889 2071 4936 exeu-

79 4955 152 5034 quid
174 4957 286 5040 potuit
307 4957 423 5036 oneris,
451 4977 515 5021 non
537 4955 635 5021 aliter
657 4975 755 5037 quam
777 4955 806 5020 si
828 4955 1050 5020 mercenarius
1099 4957 1244 5021 sabimur
1265 4955 1294 5020 si
1316 4953 1394 5038 quid
1417 4953 1522 5018 simile
1544 4961 1718 5019 tentamus.
1762 4953 1858 5032 Nam,
1881 4963 1919 5018 ut
1939 4957 2070 5021 veniam

79 5058 205 5121 operam
231 5064 326 5109 suam
348 5041 478 5108 locaret.
515 5039 590 5122 Quo
609 5042 758 5124 exemplo
781 5040 970 5106 discendum
989 5049 1048 5121 est,
1099 5040 1277 5107 obtinuerit
1297 5039 1431 5106 libertas
1460 5039 1632 5124 privilegio
1661 5059 1827 5117 concessa,
1857 5039 1886 5102 si
1908 5041 1981 5122 quis
2001 5043 2070 5124 pri·

77 5135 113 5188 ut
134 5129 274 5212 quisque
303 5128 426 5193 honore
457 5126 641 5210 praecellit,
669 5127 717 5194 sic
748 5125 863 5191 debere
887 5147 957 5192 esse
978 5148 1048 5192 ma·
1100 5135 1175 5194 vato
1195 5127 1345 5208 exemplo
1362 5127 1466 5191 iratus
1483 5125 1589 5210 legem
1602 5125 1665 5190 Dei
1683 5133 1830 5190 evertere
1849 5145 1914 5189 non
1933 5125 2068 5206 dubitet,

76 5210 162 5278 xime
184 5215 406 5299 negotiosum:
429 5233 485 5280 eos
503 5234 580 5279 vero
600 5213 654 5295 qui
673 5213 774 5277 otium
793 5233 867 5278 cum
888 5212 1048 5297 dignitate
1099 5224 1136 5278 ut
1154 5213 1216 5278 sibi
1238 5212 1363 5278 licitum
1386 5212 1482 5277 meiat
1498 5210 1582 5293 quod
1605 5209 1672 5277 illic
1694 5218 1834 5290 vetatur,
1857 5211 1974 5276 merito
1991 5233 2069 5280 suae

75 5307 246 5381 appetunt,
269 5309 416 5366 sanetum
428 5300 492 5365 Dei
509 5298 657 5364 ordinem
678 5300 808 5382 penitus
829 5319 1048 5384 eorrumpere.
1099 5298 1253 5365 audaciae
1280 5317 1403 5383 poenas
1432 5296 1530 5362 dabit.
1575 5297 1621 5362 at
1649 5307 1760 5363 tamur
1781 5317 1848 5362 uon
1870 5318 2073 5383 magnopere

172 5403 289 5460 Oatriut
302 5417 395 5473 opera.
433 5401 489 5458 Vol.
509 5399 630 5459 xx111.
1832 5395 1867 5452 34
