5000 6208
355 419 417 485 251
1015 415 1385 484 COMMENTARIUS
1406 415 1457 482 IN
1476 415 1690 483 caruem.
2290 415 2356 482 252

356 609 407 674 vol
431 605 660 690 inhospitalem
690 605 808 672 vocari
853 603 1007 676 Belluina
1031 605 1119 670 euim
1140 612 1191 672 est
1212 602 1327 670 crude-
1378 624 1458 689 erga
1485 613 1551 672 tres
1579 605 1659 672 istos
1679 605 1782 670 sclito
1809 605 1882 672 beni
1931 607 1981 672 ius
2002 626 2038 670 so
2069 606 2267 672 effunderet:
2294 606 2353 672 sod

356 693 449 770 litas,
489 692 628 776 superbe
661 689 829 775 despicere
860 691 917 774 qui
948 691 1123 758 ordinariis
1156 690 1328 775 praesidiis
1379 711 1472 756 amor
1488 698 1523 756 et
1544 691 1689 756 studium
1713 691 1872 757 donorum
1925 693 1963 770 ei,
1985 704 2018 756 et
2037 694 2199 757 virtutum
2216 712 2299 775 quae
2317 693 2352 757 iu

355 777 469 845 nudati
489 776 530 842 ad
550 798 644 860 opem
668 789 813 842 nostram
834 777 932 842 oonfu
957 776 1038 843 'unt
1078 776 1258 858 Quaeritur
1279 789 1327 842 ta·
1378 776 1445 842 illie
1474 777 1665 842 emicabant.
1710 775 1809 858 Quod
1836 797 1916 843 vero
1943 778 2085 842 frustum
2107 778 2201 860 panis
2222 787 2352 844 tantum

356 885 433 930 men
454 884 496 928 au
518 863 566 928 ita
587 864 770 947 promisere
792 861 907 928 solitus
968 862 1031 928 erit
1058 861 1218 946 quoslibet
1239 863 1327 928 exoi-
1378 861 1487 941 offert,
1517 881 1581 926 noa
1605 871 1733 926 tantum
1756 861 1909 928 vitandas
1931 863 2104 930 iactantiae
2124 883 2232 941 cauea,
2254 862 2353 930 boue-

355 970 433 1035 pere
455 949 633 1015 Abraham.
680 948 789 1014 Maior
812 948 901 1013 euim
928 947 1061 1014 futurus
1088 959 1160 1014 erat
1191 969 1327 1014 concur·
1378 947 1488 1013 ficium
1511 947 1596 1032 quod
1617 957 1690 1012 erat
1711 947 1848 1014 daturus
1869 957 2042 1014 extenuat:
2063 947 2121 1015 eod
2142 969 2205 1032 quc
2227 949 2353 1015 facilius

356 1057 412 1102 sus
433 1056 532 1120 quam
553 1045 590 1100 ut
611 1032 727 1101 turbae
750 1033 970 1101 satisfecisset.
1014 1033 1210 1118 Respondes
1230 1032 1328 1119 (quae
1378 1032 1513 1099 consilio
1534 1034 1604 1099 eius
1625 1043 1659 1098 st
1680 1033 1829 1115 precibus
1853 1033 2094 1118 obtemperent,
2121 1035 2178 1099 ubi
2205 1035 2353 1118 persuasi

356 1133 427 1186 erat
455 1120 598 1186 hominis
631 1120 806 1203 prudentia
846 1119 1022 1186 discrimen
1048 1120 1088 1187 ab
1111 1139 1149 1186 ec
1177 1119 1327 1186 habitum
1377 1119 1502 1185 fuerint
1522 1139 1558 1184 se
1580 1139 1645 1184 non
1667 1118 1736 1185 fore
1758 1120 1857 1185 nimis
1879 1140 1996 1203 graves
2018 1139 2056 1186 ae
2078 1119 2241 1186 molestos.
2285 1119 2354 1185 Ne·

355 1207 455 1273 husee
481 1207 569 1272 inter
594 1205 749 1289 hospites.
825 1215 838 1268 ι
866 1214 953 1270 certe
983 1205 1132 1270 invitatio
1154 1225 1252 1289 quam
1275 1204 1329 1271 hic
1379 1225 1442 1287 que
1473 1204 1562 1270 enim
1595 1204 1732 1270 libenter
1764 1214 1914 1288 sumptus
1947 1204 2000 1270 vel
2033 1205 2176 1271 laborem
2210 1206 2354 1270 afferunt

359 1293 458 1358 refert
482 1291 605 1369 Moses,
634 1290 757 1374 aliquid
777 1290 877 1356 habet
898 1309 964 1356 non
986 1292 1132 1374 vulgare.
1177 1289 1246 1358 Nec
1268 1288 1328 1354 du·
1380 1288 1518 1356 modesti
1541 1290 1702 1364 homines,
1743 1291 1840 1356 Lotio
1866 1290 1987 1375 pedum
2009 1290 2065 1356 illo
2095 1291 2239 1370 saeculo,
2261 1302 2295 1357 et
2316 1291 2353 1355 iu

355 1378 444 1444 bium
468 1387 518 1444 eet
534 1379 615 1461 quin
635 1377 744 1462 angeli
765 1377 800 1440 in
822 1397 878 1442 ore
898 1385 931 1441 st
956 1375 1070 1442 habitu
1092 1376 1214 1460 aliquid
1235 1397 1329 1442 rarae
1380 1397 1419 1440 ea
1447 1375 1535 1441 orbis
1564 1374 1660 1459 plaga
1685 1375 1782 1442 valde
1810 1375 1889 1442 trita
1917 1376 1995 1441 fuit:
2029 1377 2111 1441 forte
2139 1376 2227 1461 quod
2256 1375 2353 1442 nudis

356 1462 527 1548 dignitatis
557 1483 636 1546 prae
658 1483 697 1528 ee
723 1463 876 1539 tulerint,
906 1474 944 1527 ιιι
965 1462 1167 1545 dignos.ncn
1198 1470 1327 1533 tautum
1379 1460 1516 1544 pedibus
1534 1461 1619 1526 inter
1637 1483 1783 1527 summos
1801 1462 1923 1528 calores
1934 1463 1998 1528 iter
2014 1463 2174 1528 facerent:
2194 1463 2353 1544 optimum

356 1551 427 1616 cibo
445 1559 477 1614 et
498 1557 596 1633 potu,
620 1547 799 1614 sedetiam
822 1548 945 1636 hanoro
969 1558 1126 1614 statueret
1149 1547 1327 1614 Abraham.
1379 1557 1489 1614 autem
1511 1547 1573 1613 hoc
1597 1557 1669 1612 arat
1698 1547 1856 1612 levandae
1885 1547 2070 1613 lassitudini
2098 1548 2293 1626 remedium,
2324 1548 2355 1614 si

356 1633 805 1788 itttttttiffltltt
820 1633 1330 1786 diffiniturus:
1380 1631 2065 1784 :ltffltittbttitttttm
2084 1725 2223 1786 „aaa
2276 1719 2356 1785 so.

357 1827 453 1890 saepe
474 1806 601 1872 versari
622 1741 814 1882 inpmund0‚
838 1740 937 1870 nillris
958 1740 1328 1890 argutspphilosophan·
1380 1804 1533 1886 iutelligit
1555 1803 1702 1870 consulto
1723 1804 1775 1869 vel
1798 1803 1874 1870 data
1895 1825 1994 1888 opera
2016 1806 2159 1880 venisse,
2181 1815 2220 1871 ιιι
2239 1806 2355 1889 hospi-

357 1902 421 1959 tur.
458 1892 628 1957 Reclamat
648 1893 746 1992 etiam
764 1892 900 1975 apostoli
919 1893 1077 1956 autoritas
1097 1890 1195 1991 (Heia
1216 1891 1272 1990 13,
1285 1889 1330 1976 2),
1380 1890 1462 1955 tium
1491 1902 1700 1990 quaererent:
1729 1888 1787 1956 sed
1815 1905 1998 1990 opportune
2016 1888 2051 1989 id
2073 1891 2229 1956 accidisse
2250 1893 2356 1976 signi·

358 1987 630 2148 tatuit:
646 1977 941 2147 “titilius
954 1978 1331 2146 tritutari:
1381 1977 1489 2144 fiili
1502 1975 2356 2140 ²:32,ltt‘edbttit‘tlttititul:

356 2149 516 2216 homines.
553 2147 609 2214 Sic
629 2148 732 2232 igitur
754 2147 940 2213 habendum
959 2155 1018 2227 est,
1040 2169 1143 2230 quum
1163 2085 1331 2213 Abraham
1380 2146 1472 2232 Ergo
1490 2144 1531 2211 ad
1542 2145 1606 2210 Dei
1622 2147 1860 2228 providentiam
1877 2148 1977 2213 refert
1991 2147 2075 2231 quod
2097 2159 2165 2213 tam
2187 2148 2356 2214 commode

356 2235 483 2301 rideret
505 2235 653 2300 homiues
675 2243 807 2317 aspectu
828 2233 1034 2313 reverendos,
1057 2246 1090 2299 et
1107 2234 1163 2317 qui
1185 2233 1331 2318 singula-
1381 2231 1416 2296 iu
1439 2233 1545 2299 locum
1567 2230 1723 2297 idoneum
1745 2232 1933 2310 inciderint,
1955 2233 2013 2300 ubi
2034 2253 2069 2298 se
2090 2234 2256 2317 paulisper
2278 2236 2356 2299 refi-

356 2322 403 2387 ris
424 2320 645 2403 praestantiae
666 2328 762 2384 ιιοιιιι
782 2318 958 2397 habereut,
989 2319 1117 2386 obviam
1143 2319 1243 2385 fuisse
1262 2339 1333 2401 pro-
1382 2318 1486 2392 ciaut,
1519 2316 1622 2384 donec
1655 2317 1826 2402 mitigetur
1857 2319 1944 2385 calor
1976 2318 2062 2385 solis.
2117 2320 2221 2385 Porro
2251 2339 2355 2402 quum

357 2428 516 2491 gressum,
539 2405 717 2470 honorifice
737 2404 906 2483 salutasse,
928 2414 962 2470 st
983 2425 1116 2488 rogasse
1134 2413 1171 2470 ut
1188 2405 1332 2488 quiesce-
1382 2412 1508 2468 certum
1535 2403 1578 2469 sit
1611 2424 1652 2469 ex
1687 2404 1814 2471 siucero
1846 2404 1948 2470 animi
1978 2426 2077 2470 sensu
2108 2406 2155 2471 ita
2183 2405 2355 2487 loquutum

357 2503 440 2558 rent.
486 2492 529 2556 llt
551 2499 629 2557 tuno
650 2490 757 2556 maior
776 2491 839 2556 fuit
865 2491 1052 2575 integritas,
1082 2499 1119 2555 ut
1140 2500 1250 2573 posset
1271 2492 1331 2555 mi·
1383 2488 1643 2564 esseAbraham,
1665 2491 1930 2556 statuamuseius
1948 2489 2098 2574 exemplo
2116 2491 2243 2575 quoties
2262 2490 2358 2556 uobis

358 2599 446 2729 flore·
461 2576 604 2660 periculo
611 2577 672 2727 &glo
694 2575 854 2745 hoffitsle
869 2576 943 2726 teiln,
958 2597 1063 2727 fluam
1080 2595 1169 2728 ntlllsw
1185 2576 1222 2641 iu
1240 2587 1332 2642 tanta
1383 2585 1560 2724 gocerrtunt
1586 2575 1728 2726 fllmlf
1746 2577 1803 2676 qui
1824 2584 1936 2642 nostro
1959 2577 2080 2641 auxilio
2100 2575 2268 2660 indigent,
2298 2597 2358 2642 eos

383 2683 530 2729 ominum
552 2683 610 2745 per
669 2682 696 2726 a.
807 2684 848 2728 ue
903 2682 937 2726 m
989 2683 1094 2746 equcu
1166 2683 1332 2746 cauponae
1405 2681 1489 2726 rvrm
1505 2682 1543 2726 us
1566 2682 1609 2725 uo
1631 2681 1658 2725 rs
1679 2681 1698 2724 o
1723 2681 1799 2726 errr.

357 2749 529 2833 pravitatis
568 2757 699 2815 nostrae
731 2756 831 2814 testes
862 2759 955 2826 sunt,
995 2749 1181 2832 factumque
1220 2757 1332 2814 nostra
1469 2747 1500 2812 6.
1543 2745 1589 2812 El
1614 2747 1777 2829 festinavit
1797 2745 1971 2813 Abrohom.
2016 2746 2173 2812 Refertur
2199 2746 2358 2812 Abrahae

356 2835 453 2918 culpa
469 2842 622 2918 arguunt,
645 2841 684 2899 ut
704 2832 913 2918 praecipuum
932 2834 1019 2899 inter
1035 2853 1096 2899 noe
1118 2833 1332 2899 humanitatis
1383 2831 1540 2897 sedulitas
1562 2832 1597 2897 in
1619 2832 1797 2899 tractandis
1819 2833 2015 2915 hospitibus:
2037 2843 2073 2897 et
2093 2833 2192 2898 dmul
2214 2833 2359 2898 ostendit
2486 2815 2487 2846 l

357 2921 499 2988 officium
522 2919 727 2986 obsoleverit.
1383 2917 1493 2983 Moses
1532 2937 1629 3002 quam
1669 2917 1752 2982 bene
1784 2919 1996 3002 compositam
2029 2918 2160 2984 domum
2192 2916 2356 2986 habuerit.
2486 2933 2487 2948 ¹

443 3005 488 3072 Et
517 3005 693 3072 incorvavit
719 3025 761 3071 ec.
806 3005 879 3072 Hoc
910 3005 1112 3072 reverentiae
1146 3004 1331 3089 symbolum
1383 3003 1534 3088 Denique
1549 3003 1660 3087 paucis
1677 3002 1786 3069 verbis
1799 3004 1907 3088 pingit
1922 3004 2014 3070 nobie
2028 3003 2197 3088 pulchram
2219 3025 2356 3070 cecono-

357 3093 392 3158 in
414 3092 581 3158 communi
604 3112 664 3156 usu
687 3091 749 3156 fuit
769 3089 1063 3172 apudOriantalee.
1093 3088 1191 3172 Quod
1210 3092 1331 3157 vetusti
1383 3088 1468 3155 miae
1485 3091 1635 3174 liguram.
1671 3088 1834 3156 Discurrit
1855 3089 2035 3164 Abraham,
2057 3089 2177 3174 partim
2200 3097 2239 3154 ut
2261 3110 2356 3155 man·

358 3178 491 3262 quidam
523 3179 697 3261 scriptores
727 3176 806 3241 hinc
838 3179 1033 3261 mysterium
1071 3177 1186 3242 elicere
1221 3178 1330 3242 conati
1383 3173 1439 3240 det
1467 3174 1554 3258 quod
1582 3175 1652 3240 vult
1679 3177 1766 3252 fieri,
1795 3177 1915 3257 partim
1943 3181 1981 3240 ut
2006 3174 2092 3259 quod
2113 3175 2282 3258 proprium
2305 3187 2357 3242 est

357 3274 452 3340 sunt,
474 3263 642 3329 Abrabam
672 3283 775 3328 uuum
796 3283 837 3327 ex
860 3261 965 3328 tribue
985 3283 1066 3345 quos
1089 3261 1232 3342 viderat,
1253 3262 1329 3328 ado·
1381 3260 1627 3344 patrisfamilias
1657 3269 1861 3342 exsequatur.
1908 3259 1991 3327 Sara
2019 3262 2053 3326 in
2083 3261 2291 3327 tabernaculo
2320 3282 2356 3327 se

357 3369 464 3430 neae,
491 3349 628 3432 ideoque
656 3356 722 3413 tres
742 3348 779 3412 in
801 3368 869 3412 uno
891 3348 962 3412 Deo
991 3367 1147 3430 personae
1174 3349 1238 3413 fide
1259 3369 1331 3413 esse
1381 3347 1542 3424 continet,
1566 3368 1631 3411 non
1660 3357 1698 3412 ut
1724 3346 1865 3412 desidiae
1890 3345 2075 3432 indulgeat,
2101 3345 2158 3412 sed
2187 3348 2295 3430 potius
2319 3357 2356 3412 ut

357 3435 524 3514 intuitum,
547 3434 623 3517 quia
645 3433 799 3499 frivolum
821 3443 887 3511 est,
909 3445 943 3498 et
964 3433 1141 3498 obnoxium
1163 3433 1277 3500 saunis
1298 3447 1332 3497 ot
1381 3432 1496 3498 subeat
1516 3434 1587 3514 ipsa
1608 3452 1735 3515 quoque
1757 3431 1877 3498 laboris
1899 3447 2036 3515 partem.
2074 3432 2211 3498 Praesto
2233 3433 2357 3500 adsum

358 3521 547 3596 calumniis,
569 3519 719 3584 omittere
741 3519 844 3584 satius
866 3529 925 3584 eet.
969 3518 1057 3584 Ante
1079 3520 1166 3584 euim
1187 3519 1331 3584 diximus
1380 3518 1494 3582 famuli
1513 3516 1554 3581 ad
1572 3516 1771 3600 obsequium.
1802 3517 1893 3582 Haec
1910 3528 1960 3582 est
1977 3519 2090 3584 suavis
2108 3517 2191 3584 bauo
2208 3529 2356 3584 moratae

357 3613 510 3689 exceptos
538 3607 639 3671 fuisse
668 3605 842 3690 angelosa
869 3612 982 3670 sancto
1010 3606 1097 3683 viro,
1125 3612 1160 3670 ut
1187 3606 1329 3671 officium
1381 3603 1496 3668 domus
1517 3604 1728 3688 symphonia,
1761 3623 1843 3686 quae
1875 3613 1944 3669 tam
1976 3612 2111 3687 repente
2136 3612 2266 3670 exstare
2287 3625 2354 3670 non

357 3701 524 3776 praestare
547 3689 734 3756 homiuibus
756 3689 906 3756 voluerit:
938 3690 1023 3774 quod
1052 3699 1162 3756 autem
1184 3691 1253 3756 eius
1276 3690 1331 3756 be·
1381 3689 1494 3772 potuit,
1517 3691 1581 3756 nisi
1605 3689 1784 3772 longousu
1807 3690 1978 3756 assuefacti
2001 3689 2042 3754 ad
2064 3699 2189 3754 rectam
2210 3689 2354 3774 discipli·

358 3777 553 3862 nignitatem
577 3778 708 3842 ornavit
730 3776 834 3852 Deus,
864 3785 897 3840 et
917 3775 979 3842 hac
1000 3777 1150 3843 mercede
1178 3774 1331 3860 dignatus
1381 3795 1456 3840 nam
1487 3775 1608 3862 singuli
1629 3775 1778 3840 fuissem.
1823 3771 1920 3856 Quod
1941 3785 2050 3840 autem
2073 3775 2152 3842 dicit
2170 3775 2279 3842 Moses
2300 3797 2353 3842 oo-

358 3871 410 3929 est
436 3871 473 3927 ut
504 3862 637 3946 angelos
669 3861 719 3926 illi
751 3862 894 3944 hospites
922 3861 1068 3938 offerret,
1101 3861 1134 3926 id
1164 3882 1228 3927 uon
1256 3871 1332 3928 ante
1381 3861 1520 3927 medisse
1548 3861 1698 3945 angelos,
1728 3862 1951 3944 quaestionem
1974 3863 2067 3943 parit.
2112 3859 2202 3927 Sunt
2221 3862 2278 3943 qui
2295 3884 2352 3928 ex·

358 3949 495 4032 agnovit
517 3968 613 4030 quam
634 3967 670 4013 es
692 3947 725 4012 iu
748 3949 813 4012 fine
835 3946 964 4029 prandii
986 3948 1221 4029 patefecissent.
1257 3949 1331 4012 Hu·
1381 3955 1506 4029 ponant
1545 3946 1785 4012 oomedeutium
1818 3947 1959 4030 speciem
1989 3957 2118 4012 mutum
2147 3947 2351 4030 praebuisse:
2485 3959 2486 3970 ³

357 4053 475 4100 manus
497 4045 547 4099 eet
567 4032 669 4116 igitur
687 4053 725 4098 ac
745 4033 850 4099 civilis
868 4032 971 4098 honor
989 4054 1083 4116 quem
1102 4033 1169 4098 illis
1187 4033 1329 4099 exhibet.
1381 4032 1465 4115 quod
1501 4042 1720 4098 commentum
1750 4053 1792 4097 ex
1822 4033 1885 4098 alio
1914 4053 2023 4098 errore
2050 4032 2115 4098 illis
2144 4035 2180 4096 in
2209 4044 2351 4100 mentem

359 4118 456 4201 Quod
489 4129 599 4184 autem
632 4139 733 4183 unum
760 4117 967 4202 peculiariter
995 4118 1133 4198 salutat,
1165 4118 1331 4202 probabile
1381 4118 1482 4192 venit,
1504 4120 1657 4201 quianon
1676 4119 1764 4184 veris
1781 4119 1978 4202 corporibus,
1996 4118 2053 4183 sed
2072 4127 2203 4186 tantum
2214 4122 2352 4203 spectris

359 4214 411 4270 est
431 4204 503 4269 ideo
524 4205 644 4270 factum
675 4225 746 4270 esse
775 4205 852 4286 quia
874 4225 951 4286 prae
974 4204 1047 4269 aliis
1074 4203 1198 4270 duobus
1223 4206 1330 4271 excel·
1381 4204 1603 4286 imaginantur
1620 4203 1720 4270 fuisse
1737 4202 1877 4270 indutos.
1911 4206 2011 4286 Atqui
2033 4205 2129 4290 longe
2151 4204 2246 4269 aliter
2267 4203 2354 4290 (meo

358 4291 466 4356 luerit.
518 4289 650 4357 Scimus
676 4290 764 4355 euim
796 4290 929 4374 angelos
958 4301 995 4354 ot
1028 4289 1203 4372 plurimum
1232 4311 1330 4374 appa-
1381 4287 1514 4375 iudicio)
1544 4310 1596 4355 res
1620 4289 1724 4354 habet.
1769 4289 1920 4356 Primum
1942 4309 2007 4353 nco
2028 4291 2092 4354 fuit
2114 4289 2194 4354 haec
2216 4291 2354 4374 prophe-

357 4377 465 4442 ruisse
490 4397 566 4442 cum
595 4377 700 4459 capite
726 4396 785 4440 suo
814 4375 960 4441 Christo:
991 4377 1099 4459 itaque
1129 4376 1182 4442 hio
1210 4377 1244 4440 in
1273 4376 1332 4440 tri·
1381 4375 1447 4441 tica
1479 4375 1560 4440 visio
1589 4377 1646 4441 ubi
1675 4374 1776 4440 oculis
1803 4375 2002 4459 ingeruntur
2028 4396 2138 4440 rerum
2168 4374 2354 4442 absentium

355 4461 417 4528 bus
446 4461 572 4546 angelis
596 4482 700 4526 unum
728 4460 877 4544 designat
904 4461 1012 4528 Moses
1040 4460 1212 4546 legationis
1240 4464 1330 4546 prin·
1383 4461 1558 4544 imagines,
1591 4460 1648 4526 eod
1681 4461 1809 4542 reipsa
1840 4475 2001 4526 venerunt
2022 4461 2130 4546 angeli
2163 4461 2198 4526 iu
2220 4462 2353 4528 domum

356 4549 471 4633 cipem.
1385 4545 1546 4612 Abrahae.
1585 4545 1698 4627 Quare
1721 4568 1785 4612 nou
1809 4545 1920 4612 dubito
1938 4547 2018 4629 quin
2040 4546 2149 4622 Deus,
2170 4549 2224 4631 qui
2245 4557 2352 4613 totum

441 4634 471 4699 3.
498 4632 547 4699 Ne
572 4651 655 4697 aare
681 4636 835 4698 bonasus.
881 4631 977 4713 Quod
1007 4643 1073 4697 tam
1103 4632 1237 4713 blande,
1263 4635 1331 4698 imo
1383 4632 1543 4698 mondum
1570 4653 1613 4696 ex
1640 4633 1743 4699 nihilo
1769 4630 1930 4713 condidit,
1957 4632 2156 4714 etquotidie
2179 4634 2355 4698 mirasse:

355 4719 545 4802 suppliciter
573 4725 667 4802 rogat
698 4718 882 4794 Abraham,
912 4739 978 4783 non
1008 4717 1141 4785 dubium
1170 4727 1221 4784 eet
1253 4720 1331 4804 quin
1382 4717 1612 4784 informandis
1633 4718 1791 4785 creaturis
1812 4718 1940 4796 artifex,
1962 4738 2097 4800 corpora
2119 4717 2185 4782 illis
2207 4720 2244 4782 ad
2266 4733 2353 4784 tem·

355 4804 454 4871 faciat
476 4815 641 4887 permotus
663 4824 718 4882 aa,
741 4824 837 4886 quam
860 4802 944 4880 dixi,
966 4825 1071 4870 causa.
1118 4804 1202 4869 Nam
1224 4806 1252 4871 si
1274 4805 1330 4870 ob·
1383 4823 1444 4886 pus
1474 4804 1599 4869 dederit
1626 4809 1658 4868 in
1686 4805 1805 4888 quibus
1828 4805 2010 4869 iniunctum
2031 4803 2091 4868 sibi
2115 4825 2235 4870 munus
2255 4824 2355 4886 pera·

357 4891 420 4956 viis
448 4888 628 4973 quibusque
657 4899 829 4956 mactasset
860 4889 994 4970 vitulos,
1021 4890 1132 4954 statim
1162 4890 1331 4956 immensis
1382 4901 1507 4972 gerent.
1563 4889 1668 4958 Sicuti
1706 4899 1815 4954 autem
1855 4911 1932 4954 vere
1964 4888 2189 4969 ambularunt,
2227 4892 2354 4974 loquuti

356 4976 540 5060 sumptibus
573 4975 733 5042 exhausta
763 4976 835 5040 eius
874 4975 989 5042 domus
1027 4975 1151 5041 faueat.
1207 4976 1331 5040 Eorum
1382 4986 1474 5058 eunt,
1503 4984 1536 5040 et
1562 4976 1724 5058 perfuncti
1753 4975 1826 5040 aliie
1848 4976 1976 5040 officiis:
2006 4977 2053 5040 ita
2075 4996 2154 5040 vere
2176 4973 2355 5043 comedisse

358 5083 436 5146 ergo
460 5063 571 5127 virtuti
594 5073 628 5125 ct
649 5061 778 5126 eximiis
800 5060 930 5126 dotibus
951 5059 1108 5127 honorem
1131 5060 1258 5136 habuit,
1289 5083 1331 5126 ne
1381 5069 1505 5126 statuo:
1535 5082 1601 5126 non
1631 5060 1716 5146 quod
1746 5061 1923 5140 esurirent,
1950 5060 2007 5125 sed
2029 5071 2067 5126 ut
2088 5062 2230 5129 laterent
2249 5082 2356 5142 usque

357 5147 466 5214 Deum
496 5157 728 5213 mutemueret.
772 5146 826 5212 Ita
853 5167 912 5212 uec
939 5147 1061 5230 passim
1090 5159 1156 5212 tam
1186 5145 1334 5212 liberalis
1382 5146 1423 5211 ad
1445 5157 1573 5229 tompus
1595 5147 1811 5212 revelationis.
1846 5144 2020 5211 Caeterum
2041 5156 2078 5210 ut
2099 5144 2194 5214 Deus
2213 5169 2290 5232 quae
2315 5149 2355 5213 in

357 5232 421 5297 fuit
441 5246 478 5298 ut
500 5231 670 5298 erronibue
693 5233 744 5296 rel
766 5232 839 5297 aliie
867 5232 1063 5315 quibuslibet
1090 5234 1250 5317 gregariis
1272 5233 1330 5298 ho·
1382 5252 1477 5297 usum
1496 5233 1708 5316 temporalem
1725 5242 1835 5297 creata
1852 5243 1947 5298 erant
1963 5252 2109 5314 corpora,
2131 5233 2288 5317 extemplo
2314 5233 2355 5298 in

358 5319 501 5384 minibus
534 5319 746 5401 supplicaret,
777 5339 836 5384 nec
864 5340 937 5383 cum
967 5318 1099 5384 induxit
1131 5319 1265 5384 ambitio
1294 5327 1331 5384 ut
1382 5317 1524 5382 nihilum
1552 5318 1691 5402 redegit:
1720 5317 1767 5383 ita
1794 5315 1879 5382 nihil
1907 5316 2038 5382 absurdi
2066 5319 2129 5382 erit
2157 5321 2187 5386 si
2207 5319 2354 5384 dimotus
