<?xml version="1.0" encoding="UTF-8"?>
<!DOCTYPE html PUBLIC "-//W3C//DTD XHTML 1.0 Transitional//EN"
    "http://www.w3.org/TR/xhtml1/DTD/xhtml1-transitional.dtd">
<html xmlns="http://www.w3.org/1999/xhtml" xml:lang="en" lang="en">
 <head>
  <title>
</title>
<meta http-equiv="Content-Type" content="text/html;charset=utf-8" />
  <meta name='ocr-system' content='tesseract 3.04.00' />
  <meta name='ocr-capabilities' content='ocr_page ocr_carea ocr_par ocr_line ocrx_word'/>
</head>
<body>
  <div class='ocr_page' id='page_1' title='image "./ioanniscalvinio06reusgoog_0309.png"; bbox 0 0 4988 6192; ppageno 0'>
   <div class='ocr_carea' id='block_1_1' title="bbox 101 431 2094 502">
    <p class='ocr_par' dir='ltr' id='par_1_1' title="bbox 101 431 2094 502">
     <span class='ocr_line' id='line_1_1' title="bbox 101 431 2094 502; baseline 0.002 -4"><span class='ocrx_word' id='word_1_1' title='bbox 101 432 162 498; x_wconf 83' lang='grc'>545</span> <span class='ocrx_word' id='word_1_2' title='bbox 753 431 1118 501; x_wconf 71' lang='lat' dir='ltr'>COMMENTARIUS</span> <span class='ocrx_word' id='word_1_3' title='bbox 1140 432 1188 498; x_wconf 89' lang='lat' dir='ltr'>IN</span> <span class='ocrx_word' id='word_1_4' title='bbox 1211 431 1423 500; x_wconf 82' lang='lat' dir='ltr'>GENESIN.</span> <span class='ocrx_word' id='word_1_5' title='bbox 2029 435 2094 502; x_wconf 85' lang='grc'>546</span> 
     </span>
    </p>
   </div>
   <div class='ocr_carea' id='block_1_2' title="bbox 56 619 2097 5423">
    <p class='ocr_par' dir='ltr' id='par_1_2' title="bbox 73 619 2097 4387">
     <span class='ocr_line' id='line_1_2' title="bbox 100 619 2094 706; baseline 0.001 -18"><span class='ocrx_word' id='word_1_6' title='bbox 100 620 437 705; x_wconf 81' lang='lat' dir='ltr'>continueritlossph</span> <span class='ocrx_word' id='word_1_7' title='bbox 459 621 537 704; x_wconf 90' lang='lat' dir='ltr'>quin</span> <span class='ocrx_word' id='word_1_8' title='bbox 560 620 612 686; x_wconf 91' lang='lat' dir='ltr'>sui</span> <span class='ocrx_word' id='word_1_9' title='bbox 634 641 808 706; x_wconf 83' lang='lat' dir='ltr'>argaeum</span> <span class='ocrx_word' id='word_1_10' title='bbox 831 622 951 687; x_wconf 89' lang='lat' dir='ltr'>amoris</span> <span class='ocrx_word' id='word_1_11' title='bbox 976 641 1069 705; x_wconf 86' lang='lat' dir='ltr'>prae·</span> <span class='ocrx_word' id='word_1_12' title='bbox 1121 621 1150 686; x_wconf 91' lang='lat'>3.</span> <span class='ocrx_word' id='word_1_13' title='bbox 1175 619 1274 686; x_wconf 86' lang='lat' dir='ltr'>Mune</span> <span class='ocrx_word' id='word_1_14' title='bbox 1302 621 1427 687; x_wconf 74' lang='grc'><strong>0110055·</strong></span> <span class='ocrx_word' id='word_1_15' title='bbox 1456 625 1484 686; x_wconf 87' lang='lat' dir='ltr'>el</span> <span class='ocrx_word' id='word_1_16' title='bbox 1511 621 1575 686; x_wconf 83' lang='lat' dir='ltr'>oiri</span> <span class='ocrx_word' id='word_1_17' title='bbox 1601 620 1727 687; x_wconf 86' lang='lat' dir='ltr'>dimissi</span> <span class='ocrx_word' id='word_1_18' title='bbox 1755 627 1841 701; x_wconf 86' lang='lat' dir='ltr'>sunl,</span> <span class='ocrx_word' id='word_1_19' title='bbox 1870 623 1935 706; x_wconf 83' lang='lat' dir='ltr'>ipsi</span> <span class='ocrx_word' id='word_1_20' title='bbox 1956 628 1983 688; x_wconf 87' lang='lat' dir='ltr'>et</span> <span class='ocrx_word' id='word_1_21' title='bbox 2004 623 2094 690; x_wconf 87' lang='lat' dir='ltr'>esini</span> 
     </span>
     <span class='ocr_line' id='line_1_3' title="bbox 100 705 2094 792; baseline 0.001 -19"><span class='ocrx_word' id='word_1_22' title='bbox 100 709 229 790; x_wconf 90' lang='lat' dir='ltr'>oipnum</span> <span class='ocrx_word' id='word_1_23' title='bbox 259 707 391 791; x_wconf 87' lang='lat' dir='ltr'>signum</span> <span class='ocrx_word' id='word_1_24' title='bbox 420 705 521 772; x_wconf 89' lang='lat' dir='ltr'>daret.</span> <span class='ocrx_word' id='word_1_25' title='bbox 566 705 718 773; x_wconf 77' lang='lat' dir='ltr'>Habebat</span> <span class='ocrx_word' id='word_1_26' title='bbox 745 707 876 791; x_wconf 89' lang='lat' dir='ltr'>quidem</span> <span class='ocrx_word' id='word_1_27' title='bbox 905 708 939 771; x_wconf 92' lang='lat' dir='ltr'>in</span> <span class='ocrx_word' id='word_1_28' title='bbox 962 708 1070 772; x_wconf 86' lang='lat' dir='ltr'>animo</span> <span class='ocrx_word' id='word_1_29' title='bbox 1120 727 1232 772; x_wconf 89' lang='lat' dir='ltr'>eorum.</span> <span class='ocrx_word' id='word_1_30' title='bbox 1265 708 1295 773; x_wconf 90' lang='lat'>4.</span> <span class='ocrx_word' id='word_1_31' title='bbox 1317 707 1389 789; x_wconf 81' lang='lat' dir='ltr'>Ipsi</span> <span class='ocrx_word' id='word_1_32' title='bbox 1406 708 1523 791; x_wconf 80' lang='lat' dir='ltr'>egressi</span> <span class='ocrx_word' id='word_1_33' title='bbox 1540 713 1629 772; x_wconf 85' lang='grc'><strong>0005</strong></span> <span class='ocrx_word' id='word_1_34' title='bbox 1645 706 1759 787; x_wconf 85' lang='lat' dir='ltr'>urbem,</span> <span class='ocrx_word' id='word_1_35' title='bbox 1778 727 1832 773; x_wconf 89' lang='lat' dir='ltr'>nee</span> <span class='ocrx_word' id='word_1_36' title='bbox 1850 707 1937 792; x_wconf 85' lang='lat' dir='ltr'>lmqe</span> <span class='ocrx_word' id='word_1_37' title='bbox 1953 709 2094 775; x_wconf 76' lang='lat' dir='ltr'>adiment</span> 
     </span>
     <span class='ocr_line' id='line_1_4' title="bbox 101 791 2096 878; baseline 0.001 -20"><span class='ocrx_word' id='word_1_38' title='bbox 101 815 135 858; x_wconf 91' lang='lat' dir='ltr'>se</span> <span class='ocrx_word' id='word_1_39' title='bbox 157 801 283 876; x_wconf 87' lang='lat' dir='ltr'>tegere:</span> <span class='ocrx_word' id='word_1_40' title='bbox 307 791 364 856; x_wconf 90' lang='lat' dir='ltr'>sed</span> <span class='ocrx_word' id='word_1_41' title='bbox 387 792 523 858; x_wconf 85' lang='lat' dir='ltr'>effeetus</span> <span class='ocrx_word' id='word_1_42' title='bbox 544 792 741 874; x_wconf 79' lang='lat' dir='ltr'><strong>dominatur,</strong></span> <span class='ocrx_word' id='word_1_43' title='bbox 764 801 801 858; x_wconf 91' lang='lat' dir='ltr'>ut</span> <span class='ocrx_word' id='word_1_44' title='bbox 819 800 949 876; x_wconf 86' lang='lat' dir='ltr'>praeter</span> <span class='ocrx_word' id='word_1_45' title='bbox 969 792 1070 857; x_wconf 85' lang='lat' dir='ltr'>animi</span> <span class='ocrx_word' id='word_1_46' title='bbox 1120 811 1215 875; x_wconf 89' lang='lat' dir='ltr'>quum</span> <span class='ocrx_word' id='word_1_47' title='bbox 1238 791 1352 877; x_wconf 76' lang='lat' dir='ltr'>Ioseph</span> <span class='ocrx_word' id='word_1_48' title='bbox 1373 793 1457 858; x_wconf 81' lang='lat' dir='ltr'>dieii</span> <span class='ocrx_word' id='word_1_49' title='bbox 1472 792 1627 874; x_wconf 77' lang='lat' dir='ltr'>praesecto</span> <span class='ocrx_word' id='word_1_50' title='bbox 1648 794 1758 859; x_wconf 91' lang='lat' dir='ltr'>domus</span> <span class='ocrx_word' id='word_1_51' title='bbox 1779 813 1871 859; x_wconf 83' lang='lat' dir='ltr'>suae:</span> <span class='ocrx_word' id='word_1_52' title='bbox 1894 793 1960 859; x_wconf 85' lang='lat' dir='ltr'>Sur</span> <span class='ocrx_word' id='word_1_53' title='bbox 1978 815 2002 872; x_wconf 90' lang='lat' dir='ltr'>e,</span> <span class='ocrx_word' id='word_1_54' title='bbox 2019 815 2096 878; x_wconf 77' lang='lat' dir='ltr'>per·</span> 
     </span>
     <span class='ocr_line' id='line_1_5' title="bbox 99 877 2092 1045; baseline 0 -15"><span class='ocrx_word' id='word_1_55' title='bbox 99 877 1070 1031; x_wconf 56' lang='grc'><strong>5553551551555553515551555·</strong></span> <span class='ocrx_word' id='word_1_56' title='bbox 1120 877 1703 1045; x_wconf 54' lang='grc'><strong>55155555555155555</strong></span> <span class='ocrx_word' id='word_1_57' title='bbox 1713 884 1752 1029; x_wconf 66' lang='grc'>5</span> <span class='ocrx_word' id='word_1_58' title='bbox 1768 880 1959 1032; x_wconf 54' lang='lat' dir='ltr'>ittet.</span> <span class='ocrx_word' id='word_1_59' title='bbox 1986 879 2092 1031; x_wconf 69' lang='lat' dir='ltr'>itt</span> 
     </span>
     <span class='ocr_line' id='line_1_6' title="bbox 99 985 2093 1136; baseline 0.001 -21"><span class='ocrx_word' id='word_1_60' title='bbox 99 1049 201 1115; x_wconf 81' lang='lat' dir='ltr'>fuisso</span> <span class='ocrx_word' id='word_1_61' title='bbox 222 985 430 1128; x_wconf 71' lang='lat' dir='ltr'>ooniivium,</span> <span class='ocrx_word' id='word_1_62' title='bbox 461 985 501 1114; x_wconf 60' lang='lat' dir='ltr'>Ni</span> <span class='ocrx_word' id='word_1_63' title='bbox 518 1071 581 1134; x_wconf 88' lang='lat' dir='ltr'>quo</span> <span class='ocrx_word' id='word_1_64' title='bbox 594 986 694 1134; x_wconf 61' lang='lat' dir='ltr'>large</span> <span class='ocrx_word' id='word_1_65' title='bbox 715 985 924 1116; x_wconf 57' lang='lat' dir='ltr'>etphilaritgi’</span> <span class='ocrx_word' id='word_1_66' title='bbox 941 1058 1071 1134; x_wconf 88' lang='lat' dir='ltr'>praeter</span> <span class='ocrx_word' id='word_1_67' title='bbox 1120 1069 1179 1132; x_wconf 91' lang='lat' dir='ltr'>quo</span> <span class='ocrx_word' id='word_1_68' title='bbox 1200 1049 1274 1114; x_wconf 82' lang='lat' dir='ltr'>didit</span> <span class='ocrx_word' id='word_1_69' title='bbox 1295 1050 1441 1116; x_wconf 89' lang='lat' dir='ltr'>dominus</span> <span class='ocrx_word' id='word_1_70' title='bbox 1461 1069 1563 1114; x_wconf 74' lang='lat' dir='ltr'>meas:</span> <span class='ocrx_word' id='word_1_71' title='bbox 1582 1055 1610 1114; x_wconf 85' lang='lat' dir='ltr'>et</span> <span class='ocrx_word' id='word_1_72' title='bbox 1630 1051 1698 1130; x_wconf 77' lang='lat' dir='ltr'>ipse</span> <span class='ocrx_word' id='word_1_73' title='bbox 1714 1051 1900 1134; x_wconf 76' lang='lat' dir='ltr'>augurando</span> <span class='ocrx_word' id='word_1_74' title='bbox 1916 1056 2093 1136; x_wconf 82' lang='lat' dir='ltr'>euquretur</span> 
     </span>
     <span class='ocr_line' id='line_1_7' title="bbox 100 1135 2093 1222; baseline 0.001 -22"><span class='ocrx_word' id='word_1_75' title='bbox 100 1135 327 1220; x_wconf 86' lang='lat' dir='ltr'>quotidianum</span> <span class='ocrx_word' id='word_1_76' title='bbox 367 1155 490 1200; x_wconf 90' lang='lat' dir='ltr'>morem</span> <span class='ocrx_word' id='word_1_77' title='bbox 531 1135 659 1222; x_wconf 80' lang='lat' dir='ltr'><strong>excepti</strong></span> <span class='ocrx_word' id='word_1_78' title='bbox 691 1136 823 1201; x_wconf 81' lang='lat' dir='ltr'>luerint.</span> <span class='ocrx_word' id='word_1_79' title='bbox 877 1135 950 1202; x_wconf 91' lang='lat' dir='ltr'>Hoe</span> <span class='ocrx_word' id='word_1_80' title='bbox 982 1137 1070 1201; x_wconf 90' lang='lat' dir='ltr'>enim</span> <span class='ocrx_word' id='word_1_81' title='bbox 1120 1136 1156 1200; x_wconf 91' lang='lat' dir='ltr'>in</span> <span class='ocrx_word' id='word_1_82' title='bbox 1177 1135 1235 1200; x_wconf 77' lang='lat' dir='ltr'>eo?</span> <span class='ocrx_word' id='word_1_83' title='bbox 1258 1135 1339 1200; x_wconf 89' lang='lat' dir='ltr'>mole</span> <span class='ocrx_word' id='word_1_84' title='bbox 1358 1135 1477 1217; x_wconf 77' lang='lat' dir='ltr'>sucidis</span> <span class='ocrx_word' id='word_1_85' title='bbox 1498 1136 1579 1216; x_wconf 87' lang='lat' dir='ltr'>quod</span> <span class='ocrx_word' id='word_1_86' title='bbox 1599 1135 1726 1218; x_wconf 77' lang='lat' dir='ltr'>fecistis.</span> <span class='ocrx_word' id='word_1_87' title='bbox 1772 1137 1801 1202; x_wconf 91' lang='lat'>6.</span> <span class='ocrx_word' id='word_1_88' title='bbox 1824 1135 1869 1202; x_wconf 85' lang='lat' dir='ltr'>Et</span> <span class='ocrx_word' id='word_1_89' title='bbox 1889 1137 2093 1218; x_wconf 72' lang='lat' dir='ltr'><strong><em>apprehendit</em></strong></span> 
     </span>
     <span class='ocr_line' id='line_1_8' title="bbox 99 1219 2093 1308; baseline 0.001 -21"><span class='ocrx_word' id='word_1_90' title='bbox 99 1223 262 1306; x_wconf 86' lang='lat' dir='ltr'>signifieat</span> <span class='ocrx_word' id='word_1_91' title='bbox 283 1219 418 1285; x_wconf 88' lang='lat' dir='ltr'>verbnm</span> <span class='ocrx_word' id='word_1_92' title='bbox 437 1234 509 1290; x_wconf 59' lang='lat' dir='ltr'>unu</span> <span class='ocrx_word' id='word_1_93' title='bbox 527 1220 550 1308; x_wconf 87' lang='lat'>¹)</span> <span class='ocrx_word' id='word_1_94' title='bbox 567 1221 652 1306; x_wconf 91' lang='lat' dir='ltr'>quod</span> <span class='ocrx_word' id='word_1_95' title='bbox 670 1221 827 1288; x_wconf 91' lang='lat' dir='ltr'>inebriari</span> <span class='ocrx_word' id='word_1_96' title='bbox 848 1227 999 1287; x_wconf 86' lang='lat' dir='ltr'>vertunt:</span> <span class='ocrx_word' id='word_1_97' title='bbox 1018 1221 1070 1286; x_wconf 89' lang='lat' dir='ltr'>vel</span> <span class='ocrx_word' id='word_1_98' title='bbox 1121 1240 1181 1300; x_wconf 89' lang='lat' dir='ltr'>eos,</span> <span class='ocrx_word' id='word_1_99' title='bbox 1203 1225 1231 1286; x_wconf 89' lang='lat' dir='ltr'>et</span> <span class='ocrx_word' id='word_1_100' title='bbox 1252 1221 1397 1304; x_wconf 76' lang='grc'><strong>10000500</strong></span> <span class='ocrx_word' id='word_1_101' title='bbox 1418 1225 1463 1286; x_wconf 83' lang='lat' dir='ltr'>est</span> <span class='ocrx_word' id='word_1_102' title='bbox 1483 1222 1526 1287; x_wconf 88' lang='lat' dir='ltr'>od</span> <span class='ocrx_word' id='word_1_103' title='bbox 1543 1241 1594 1288; x_wconf 85' lang='lat' dir='ltr'>eos</span> <span class='ocrx_word' id='word_1_104' title='bbox 1615 1222 1792 1288; x_wconf 76' lang='grc'><strong>00501050.</strong></span> <span class='ocrx_word' id='word_1_105' title='bbox 1828 1224 1857 1287; x_wconf 88' lang='grc'>7.</span> <span class='ocrx_word' id='word_1_106' title='bbox 1880 1223 1924 1288; x_wconf 85' lang='grc' dir='ltr'>Ε5</span> <span class='ocrx_word' id='word_1_107' title='bbox 1944 1223 2093 1288; x_wconf 76' lang='lat' dir='ltr'>dixerunt</span> 
     </span>
     <span class='ocr_line' id='line_1_9' title="bbox 99 1305 2092 1391; baseline 0.002 -20"><span class='ocrx_word' id='word_1_108' title='bbox 99 1309 262 1391; x_wconf 86' lang='lat' dir='ltr'>quianon</span> <span class='ocrx_word' id='word_1_109' title='bbox 286 1327 415 1389; x_wconf 88' lang='lat' dir='ltr'>semper</span> <span class='ocrx_word' id='word_1_110' title='bbox 443 1308 556 1372; x_wconf 85' lang='lat' dir='ltr'>vinum</span> <span class='ocrx_word' id='word_1_111' title='bbox 587 1307 697 1373; x_wconf 88' lang='lat' dir='ltr'>bibere</span> <span class='ocrx_word' id='word_1_112' title='bbox 726 1306 890 1386; x_wconf 90' lang='lat' dir='ltr'>solebant,</span> <span class='ocrx_word' id='word_1_113' title='bbox 921 1307 973 1373; x_wconf 85' lang='lat' dir='ltr'>rel</span> <span class='ocrx_word' id='word_1_114' title='bbox 995 1306 1072 1389; x_wconf 90' lang='lat' dir='ltr'>quia</span> <span class='ocrx_word' id='word_1_115' title='bbox 1121 1305 1164 1372; x_wconf 88' lang='lat' dir='ltr'>ud</span> <span class='ocrx_word' id='word_1_116' title='bbox 1192 1326 1278 1371; x_wconf 88' lang='lat' dir='ltr'>eum:</span> <span class='ocrx_word' id='word_1_117' title='bbox 1303 1311 1339 1372; x_wconf 84' lang='lat' dir='ltr'>ut</span> <span class='ocrx_word' id='word_1_118' title='bbox 1366 1307 1445 1389; x_wconf 88' lang='lat' dir='ltr'>quid</span> <span class='ocrx_word' id='word_1_119' title='bbox 1474 1307 1611 1389; x_wconf 85' lang='lat' dir='ltr'>loquitur</span> <span class='ocrx_word' id='word_1_120' title='bbox 1638 1307 1782 1374; x_wconf 80' lang='lat' dir='ltr'>domium</span> <span class='ocrx_word' id='word_1_121' title='bbox 1810 1328 1897 1374; x_wconf 92' lang='lat' dir='ltr'>meus</span> <span class='ocrx_word' id='word_1_122' title='bbox 1924 1309 2092 1374; x_wconf 82' lang='lat' dir='ltr'>semndum</span> 
     </span>
     <span class='ocr_line' id='line_1_10' title="bbox 98 1390 2092 1476; baseline 0 -18"><span class='ocrx_word' id='word_1_123' title='bbox 98 1395 133 1458; x_wconf 93' lang='lat' dir='ltr'>in</span> <span class='ocrx_word' id='word_1_124' title='bbox 156 1393 280 1456; x_wconf 90' lang='lat' dir='ltr'>mensis</span> <span class='ocrx_word' id='word_1_125' title='bbox 303 1390 518 1476; x_wconf 76' lang='lat' dir='ltr'><strong>hospitalibus</strong></span> <span class='ocrx_word' id='word_1_126' title='bbox 540 1395 644 1458; x_wconf 89' lang='lat' dir='ltr'>maior</span> <span class='ocrx_word' id='word_1_127' title='bbox 666 1401 736 1458; x_wconf 91' lang='lat' dir='ltr'>erat</span> <span class='ocrx_word' id='word_1_128' title='bbox 757 1391 971 1476; x_wconf 88' lang='lat' dir='ltr'>indulgentia.</span> <span class='ocrx_word' id='word_1_129' title='bbox 1005 1392 1070 1457; x_wconf 91' lang='lat' dir='ltr'>Ne·</span> <span class='ocrx_word' id='word_1_130' title='bbox 1120 1391 1213 1457; x_wconf 84' lang='lat' dir='ltr'>nerle</span> <span class='ocrx_word' id='word_1_131' title='bbox 1240 1392 1329 1457; x_wconf 79' lang='lat' dir='ltr'>istu?</span> <span class='ocrx_word' id='word_1_132' title='bbox 1358 1393 1441 1457; x_wconf 84' lang='lat' dir='ltr'>alsit</span> <span class='ocrx_word' id='word_1_133' title='bbox 1463 1413 1484 1456; x_wconf 91' lang='grc'>0</span> <span class='ocrx_word' id='word_1_134' title='bbox 1505 1392 1603 1458; x_wconf 87' lang='lat' dir='ltr'>seruis</span> <span class='ocrx_word' id='word_1_135' title='bbox 1629 1393 1694 1458; x_wconf 86' lang='lat' dir='ltr'>luis</span> <span class='ocrx_word' id='word_1_136' title='bbox 1714 1399 1749 1459; x_wconf 89' lang='lat' dir='ltr'>ut</span> <span class='ocrx_word' id='word_1_137' title='bbox 1773 1393 1895 1476; x_wconf 76' lang='lat' dir='ltr'>faeiem</span> <span class='ocrx_word' id='word_1_138' title='bbox 1923 1395 2092 1460; x_wconf 88' lang='lat' dir='ltr'>seeundum</span> 
     </span>
     <span class='ocr_line' id='line_1_11' title="bbox 99 1475 2094 1563; baseline 0.001 -21"><span class='ocrx_word' id='word_1_139' title='bbox 99 1499 163 1562; x_wconf 91' lang='lat' dir='ltr'>qne</span> <span class='ocrx_word' id='word_1_140' title='bbox 185 1485 296 1544; x_wconf 84' lang='lat' dir='ltr'>tamen</span> <span class='ocrx_word' id='word_1_141' title='bbox 318 1477 372 1543; x_wconf 91' lang='lat' dir='ltr'>hio</span> <span class='ocrx_word' id='word_1_142' title='bbox 399 1485 533 1543; x_wconf 88' lang='lat' dir='ltr'>notatur</span> <span class='ocrx_word' id='word_1_143' title='bbox 559 1478 626 1543; x_wconf 91' lang='grc'><strong>0110</strong></span> <span class='ocrx_word' id='word_1_144' title='bbox 654 1479 867 1562; x_wconf 89' lang='lat' dir='ltr'>intemperies</span> <span class='ocrx_word' id='word_1_145' title='bbox 896 1476 950 1563; x_wconf 90' lang='lat' dir='ltr'>(ne</span> <span class='ocrx_word' id='word_1_146' title='bbox 979 1478 1071 1543; x_wconf 87' lang='lat' dir='ltr'>vino·</span> <span class='ocrx_word' id='word_1_147' title='bbox 1120 1477 1246 1542; x_wconf 74' lang='lat' dir='ltr'>endum</span> <span class='ocrx_word' id='word_1_148' title='bbox 1266 1477 1328 1544; x_wconf 85' lang='grc'><strong>500.</strong></span> <span class='ocrx_word' id='word_1_149' title='bbox 1373 1479 1403 1544; x_wconf 87' lang='grc'>8.</span> <span class='ocrx_word' id='word_1_150' title='bbox 1426 1475 1521 1544; x_wconf 83' lang='lat' dir='ltr'>Eece:</span> <span class='ocrx_word' id='word_1_151' title='bbox 1542 1480 1710 1561; x_wconf 81' lang='lat' dir='ltr'>pecuniam</span> <span class='ocrx_word' id='word_1_152' title='bbox 1739 1501 1835 1562; x_wconf 89' lang='lat' dir='ltr'>quem</span> <span class='ocrx_word' id='word_1_153' title='bbox 1862 1481 2037 1546; x_wconf 77' lang='lat' dir='ltr'>invenimus</span> <span class='ocrx_word' id='word_1_154' title='bbox 2058 1481 2094 1544; x_wconf 90' lang='lat' dir='ltr'>in</span> 
     </span>
     <span class='ocr_line' id='line_1_12' title="bbox 100 1563 2095 1647; baseline 0.002 -19"><span class='ocrx_word' id='word_1_155' title='bbox 100 1563 182 1628; x_wconf 91' lang='lat' dir='ltr'>lenti</span> <span class='ocrx_word' id='word_1_156' title='bbox 216 1563 365 1630; x_wconf 87' lang='lat' dir='ltr'>homines</span> <span class='ocrx_word' id='word_1_157' title='bbox 398 1565 584 1646; x_wconf 89' lang='lat' dir='ltr'>exemplum</span> <span class='ocrx_word' id='word_1_158' title='bbox 618 1572 806 1630; x_wconf 80' lang='lat' dir='ltr'>sanatorum</span> <span class='ocrx_word' id='word_1_159' title='bbox 845 1572 978 1647; x_wconf 86' lang='lat' dir='ltr'>patrum</span> <span class='ocrx_word' id='word_1_160' title='bbox 1011 1581 1072 1628; x_wconf 87' lang='lat' dir='ltr'>suo</span> <span class='ocrx_word' id='word_1_161' title='bbox 1120 1583 1172 1628; x_wconf 89' lang='grc' dir='ltr'>ονε</span> <span class='ocrx_word' id='word_1_162' title='bbox 1193 1583 1352 1639; x_wconf 84' lang='lat' dir='ltr'>saeuorum</span> <span class='ocrx_word' id='word_1_163' title='bbox 1373 1568 1553 1629; x_wconf 81' lang='lat' dir='ltr'>uostromem</span> <span class='ocrx_word' id='word_1_164' title='bbox 1574 1564 1740 1630; x_wconf 80' lang='lat' dir='ltr'><em>retulimus</em></span> <span class='ocrx_word' id='word_1_165' title='bbox 1762 1566 1852 1632; x_wconf 85' lang='lat' dir='ltr'>odie</span> <span class='ocrx_word' id='word_1_166' title='bbox 1874 1571 1995 1632; x_wconf 86' lang='lat' dir='ltr'>eterra</span> <span class='ocrx_word' id='word_1_167' title='bbox 2020 1565 2095 1631; x_wconf 81' lang='lat' dir='ltr'>om-</span> 
     </span>
     <span class='ocr_line' id='line_1_13' title="bbox 98 1647 2093 1736; baseline 0.001 -20"><span class='ocrx_word' id='word_1_168' title='bbox 98 1649 223 1734; x_wconf 86' lang='lat' dir='ltr'>llegitio</span> <span class='ocrx_word' id='word_1_169' title='bbox 244 1648 461 1736; x_wconf 77' lang='lat' dir='ltr'>praetexant),</span> <span class='ocrx_word' id='word_1_170' title='bbox 486 1649 544 1715; x_wconf 90' lang='lat' dir='ltr'>sed</span> <span class='ocrx_word' id='word_1_171' title='bbox 566 1650 703 1716; x_wconf 87' lang='lat' dir='ltr'>honesta</span> <span class='ocrx_word' id='word_1_172' title='bbox 724 1647 933 1732; x_wconf 89' lang='lat' dir='ltr'>modestaque</span> <span class='ocrx_word' id='word_1_173' title='bbox 955 1649 1071 1714; x_wconf 91' lang='lat' dir='ltr'>libera·</span> <span class='ocrx_word' id='word_1_174' title='bbox 1121 1669 1223 1729; x_wconf 87' lang='lat' dir='ltr'>neon,</span> <span class='ocrx_word' id='word_1_175' title='bbox 1252 1654 1279 1715; x_wconf 88' lang='lat' dir='ltr'>et</span> <span class='ocrx_word' id='word_1_176' title='bbox 1305 1649 1453 1731; x_wconf 88' lang='lat' dir='ltr'>quomedo</span> <span class='ocrx_word' id='word_1_177' title='bbox 1478 1651 1581 1732; x_wconf 76' lang='lat' dir='ltr'>furati</span> <span class='ocrx_word' id='word_1_178' title='bbox 1603 1670 1740 1716; x_wconf 83' lang='lat' dir='ltr'>essemus</span> <span class='ocrx_word' id='word_1_179' title='bbox 1761 1673 1778 1715; x_wconf 94' lang='lat' dir='ltr'>e</span> <span class='ocrx_word' id='word_1_180' title='bbox 1798 1652 1888 1717; x_wconf 92' lang='lat' dir='ltr'>domo</span> <span class='ocrx_word' id='word_1_181' title='bbox 1904 1652 2024 1718; x_wconf 89' lang='lat' dir='ltr'>domini</span> <span class='ocrx_word' id='word_1_182' title='bbox 2045 1653 2093 1717; x_wconf 88' lang='lat' dir='ltr'>tui</span> 
     </span>
     <span class='ocr_line' id='line_1_14' title="bbox 99 1733 2095 1820; baseline 0.002 -20"><span class='ocrx_word' id='word_1_183' title='bbox 99 1735 184 1800; x_wconf 86' lang='lat' dir='ltr'>litas.</span> <span class='ocrx_word' id='word_1_184' title='bbox 218 1735 340 1800; x_wconf 78' lang='lat' dir='ltr'>Fateor</span> <span class='ocrx_word' id='word_1_185' title='bbox 361 1735 492 1818; x_wconf 91' lang='lat' dir='ltr'>quidem</span> <span class='ocrx_word' id='word_1_186' title='bbox 515 1735 652 1802; x_wconf 85' lang='lat' dir='ltr'>verbum</span> <span class='ocrx_word' id='word_1_187' title='bbox 670 1757 741 1801; x_wconf 92' lang='lat' dir='ltr'>esse</span> <span class='ocrx_word' id='word_1_188' title='bbox 759 1733 912 1815; x_wconf 91' lang='lat' dir='ltr'>medium,</span> <span class='ocrx_word' id='word_1_189' title='bbox 934 1744 968 1799; x_wconf 90' lang='lat' dir='ltr'>et</span> <span class='ocrx_word' id='word_1_190' title='bbox 985 1733 1071 1816; x_wconf 92' lang='lat' dir='ltr'>quod</span> <span class='ocrx_word' id='word_1_191' title='bbox 1122 1739 1285 1818; x_wconf 79' lang='lat' dir='ltr'>argenium</span> <span class='ocrx_word' id='word_1_192' title='bbox 1301 1735 1348 1800; x_wconf 86' lang='lat' dir='ltr'>uel</span> <span class='ocrx_word' id='word_1_193' title='bbox 1364 1755 1488 1800; x_wconf 91' lang='lat' dir='ltr'>eurum.</span> <span class='ocrx_word' id='word_1_194' title='bbox 1523 1736 1553 1801; x_wconf 84' lang='lat'>9.</span> <span class='ocrx_word' id='word_1_195' title='bbox 1573 1734 1611 1801; x_wconf 90' lang='lat' dir='ltr'>Is</span> <span class='ocrx_word' id='word_1_196' title='bbox 1621 1756 1718 1819; x_wconf 81' lang='lat' dir='ltr'>penes</span> <span class='ocrx_word' id='word_1_197' title='bbox 1733 1757 1823 1818; x_wconf 88' lang='lat' dir='ltr'>quem</span> <span class='ocrx_word' id='word_1_198' title='bbox 1840 1740 1982 1803; x_wconf 89' lang='lat' dir='ltr'>inuentus</span> <span class='ocrx_word' id='word_1_199' title='bbox 1996 1737 2095 1820; x_wconf 82' lang='lat' dir='ltr'>fuerit</span> 
     </span>
     <span class='ocr_line' id='line_1_15' title="bbox 99 1819 2094 1905; baseline 0.001 -17"><span class='ocrx_word' id='word_1_200' title='bbox 99 1843 198 1905; x_wconf 88' lang='lat' dir='ltr'>saepe</span> <span class='ocrx_word' id='word_1_201' title='bbox 210 1821 376 1885; x_wconf 88' lang='lat' dir='ltr'>inmalam</span> <span class='ocrx_word' id='word_1_202' title='bbox 395 1829 521 1904; x_wconf 90' lang='lat' dir='ltr'>partem</span> <span class='ocrx_word' id='word_1_203' title='bbox 537 1823 679 1904; x_wconf 87' lang='lat' dir='ltr'>eapitur:</span> <span class='ocrx_word' id='word_1_204' title='bbox 700 1828 848 1904; x_wconf 91' lang='lat' dir='ltr'>utsupra</span> <span class='ocrx_word' id='word_1_205' title='bbox 864 1820 969 1903; x_wconf 89' lang='lat' dir='ltr'>eapite</span> <span class='ocrx_word' id='word_1_206' title='bbox 987 1821 1017 1896; x_wconf 88' lang='lat'>9,</span> <span class='ocrx_word' id='word_1_207' title='bbox 1029 1819 1070 1885; x_wconf 90' lang='lat'>21</span> <span class='ocrx_word' id='word_1_208' title='bbox 1122 1841 1138 1887; x_wconf 94' lang='lat' dir='ltr'>e</span> <span class='ocrx_word' id='word_1_209' title='bbox 1159 1821 1259 1886; x_wconf 84' lang='lat' dir='ltr'>seruis</span> <span class='ocrx_word' id='word_1_210' title='bbox 1287 1823 1352 1886; x_wconf 86' lang='lat' dir='ltr'>tuis</span> <span class='ocrx_word' id='word_1_211' title='bbox 1378 1822 1549 1886; x_wconf 86' lang='lat' dir='ltr'>morietur:</span> <span class='ocrx_word' id='word_1_212' title='bbox 1577 1825 1604 1885; x_wconf 84' lang='lat' dir='ltr'>et</span> <span class='ocrx_word' id='word_1_213' title='bbox 1631 1823 1723 1887; x_wconf 80' lang='grc'><strong>05100</strong></span> <span class='ocrx_word' id='word_1_214' title='bbox 1749 1843 1806 1888; x_wconf 83' lang='grc'>000</span> <span class='ocrx_word' id='word_1_215' title='bbox 1827 1825 1943 1890; x_wconf 76' lang='lat' dir='ltr'>erimm</span> <span class='ocrx_word' id='word_1_216' title='bbox 1970 1823 2094 1890; x_wconf 89' lang='lat' dir='ltr'>domino</span> 
     </span>
     <span class='ocr_line' id='line_1_16' title="bbox 99 1904 2095 1989; baseline 0.002 -17"><span class='ocrx_word' id='word_1_217' title='bbox 99 1916 133 1972; x_wconf 91' lang='lat' dir='ltr'>st</span> <span class='ocrx_word' id='word_1_218' title='bbox 154 1906 316 1974; x_wconf 81' lang='lat' dir='ltr'><strong>similibus</strong></span> <span class='ocrx_word' id='word_1_219' title='bbox 344 1906 439 1972; x_wconf 91' lang='lat' dir='ltr'>loeis:</span> <span class='ocrx_word' id='word_1_220' title='bbox 469 1907 505 1971; x_wconf 92' lang='lat' dir='ltr'>in</span> <span class='ocrx_word' id='word_1_221' title='bbox 528 1905 598 1972; x_wconf 88' lang='grc'><strong>1000</strong></span> <span class='ocrx_word' id='word_1_222' title='bbox 620 1915 729 1972; x_wconf 89' lang='lat' dir='ltr'>temen</span> <span class='ocrx_word' id='word_1_223' title='bbox 756 1909 918 1989; x_wconf 89' lang='lat' dir='ltr'>praesenti</span> <span class='ocrx_word' id='word_1_224' title='bbox 945 1905 1071 1972; x_wconf 85' lang='lat' dir='ltr'>olerum</span> <span class='ocrx_word' id='word_1_225' title='bbox 1122 1926 1187 1971; x_wconf 91' lang='lat' dir='ltr'>meo</span> <span class='ocrx_word' id='word_1_226' title='bbox 1209 1907 1300 1971; x_wconf 88' lang='lat' dir='ltr'>serui.</span> <span class='ocrx_word' id='word_1_227' title='bbox 1338 1907 1388 1972; x_wconf 88' lang='lat'>10.</span> <span class='ocrx_word' id='word_1_228' title='bbox 1411 1904 1701 1972; x_wconf 73' lang='grc' dir='ltr'><strong>5150555110νο</strong></span> <span class='ocrx_word' id='word_1_229' title='bbox 1717 1928 1799 1972; x_wconf 88' lang='lat' dir='ltr'>nuno</span> <span class='ocrx_word' id='word_1_230' title='bbox 1818 1909 1986 1975; x_wconf 86' lang='lat' dir='ltr'>seeundum</span> <span class='ocrx_word' id='word_1_231' title='bbox 2002 1910 2095 1976; x_wconf 86' lang='lat' dir='ltr'>verda</span> 
     </span>
     <span class='ocr_line' id='line_1_17' title="bbox 98 1991 2097 2076; baseline 0.001 -17"><span class='ocrx_word' id='word_1_232' title='bbox 98 1993 264 2059; x_wconf 88' lang='lat' dir='ltr'>estMosis</span> <span class='ocrx_word' id='word_1_233' title='bbox 286 1991 467 2058; x_wconf 88' lang='lat' dir='ltr'>eonsilium.</span> <span class='ocrx_word' id='word_1_234' title='bbox 503 1991 542 2058; x_wconf 85' lang='lat' dir='ltr'>Si</span> <span class='ocrx_word' id='word_1_235' title='bbox 562 1991 636 2075; x_wconf 91' lang='lat' dir='ltr'>quis</span> <span class='ocrx_word' id='word_1_236' title='bbox 658 1992 808 2076; x_wconf 84' lang='lat' dir='ltr'>exeipiat,</span> <span class='ocrx_word' id='word_1_237' title='bbox 830 1991 992 2076; x_wconf 79' lang='lat' dir='ltr'>frugalem</span> <span class='ocrx_word' id='word_1_238' title='bbox 1009 1991 1072 2057; x_wconf 90' lang='lat' dir='ltr'>eibi</span> <span class='ocrx_word' id='word_1_239' title='bbox 1122 1997 1223 2057; x_wconf 81' lang='grc' dir='ltr'><strong>οε05να</strong></span> <span class='ocrx_word' id='word_1_240' title='bbox 1240 1993 1286 2058; x_wconf 82' lang='lat' dir='ltr'>ito</span> <span class='ocrx_word' id='word_1_241' title='bbox 1303 1993 1362 2057; x_wconf 87' lang='lat' dir='ltr'>sit:</span> <span class='ocrx_word' id='word_1_242' title='bbox 1383 1994 1525 2073; x_wconf 79' lang='lat' dir='ltr'>ispenes</span> <span class='ocrx_word' id='word_1_243' title='bbox 1546 2013 1636 2074; x_wconf 89' lang='lat' dir='ltr'>quem</span> <span class='ocrx_word' id='word_1_244' title='bbox 1654 1995 1795 2059; x_wconf 87' lang='lat' dir='ltr'>iuuentus</span> <span class='ocrx_word' id='word_1_245' title='bbox 1811 1994 1919 2076; x_wconf 84' lang='lat' dir='ltr'>fuerit,</span> <span class='ocrx_word' id='word_1_246' title='bbox 1941 1995 1999 2059; x_wconf 82' lang='lat' dir='ltr'>erit</span> <span class='ocrx_word' id='word_1_247' title='bbox 2016 1995 2097 2061; x_wconf 79' lang='lat' dir='ltr'>milei</span> 
     </span>
     <span class='ocr_line' id='line_1_18' title="bbox 99 2076 2095 2162; baseline 0.001 -18"><span class='ocrx_word' id='word_1_248' title='bbox 99 2087 132 2144; x_wconf 91' lang='lat' dir='ltr'>et</span> <span class='ocrx_word' id='word_1_249' title='bbox 159 2084 259 2161; x_wconf 91' lang='lat' dir='ltr'>potus</span> <span class='ocrx_word' id='word_1_250' title='bbox 288 2099 384 2143; x_wconf 90' lang='lat' dir='ltr'>usum</span> <span class='ocrx_word' id='word_1_251' title='bbox 413 2099 479 2143; x_wconf 93' lang='lat' dir='ltr'>non</span> <span class='ocrx_word' id='word_1_252' title='bbox 508 2079 607 2143; x_wconf 87' lang='lat' dir='ltr'>alium</span> <span class='ocrx_word' id='word_1_253' title='bbox 637 2097 707 2145; x_wconf 89' lang='lat' dir='ltr'>esse</span> <span class='ocrx_word' id='word_1_254' title='bbox 736 2097 833 2162; x_wconf 88' lang='lat' dir='ltr'>quam</span> <span class='ocrx_word' id='word_1_255' title='bbox 866 2079 921 2161; x_wconf 92' lang='lat' dir='ltr'>qui</span> <span class='ocrx_word' id='word_1_256' title='bbox 955 2077 1072 2142; x_wconf 90' lang='lat' dir='ltr'>alendo</span> <span class='ocrx_word' id='word_1_257' title='bbox 1123 2098 1240 2156; x_wconf 85' lang='lat' dir='ltr'>seruus,</span> <span class='ocrx_word' id='word_1_258' title='bbox 1263 2081 1291 2142; x_wconf 86' lang='lat' dir='ltr'>et</span> <span class='ocrx_word' id='word_1_259' title='bbox 1311 2098 1366 2143; x_wconf 90' lang='lat' dir='ltr'>uos</span> <span class='ocrx_word' id='word_1_260' title='bbox 1387 2079 1476 2143; x_wconf 87' lang='lat' dir='ltr'>eritis</span> <span class='ocrx_word' id='word_1_261' title='bbox 1495 2079 1678 2144; x_wconf 87' lang='lat' dir='ltr'>innoeentes.</span> <span class='ocrx_word' id='word_1_262' title='bbox 1725 2076 2095 2162; x_wconf 64' lang='grc' dir='ltr'><strong>100510000εο00,</strong></span> 
     </span>
     <span class='ocr_line' id='line_1_19' title="bbox 97 2163 2096 2252; baseline 0.001 -22"><span class='ocrx_word' id='word_1_263' title='bbox 97 2165 230 2246; x_wconf 89' lang='lat' dir='ltr'>eorpori</span> <span class='ocrx_word' id='word_1_264' title='bbox 258 2164 393 2244; x_wconf 89' lang='lat' dir='ltr'>suffieit,</span> <span class='ocrx_word' id='word_1_265' title='bbox 421 2163 616 2248; x_wconf 86' lang='lat' dir='ltr'>respondeo:</span> <span class='ocrx_word' id='word_1_266' title='bbox 638 2163 800 2245; x_wconf 78' lang='lat' dir='ltr'>Quamvis</span> <span class='ocrx_word' id='word_1_267' title='bbox 822 2163 977 2228; x_wconf 87' lang='lat' dir='ltr'>alimenta</span> <span class='ocrx_word' id='word_1_268' title='bbox 998 2182 1073 2248; x_wconf 94' lang='lat' dir='ltr'>pro·</span> <span class='ocrx_word' id='word_1_269' title='bbox 1123 2165 1366 2244; x_wconf 83' lang='lat' dir='ltr'>etdepesnerunt</span> <span class='ocrx_word' id='word_1_270' title='bbox 1382 2165 1596 2246; x_wconf 86' lang='lat' dir='ltr'>uuusquisque</span> <span class='ocrx_word' id='word_1_271' title='bbox 1612 2183 1735 2232; x_wconf 84' lang='lat' dir='ltr'>semum</span> <span class='ocrx_word' id='word_1_272' title='bbox 1751 2185 1844 2229; x_wconf 90' lang='lat' dir='ltr'>suum</span> <span class='ocrx_word' id='word_1_273' title='bbox 1854 2185 1949 2252; x_wconf 81' lang='lat' dir='ltr'>super</span> <span class='ocrx_word' id='word_1_274' title='bbox 1965 2171 2096 2231; x_wconf 88' lang='lat' dir='ltr'>terrem:</span> 
     </span>
     <span class='ocr_line' id='line_1_20' title="bbox 97 2247 2096 2334; baseline 0.002 -20"><span class='ocrx_word' id='word_1_275' title='bbox 97 2250 173 2334; x_wconf 87' lang='lat' dir='ltr'>pris</span> <span class='ocrx_word' id='word_1_276' title='bbox 184 2247 332 2315; x_wconf 87' lang='lat' dir='ltr'>subsidia</span> <span class='ocrx_word' id='word_1_277' title='bbox 342 2249 409 2314; x_wconf 91' lang='lat' dir='ltr'>sint</span> <span class='ocrx_word' id='word_1_278' title='bbox 425 2257 558 2315; x_wconf 83' lang='lat' dir='ltr'>nostrae</span> <span class='ocrx_word' id='word_1_279' title='bbox 575 2249 786 2329; x_wconf 82' lang='lat' dir='ltr'>nenessitstis,</span> <span class='ocrx_word' id='word_1_280' title='bbox 807 2248 945 2314; x_wconf 87' lang='lat' dir='ltr'>ulterius</span> <span class='ocrx_word' id='word_1_281' title='bbox 962 2256 1072 2315; x_wconf 84' lang='lat' dir='ltr'>tamen</span> <span class='ocrx_word' id='word_1_282' title='bbox 1122 2254 1361 2332; x_wconf 76' lang='lat' dir='ltr'>etepmuerunt</span> <span class='ocrx_word' id='word_1_283' title='bbox 1376 2249 1495 2332; x_wconf 77' lang='lat' dir='ltr'>singuli</span> <span class='ocrx_word' id='word_1_284' title='bbox 1512 2270 1636 2314; x_wconf 84' lang='lat' dir='ltr'>semum</span> <span class='ocrx_word' id='word_1_285' title='bbox 1657 2270 1759 2316; x_wconf 90' lang='lat' dir='ltr'>suum.</span> <span class='ocrx_word' id='word_1_286' title='bbox 1798 2251 1847 2315; x_wconf 99' lang='lat'>12.</span> <span class='ocrx_word' id='word_1_287' title='bbox 1872 2250 2035 2318; x_wconf 82' lang='lat' dir='ltr'>Sorutatns</span> <span class='ocrx_word' id='word_1_288' title='bbox 2052 2255 2096 2318; x_wconf 84' lang='lat' dir='ltr'>esi</span> 
     </span>
     <span class='ocr_line' id='line_1_21' title="bbox 96 2334 2097 2419; baseline 0.002 -21"><span class='ocrx_word' id='word_1_289' title='bbox 96 2334 255 2419; x_wconf 81' lang='lat' dir='ltr'>progredi</span> <span class='ocrx_word' id='word_1_290' title='bbox 292 2335 476 2419; x_wconf 89' lang='lat' dir='ltr'>legitimum</span> <span class='ocrx_word' id='word_1_291' title='bbox 514 2355 627 2400; x_wconf 91' lang='lat' dir='ltr'>eorum</span> <span class='ocrx_word' id='word_1_292' title='bbox 664 2356 770 2401; x_wconf 91' lang='lat' dir='ltr'>usum.</span> <span class='ocrx_word' id='word_1_293' title='bbox 833 2335 946 2418; x_wconf 86' lang='lat' dir='ltr'>Neque</span> <span class='ocrx_word' id='word_1_294' title='bbox 985 2335 1072 2401; x_wconf 90' lang='lat' dir='ltr'>enim</span> <span class='ocrx_word' id='word_1_295' title='bbox 1123 2340 1241 2400; x_wconf 87' lang='lat' dir='ltr'>eutem:</span> <span class='ocrx_word' id='word_1_296' title='bbox 1269 2357 1290 2400; x_wconf 91' lang='grc'>0</span> <span class='ocrx_word' id='word_1_297' title='bbox 1315 2335 1452 2400; x_wconf 78' lang='lat' dir='ltr'>monimo</span> <span class='ocrx_word' id='word_1_298' title='bbox 1479 2337 1607 2416; x_wconf 82' lang='lat' dir='ltr'>inrepit,</span> <span class='ocrx_word' id='word_1_299' title='bbox 1641 2340 1670 2399; x_wconf 84' lang='grc'>05</span> <span class='ocrx_word' id='word_1_300' title='bbox 1695 2337 1730 2400; x_wconf 92' lang='lat' dir='ltr'>in</span> <span class='ocrx_word' id='word_1_301' title='bbox 1762 2337 1893 2401; x_wconf 90' lang='lat' dir='ltr'>minimo</span> <span class='ocrx_word' id='word_1_302' title='bbox 1921 2336 2040 2417; x_wconf 76' lang='lat' dir='ltr'>finiuit:</span> <span class='ocrx_word' id='word_1_303' title='bbox 2068 2341 2097 2403; x_wconf 84' lang='lat' dir='ltr'>et</span> 
     </span>
     <span class='ocr_line' id='line_1_22' title="bbox 97 2419 2095 2505; baseline 0.003 -20"><span class='ocrx_word' id='word_1_304' title='bbox 97 2429 232 2505; x_wconf 84' lang='lat' dir='ltr'>praeter</span> <span class='ocrx_word' id='word_1_305' title='bbox 263 2421 398 2486; x_wconf 84' lang='lat' dir='ltr'>vitalem</span> <span class='ocrx_word' id='word_1_306' title='bbox 433 2440 566 2487; x_wconf 90' lang='lat' dir='ltr'>suooum</span> <span class='ocrx_word' id='word_1_307' title='bbox 599 2420 723 2487; x_wconf 77' lang='lat' dir='ltr'>frustra</span> <span class='ocrx_word' id='word_1_308' title='bbox 754 2420 834 2485; x_wconf 90' lang='lat' dir='ltr'>eibis</span> <span class='ocrx_word' id='word_1_309' title='bbox 867 2420 990 2485; x_wconf 88' lang='lat' dir='ltr'>inditus</span> <span class='ocrx_word' id='word_1_310' title='bbox 1024 2427 1074 2485; x_wconf 88' lang='lat' dir='ltr'>est</span> <span class='ocrx_word' id='word_1_311' title='bbox 1123 2423 1264 2486; x_wconf 87' lang='lat' dir='ltr'>inuentus</span> <span class='ocrx_word' id='word_1_312' title='bbox 1281 2425 1325 2485; x_wconf 84' lang='lat' dir='ltr'>est</span> <span class='ocrx_word' id='word_1_313' title='bbox 1346 2421 1481 2503; x_wconf 79' lang='lat' dir='ltr'>sequns</span> <span class='ocrx_word' id='word_1_314' title='bbox 1507 2421 1542 2485; x_wconf 91' lang='lat' dir='ltr'>iu</span> <span class='ocrx_word' id='word_1_315' title='bbox 1563 2440 1649 2486; x_wconf 87' lang='lat' dir='ltr'>seme</span> <span class='ocrx_word' id='word_1_316' title='bbox 1671 2419 1851 2486; x_wconf 86' lang='lat' dir='ltr'>Beniamin.</span> <span class='ocrx_word' id='word_1_317' title='bbox 1898 2421 1948 2487; x_wconf 87' lang='lat'>13.</span> <span class='ocrx_word' id='word_1_318' title='bbox 1970 2420 2095 2490; x_wconf 77' lang='grc'><strong>55001-</strong></span> 
     </span>
     <span class='ocr_line' id='line_1_23' title="bbox 96 2505 2095 2591; baseline 0.001 -19"><span class='ocrx_word' id='word_1_319' title='bbox 96 2527 213 2590; x_wconf 86' lang='lat' dir='ltr'>sapor:</span> <span class='ocrx_word' id='word_1_320' title='bbox 243 2505 300 2571; x_wconf 90' lang='lat' dir='ltr'>sed</span> <span class='ocrx_word' id='word_1_321' title='bbox 322 2513 360 2570; x_wconf 93' lang='lat' dir='ltr'>ut</span> <span class='ocrx_word' id='word_1_322' title='bbox 380 2527 439 2572; x_wconf 92' lang='lat' dir='ltr'>nos</span> <span class='ocrx_word' id='word_1_323' title='bbox 462 2507 612 2573; x_wconf 88' lang='lat' dir='ltr'>eoelestis</span> <span class='ocrx_word' id='word_1_324' title='bbox 633 2514 727 2591; x_wconf 88' lang='lat' dir='ltr'>pater</span> <span class='ocrx_word' id='word_1_325' title='bbox 756 2507 824 2571; x_wconf 88' lang='lat' dir='ltr'>suis</span> <span class='ocrx_word' id='word_1_326' title='bbox 854 2505 976 2571; x_wconf 85' lang='lat' dir='ltr'>delitiis</span> <span class='ocrx_word' id='word_1_327' title='bbox 999 2527 1073 2571; x_wconf 89' lang='lat' dir='ltr'>sua·</span> <span class='ocrx_word' id='word_1_328' title='bbox 1123 2507 1423 2573; x_wconf 72' lang='lat' dir='ltr'>dumetvestimeute</span> <span class='ocrx_word' id='word_1_329' title='bbox 1440 2526 1509 2586; x_wconf 87' lang='lat' dir='ltr'>suo,</span> <span class='ocrx_word' id='word_1_330' title='bbox 1527 2511 1555 2570; x_wconf 85' lang='lat' dir='ltr'>et</span> <span class='ocrx_word' id='word_1_331' title='bbox 1571 2507 1711 2572; x_wconf 79' lang='lat' dir='ltr'>onerumi</span> <span class='ocrx_word' id='word_1_332' title='bbox 1727 2507 1955 2590; x_wconf 77' lang='lat' dir='ltr'>uniusquisque</span> <span class='ocrx_word' id='word_1_333' title='bbox 1968 2510 2095 2575; x_wconf 88' lang='lat' dir='ltr'>usinum</span> 
     </span>
     <span class='ocr_line' id='line_1_24' title="bbox 95 2590 2096 2678; baseline 0 -21"><span class='ocrx_word' id='word_1_334' title='bbox 95 2593 184 2658; x_wconf 85' lang='lat' dir='ltr'>riter</span> <span class='ocrx_word' id='word_1_335' title='bbox 213 2590 361 2657; x_wconf 86' lang='lat' dir='ltr'>obleotet</span> <span class='ocrx_word' id='word_1_336' title='bbox 406 2591 474 2657; x_wconf 87' lang='lat' dir='ltr'>Neo</span> <span class='ocrx_word' id='word_1_337' title='bbox 502 2591 1074 2671; x_wconf 78' lang='lat' dir='ltr'>frustraPsal.104,1dlaudatur</span> <span class='ocrx_word' id='word_1_338' title='bbox 1123 2613 1234 2668; x_wconf 90' lang='lat' dir='ltr'>suum,</span> <span class='ocrx_word' id='word_1_339' title='bbox 1267 2597 1295 2657; x_wconf 87' lang='lat' dir='ltr'>et</span> <span class='ocrx_word' id='word_1_340' title='bbox 1325 2593 1443 2658; x_wconf 86' lang='lat' dir='ltr'>reversi</span> <span class='ocrx_word' id='word_1_341' title='bbox 1471 2591 1605 2657; x_wconf 87' lang='lat' dir='ltr'>suntin</span> <span class='ocrx_word' id='word_1_342' title='bbox 1633 2591 1747 2658; x_wconf 89' lang='lat' dir='ltr'>urbem.</span> <span class='ocrx_word' id='word_1_343' title='bbox 1799 2593 1848 2658; x_wconf 88' lang='lat'>14.</span> <span class='ocrx_word' id='word_1_344' title='bbox 1884 2593 2096 2678; x_wconf 84' lang='lat' dir='ltr'>Veneruutque</span> 
     </span>
     <span class='ocr_line' id='line_1_25' title="bbox 94 2676 2096 2762; baseline 0.001 -19"><span class='ocrx_word' id='word_1_345' title='bbox 94 2679 169 2744; x_wconf 88' lang='lat' dir='ltr'>eius</span> <span class='ocrx_word' id='word_1_346' title='bbox 192 2676 393 2762; x_wconf 80' lang='lat' dir='ltr'>benignitas,</span> <span class='ocrx_word' id='word_1_347' title='bbox 420 2677 474 2742; x_wconf 90' lang='lat' dir='ltr'>ubl</span> <span class='ocrx_word' id='word_1_348' title='bbox 496 2678 616 2744; x_wconf 89' lang='lat' dir='ltr'>dieitur</span> <span class='ocrx_word' id='word_1_349' title='bbox 636 2677 751 2743; x_wconf 84' lang='lat' dir='ltr'>vinnm</span> <span class='ocrx_word' id='word_1_350' title='bbox 774 2699 885 2743; x_wconf 90' lang='lat' dir='ltr'>ereare</span> <span class='ocrx_word' id='word_1_351' title='bbox 906 2677 992 2760; x_wconf 91' lang='lat' dir='ltr'>quod</span> <span class='ocrx_word' id='word_1_352' title='bbox 1014 2677 1072 2742; x_wconf 90' lang='lat' dir='ltr'>ho·</span> <span class='ocrx_word' id='word_1_353' title='bbox 1126 2677 1268 2743; x_wconf 80' lang='lat' dir='ltr'>Ielrudol</span> <span class='ocrx_word' id='word_1_354' title='bbox 1295 2683 1323 2742; x_wconf 87' lang='lat' dir='ltr'>et</span> <span class='ocrx_word' id='word_1_355' title='bbox 1349 2678 1466 2760; x_wconf 75' lang='lat' dir='ltr'>freues</span> <span class='ocrx_word' id='word_1_356' title='bbox 1495 2679 1564 2742; x_wconf 87' lang='lat' dir='ltr'>eius</span> <span class='ocrx_word' id='word_1_357' title='bbox 1590 2677 1634 2742; x_wconf 91' lang='lat' dir='ltr'>od</span> <span class='ocrx_word' id='word_1_358' title='bbox 1661 2678 1785 2743; x_wconf 86' lang='lat' dir='ltr'>domum</span> <span class='ocrx_word' id='word_1_359' title='bbox 1813 2677 1943 2760; x_wconf 83' lang='lat' dir='ltr'>Iosepd,</span> <span class='ocrx_word' id='word_1_360' title='bbox 1974 2685 2096 2746; x_wconf 82' lang='lat' dir='ltr'>eterni</span> 
     </span>
     <span class='ocr_line' id='line_1_26' title="bbox 93 2762 2095 2848; baseline 0.001 -20"><span class='ocrx_word' id='word_1_361' title='bbox 93 2764 200 2828; x_wconf 90' lang='lat' dir='ltr'>minis</span> <span class='ocrx_word' id='word_1_362' title='bbox 221 2782 277 2828; x_wconf 89' lang='lat' dir='ltr'>eor</span> <span class='ocrx_word' id='word_1_363' title='bbox 298 2762 467 2829; x_wconf 80' lang='lat' dir='ltr'>exhilaret.</span> <span class='ocrx_word' id='word_1_364' title='bbox 502 2763 678 2830; x_wconf 82' lang='lat' dir='ltr'>(laetorum</span> <span class='ocrx_word' id='word_1_365' title='bbox 696 2784 760 2847; x_wconf 91' lang='lat' dir='ltr'>quo</span> <span class='ocrx_word' id='word_1_366' title='bbox 781 2764 958 2829; x_wconf 87' lang='lat' dir='ltr'>humanius</span> <span class='ocrx_word' id='word_1_367' title='bbox 978 2763 1073 2829; x_wconf 90' lang='lat' dir='ltr'>nobis</span> <span class='ocrx_word' id='word_1_368' title='bbox 1125 2762 1226 2829; x_wconf 78' lang='lat' dir='ltr'>oddus</span> <span class='ocrx_word' id='word_1_369' title='bbox 1254 2765 1322 2844; x_wconf 84' lang='lat' dir='ltr'>ipse</span> <span class='ocrx_word' id='word_1_370' title='bbox 1351 2763 1411 2829; x_wconf 77' lang='lat' dir='ltr'>ut.-</span> <span class='ocrx_word' id='word_1_371' title='bbox 1440 2767 1467 2828; x_wconf 86' lang='lat' dir='ltr'>et</span> <span class='ocrx_word' id='word_1_372' title='bbox 1489 2767 1726 2844; x_wconf 82' lang='lat' dir='ltr'>prostraverunt</span> <span class='ocrx_word' id='word_1_373' title='bbox 1753 2783 1786 2828; x_wconf 92' lang='lat' dir='ltr'>se</span> <span class='ocrx_word' id='word_1_374' title='bbox 1814 2783 1918 2830; x_wconf 87' lang='lat' dir='ltr'>oerum</span> <span class='ocrx_word' id='word_1_375' title='bbox 1940 2786 1973 2830; x_wconf 84' lang='lat' dir='ltr'>oe</span> <span class='ocrx_word' id='word_1_376' title='bbox 2001 2786 2095 2848; x_wconf 84' lang='lat' dir='ltr'>super</span> 
     </span>
     <span class='ocr_line' id='line_1_27' title="bbox 92 2847 2096 2934; baseline 0.001 -21"><span class='ocrx_word' id='word_1_377' title='bbox 92 2848 260 2932; x_wconf 85' lang='lat' dir='ltr'>indulget,</span> <span class='ocrx_word' id='word_1_378' title='bbox 282 2868 321 2913; x_wconf 91' lang='lat' dir='ltr'>eo</span> <span class='ocrx_word' id='word_1_379' title='bbox 338 2850 443 2932; x_wconf 85' lang='lat' dir='ltr'>magis</span> <span class='ocrx_word' id='word_1_380' title='bbox 463 2848 599 2914; x_wconf 89' lang='lat' dir='ltr'>sollieite</span> <span class='ocrx_word' id='word_1_381' title='bbox 624 2849 824 2934; x_wconf 83' lang='lat' dir='ltr'>restringere</span> <span class='ocrx_word' id='word_1_382' title='bbox 842 2871 900 2915; x_wconf 89' lang='lat' dir='ltr'>uos</span> <span class='ocrx_word' id='word_1_383' title='bbox 918 2847 1011 2914; x_wconf 87' lang='lat' dir='ltr'>deeet</span> <span class='ocrx_word' id='word_1_384' title='bbox 1032 2847 1073 2912; x_wconf 93' lang='lat' dir='ltr'>ad</span> <span class='ocrx_word' id='word_1_385' title='bbox 1124 2855 1249 2915; x_wconf 79' lang='lat' dir='ltr'>terrum</span> <span class='ocrx_word' id='word_1_386' title='bbox 1285 2847 2096 2932; x_wconf 66' lang='grc' dir='ltr'><strong>15.Ε1011015001000100005.·110015010οε05</strong></span> 
     </span>
     <span class='ocr_line' id='line_1_28' title="bbox 91 2933 2094 3021; baseline 0.001 -21"><span class='ocrx_word' id='word_1_387' title='bbox 91 2935 263 3018; x_wconf 84' lang='lat' dir='ltr'>frugalem</span> <span class='ocrx_word' id='word_1_388' title='bbox 289 2955 395 3000; x_wconf 84' lang='lat' dir='ltr'>mum.</span> <span class='ocrx_word' id='word_1_389' title='bbox 442 2933 571 3002; x_wconf 85' lang='lat' dir='ltr'>Soimus</span> <span class='ocrx_word' id='word_1_390' title='bbox 595 2936 684 2999; x_wconf 88' lang='lat' dir='ltr'>enim</span> <span class='ocrx_word' id='word_1_391' title='bbox 705 2954 804 3018; x_wconf 87' lang='lat' dir='ltr'>quam</span> <span class='ocrx_word' id='word_1_392' title='bbox 826 2935 985 3000; x_wconf 85' lang='lat' dir='ltr'>effraenes</span> <span class='ocrx_word' id='word_1_393' title='bbox 1006 2935 1073 3000; x_wconf 92' lang='lat' dir='ltr'>sint</span> <span class='ocrx_word' id='word_1_394' title='bbox 1124 2934 2094 3021; x_wconf 68' lang='grc' dir='ltr'><strong>500οΜ1010510000000050001000000010000000-</strong></span> 
     </span>
     <span class='ocr_line' id='line_1_29' title="bbox 91 3020 2094 3105; baseline 0.001 -19"><span class='ocrx_word' id='word_1_395' title='bbox 91 3021 209 3086; x_wconf 88' lang='lat' dir='ltr'>earnis</span> <span class='ocrx_word' id='word_1_396' title='bbox 231 3021 403 3103; x_wconf 85' lang='lat' dir='ltr'>appetitus.</span> <span class='ocrx_word' id='word_1_397' title='bbox 448 3020 545 3087; x_wconf 87' lang='lat' dir='ltr'>Unde</span> <span class='ocrx_word' id='word_1_398' title='bbox 561 3022 600 3086; x_wconf 91' lang='lat' dir='ltr'>fit</span> <span class='ocrx_word' id='word_1_399' title='bbox 621 3031 661 3086; x_wconf 89' lang='lat' dir='ltr'>ut</span> <span class='ocrx_word' id='word_1_400' title='bbox 681 3020 717 3084; x_wconf 93' lang='lat' dir='ltr'>in</span> <span class='ocrx_word' id='word_1_401' title='bbox 738 3021 832 3104; x_wconf 88' lang='lat' dir='ltr'>eopia</span> <span class='ocrx_word' id='word_1_402' title='bbox 852 3021 921 3086; x_wconf 85' lang='lat' dir='ltr'>iere</span> <span class='ocrx_word' id='word_1_403' title='bbox 943 3041 1073 3103; x_wconf 89' lang='lat' dir='ltr'>semper</span> <span class='ocrx_word' id='word_1_404' title='bbox 1124 3025 1176 3085; x_wconf 85' lang='lat' dir='ltr'>tur</span> <span class='ocrx_word' id='word_1_405' title='bbox 1185 3021 1236 3085; x_wconf 87' lang='lat' dir='ltr'>eir</span> <span class='ocrx_word' id='word_1_406' title='bbox 1246 3021 1302 3102; x_wconf 90' lang='lat' dir='ltr'>qui</span> <span class='ocrx_word' id='word_1_407' title='bbox 1312 3025 1356 3085; x_wconf 87' lang='lat' dir='ltr'>est</span> <span class='ocrx_word' id='word_1_408' title='bbox 1372 3022 1453 3085; x_wconf 79' lang='lat' dir='ltr'>simut</span> <span class='ocrx_word' id='word_1_409' title='bbox 1470 3021 1547 3104; x_wconf 79' lang='lat' dir='ltr'>eqo?</span> <span class='ocrx_word' id='word_1_410' title='bbox 1580 3020 1630 3085; x_wconf 88' lang='grc'>16.</span> <span class='ocrx_word' id='word_1_411' title='bbox 1645 3020 1817 3101; x_wconf 74' lang='lat' dir='ltr'>Respondit</span> <span class='ocrx_word' id='word_1_412' title='bbox 1833 3020 1990 3088; x_wconf 82' lang='lat' dir='ltr'>Iedudol:</span> <span class='ocrx_word' id='word_1_413' title='bbox 2011 3023 2094 3105; x_wconf 76' lang='lat' dir='ltr'>Quid</span> 
     </span>
     <span class='ocr_line' id='line_1_30' title="bbox 90 3105 2082 3190; baseline 0.002 -21"><span class='ocrx_word' id='word_1_414' title='bbox 90 3105 266 3184; x_wconf 74' lang='lat' dir='ltr'>lasciviat,</span> <span class='ocrx_word' id='word_1_415' title='bbox 293 3105 450 3188; x_wconf 86' lang='lat' dir='ltr'>penuriae</span> <span class='ocrx_word' id='word_1_416' title='bbox 472 3127 550 3172; x_wconf 86' lang='lat' dir='ltr'>vero</span> <span class='ocrx_word' id='word_1_417' title='bbox 571 3106 615 3172; x_wconf 93' lang='lat' dir='ltr'>sit</span> <span class='ocrx_word' id='word_1_418' title='bbox 640 3106 825 3188; x_wconf 83' lang='lat' dir='ltr'>impatiens.</span> <span class='ocrx_word' id='word_1_419' title='bbox 870 3105 972 3173; x_wconf 92' lang='lat' dir='ltr'>Nobis</span> <span class='ocrx_word' id='word_1_420' title='bbox 995 3127 1071 3172; x_wconf 85' lang='lat' dir='ltr'>vero</span> <span class='ocrx_word' id='word_1_421' title='bbox 1123 3107 1262 3172; x_wconf 81' lang='lat' dir='ltr'>disemus</span> <span class='ocrx_word' id='word_1_422' title='bbox 1282 3106 1406 3171; x_wconf 88' lang='lat' dir='ltr'>domiuo</span> <span class='ocrx_word' id='word_1_423' title='bbox 1427 3105 1517 3172; x_wconf 80' lang='lat' dir='ltr'>meo?</span> <span class='ocrx_word' id='word_1_424' title='bbox 1538 3106 1615 3188; x_wconf 90' lang='lat' dir='ltr'>quid</span> <span class='ocrx_word' id='word_1_425' title='bbox 1635 3106 1803 3188; x_wconf 79' lang='grc' dir='ltr'><strong>50000ον,</strong></span> <span class='ocrx_word' id='word_1_426' title='bbox 1825 3109 1904 3172; x_wconf 87' lang='lat' dir='ltr'>etin</span> <span class='ocrx_word' id='word_1_427' title='bbox 1924 3129 1984 3190; x_wconf 90' lang='lat' dir='ltr'>quo</span> <span class='ocrx_word' id='word_1_428' title='bbox 2005 3108 2082 3174; x_wconf 85' lang='lat' dir='ltr'>iust&#39;</span> 
     </span>
     <span class='ocr_line' id='line_1_31' title="bbox 90 3189 2095 3278; baseline 0.002 -22"><span class='ocrx_word' id='word_1_429' title='bbox 90 3190 243 3257; x_wconf 88' lang='lat' dir='ltr'>tenenda</span> <span class='ocrx_word' id='word_1_430' title='bbox 264 3199 314 3258; x_wconf 89' lang='lat' dir='ltr'>est</span> <span class='ocrx_word' id='word_1_431' title='bbox 334 3192 392 3257; x_wconf 87' lang='lat' dir='ltr'>illa</span> <span class='ocrx_word' id='word_1_432' title='bbox 401 3192 496 3258; x_wconf 91' lang='lat' dir='ltr'>Pauli</span> <span class='ocrx_word' id='word_1_433' title='bbox 515 3193 598 3257; x_wconf 87' lang='lat' dir='ltr'>ratio</span> <span class='ocrx_word' id='word_1_434' title='bbox 615 3189 715 3278; x_wconf 89' lang='lat' dir='ltr'>(Phil.</span> <span class='ocrx_word' id='word_1_435' title='bbox 736 3192 767 3269; x_wconf 89' lang='lat'>4,</span> <span class='ocrx_word' id='word_1_436' title='bbox 791 3190 854 3278; x_wconf 89' lang='lat'>12),</span> <span class='ocrx_word' id='word_1_437' title='bbox 876 3199 913 3256; x_wconf 91' lang='lat' dir='ltr'>ut</span> <span class='ocrx_word' id='word_1_438' title='bbox 930 3193 1071 3257; x_wconf 89' lang='lat' dir='ltr'>seiamus</span> <span class='ocrx_word' id='word_1_439' title='bbox 1121 3191 1284 3272; x_wconf 74' lang='lat' dir='ltr'>plaudimus</span> <span class='ocrx_word' id='word_1_440' title='bbox 1313 3189 1396 3256; x_wconf 77' lang='lat' dir='ltr'>nos?</span> <span class='ocrx_word' id='word_1_441' title='bbox 1430 3190 1521 3257; x_wconf 89' lang='lat' dir='ltr'>Deus</span> <span class='ocrx_word' id='word_1_442' title='bbox 1555 3191 1672 3256; x_wconf 87' lang='lat' dir='ltr'>inuenit</span> <span class='ocrx_word' id='word_1_443' title='bbox 1707 3191 1904 3272; x_wconf 87' lang='lat' dir='ltr'>iniquitatem</span> <span class='ocrx_word' id='word_1_444' title='bbox 1936 3203 2095 3260; x_wconf 88' lang='lat' dir='ltr'>seruorum</span> 
     </span>
     <span class='ocr_line' id='line_1_32' title="bbox 89 3276 2095 3358; baseline 0.001 -16"><span class='ocrx_word' id='word_1_445' title='bbox 89 3278 224 3343; x_wconf 86' lang='lat' dir='ltr'>esurire</span> <span class='ocrx_word' id='word_1_446' title='bbox 246 3283 280 3341; x_wconf 90' lang='lat' dir='ltr'>et</span> <span class='ocrx_word' id='word_1_447' title='bbox 301 3277 482 3344; x_wconf 82' lang='lat' dir='ltr'>abuudare:</span> <span class='ocrx_word' id='word_1_448' title='bbox 504 3277 567 3344; x_wconf 92' lang='lat' dir='ltr'>hoo</span> <span class='ocrx_word' id='word_1_449' title='bbox 584 3289 643 3357; x_wconf 88' lang='lat' dir='ltr'>est,</span> <span class='ocrx_word' id='word_1_450' title='bbox 667 3277 804 3344; x_wconf 88' lang='lat' dir='ltr'>sollieite</span> <span class='ocrx_word' id='word_1_451' title='bbox 826 3277 1019 3357; x_wconf 84' lang='lat' dir='ltr'>uerendum,</span> <span class='ocrx_word' id='word_1_452' title='bbox 1043 3276 1071 3342; x_wconf 90' lang='lat' dir='ltr'>si</span> <span class='ocrx_word' id='word_1_453' title='bbox 1122 3280 1260 3342; x_wconf 80' lang='lat' dir='ltr'>tuorum:</span> <span class='ocrx_word' id='word_1_454' title='bbox 1277 3296 1348 3354; x_wconf 82' lang='lat' dir='ltr'>ecee,</span> <span class='ocrx_word' id='word_1_455' title='bbox 1366 3295 1477 3342; x_wconf 88' lang='lat' dir='ltr'>sumus</span> <span class='ocrx_word' id='word_1_456' title='bbox 1492 3276 1576 3341; x_wconf 81' lang='lat' dir='ltr'>seru</span> <span class='ocrx_word' id='word_1_457' title='bbox 1592 3277 1791 3354; x_wconf 91' lang='lat' dir='ltr'>domiuimei,</span> <span class='ocrx_word' id='word_1_458' title='bbox 1810 3279 1902 3342; x_wconf 89' lang='lat' dir='ltr'>etium</span> <span class='ocrx_word' id='word_1_459' title='bbox 1918 3299 1983 3358; x_wconf 91' lang='lat' dir='ltr'>nes,</span> <span class='ocrx_word' id='word_1_460' title='bbox 2001 3281 2095 3345; x_wconf 87' lang='lat' dir='ltr'>etium</span> 
     </span>
     <span class='ocr_line' id='line_1_33' title="bbox 88 3361 2095 3447; baseline 0.002 -21"><span class='ocrx_word' id='word_1_461' title='bbox 88 3364 223 3447; x_wconf 88' lang='lat' dir='ltr'>largior</span> <span class='ocrx_word' id='word_1_462' title='bbox 244 3371 395 3445; x_wconf 88' lang='lat' dir='ltr'>suppetat</span> <span class='ocrx_word' id='word_1_463' title='bbox 411 3364 512 3447; x_wconf 89' lang='lat' dir='ltr'>eopia,</span> <span class='ocrx_word' id='word_1_464' title='bbox 533 3385 575 3429; x_wconf 91' lang='grc'>00</span> <span class='ocrx_word' id='word_1_465' title='bbox 593 3364 634 3428; x_wconf 90' lang='lat' dir='ltr'>ad</span> <span class='ocrx_word' id='word_1_466' title='bbox 652 3363 816 3428; x_wconf 86' lang='lat' dir='ltr'>luxuriam</span> <span class='ocrx_word' id='word_1_467' title='bbox 835 3383 895 3428; x_wconf 92' lang='lat' dir='ltr'>nos</span> <span class='ocrx_word' id='word_1_468' title='bbox 916 3362 1070 3446; x_wconf 81' lang='lat' dir='ltr'>abripiet:</span> <span class='ocrx_word' id='word_1_469' title='bbox 1122 3363 1176 3428; x_wconf 88' lang='lat' dir='ltr'>ille</span> <span class='ocrx_word' id='word_1_470' title='bbox 1203 3364 1237 3427; x_wconf 87' lang='lat' dir='ltr'>in</span> <span class='ocrx_word' id='word_1_471' title='bbox 1264 3363 1354 3427; x_wconf 88' lang='lat' dir='ltr'>euius</span> <span class='ocrx_word' id='word_1_472' title='bbox 1384 3381 1483 3428; x_wconf 77' lang='lat' dir='ltr'>uranu</span> <span class='ocrx_word' id='word_1_473' title='bbox 1514 3363 1657 3426; x_wconf 86' lang='lat' dir='ltr'>inuentus</span> <span class='ocrx_word' id='word_1_474' title='bbox 1682 3366 1730 3426; x_wconf 90' lang='lat' dir='ltr'>est</span> <span class='ocrx_word' id='word_1_475' title='bbox 1759 3361 1901 3446; x_wconf 76' lang='lat' dir='ltr'>scyphus.</span> <span class='ocrx_word' id='word_1_476' title='bbox 1953 3366 2003 3430; x_wconf 91' lang='grc'>11.</span> <span class='ocrx_word' id='word_1_477' title='bbox 2033 3365 2095 3431; x_wconf 85' lang='lat' dir='ltr'>Ille</span> 
     </span>
     <span class='ocr_line' id='line_1_34' title="bbox 85 3446 2094 3533; baseline 0.001 -19"><span class='ocrx_word' id='word_1_478' title='bbox 85 3469 214 3514; x_wconf 88' lang='lat' dir='ltr'>rursus</span> <span class='ocrx_word' id='word_1_479' title='bbox 236 3447 416 3515; x_wconf 83' lang='lat' dir='ltr'>videndum</span> <span class='ocrx_word' id='word_1_480' title='bbox 437 3457 475 3514; x_wconf 90' lang='grc'>05</span> <span class='ocrx_word' id='word_1_481' title='bbox 495 3449 640 3533; x_wconf 86' lang='lat' dir='ltr'>inopiam</span> <span class='ocrx_word' id='word_1_482' title='bbox 663 3469 764 3532; x_wconf 87' lang='lat' dir='ltr'>aequo</span> <span class='ocrx_word' id='word_1_483' title='bbox 786 3449 895 3515; x_wconf 89' lang='lat' dir='ltr'>animo</span> <span class='ocrx_word' id='word_1_484' title='bbox 916 3447 1070 3514; x_wconf 83' lang='lat' dir='ltr'>feramus.</span> <span class='ocrx_word' id='word_1_485' title='bbox 1122 3453 1224 3513; x_wconf 85' lang='lat' dir='ltr'>autem</span> <span class='ocrx_word' id='word_1_486' title='bbox 1245 3448 1342 3513; x_wconf 72' lang='grc'><strong>05015.-</strong></span> <span class='ocrx_word' id='word_1_487' title='bbox 1363 3446 1457 3512; x_wconf 86' lang='lat' dir='ltr'>Absit</span> <span class='ocrx_word' id='word_1_488' title='bbox 1478 3468 1499 3511; x_wconf 92' lang='grc'>0</span> <span class='ocrx_word' id='word_1_489' title='bbox 1520 3467 1568 3511; x_wconf 87' lang='lat' dir='ltr'>me</span> <span class='ocrx_word' id='word_1_490' title='bbox 1589 3451 1625 3510; x_wconf 88' lang='lat' dir='ltr'>ut</span> <span class='ocrx_word' id='word_1_491' title='bbox 1642 3446 1761 3528; x_wconf 75' lang='lat' dir='ltr'>semem</span> <span class='ocrx_word' id='word_1_492' title='bbox 1782 3447 1851 3513; x_wconf 83' lang='lat' dir='ltr'>loe:</span> <span class='ocrx_word' id='word_1_493' title='bbox 1877 3450 1927 3513; x_wconf 86' lang='lat' dir='ltr'>vir</span> <span class='ocrx_word' id='word_1_494' title='bbox 1948 3451 1983 3515; x_wconf 91' lang='lat' dir='ltr'>in</span> <span class='ocrx_word' id='word_1_495' title='bbox 2003 3451 2094 3516; x_wconf 86' lang='lat' dir='ltr'>ouius</span> 
     </span>
     <span class='ocr_line' id='line_1_35' title="bbox 84 3531 2093 3618; baseline 0 -18"><span class='ocrx_word' id='word_1_496' title='bbox 84 3535 197 3600; x_wconf 86' lang='lat' dir='ltr'>Dioet</span> <span class='ocrx_word' id='word_1_497' title='bbox 229 3535 313 3600; x_wconf 85' lang='lat' dir='ltr'>forte</span> <span class='ocrx_word' id='word_1_498' title='bbox 345 3535 519 3618; x_wconf 87' lang='lat' dir='ltr'>quispiam,</span> <span class='ocrx_word' id='word_1_499' title='bbox 551 3536 627 3618; x_wconf 96' lang='grc'><strong>0100</strong></span> <span class='ocrx_word' id='word_1_500' title='bbox 660 3536 738 3600; x_wconf 86' lang='lat' dir='ltr'>satis</span> <span class='ocrx_word' id='word_1_501' title='bbox 770 3535 973 3618; x_wconf 88' lang='lat' dir='ltr'>ingeniosam</span> <span class='ocrx_word' id='word_1_502' title='bbox 1001 3555 1072 3600; x_wconf 89' lang='lat' dir='ltr'>esse</span> <span class='ocrx_word' id='word_1_503' title='bbox 1121 3553 1219 3599; x_wconf 89' lang='lat' dir='ltr'>menn</span> <span class='ocrx_word' id='word_1_504' title='bbox 1238 3534 1381 3598; x_wconf 83' lang='lat' dir='ltr'>iuventus</span> <span class='ocrx_word' id='word_1_505' title='bbox 1401 3538 1446 3597; x_wconf 89' lang='lat' dir='ltr'>est</span> <span class='ocrx_word' id='word_1_506' title='bbox 1472 3531 1621 3614; x_wconf 79' lang='grc'><strong>0000500,</strong></span> <span class='ocrx_word' id='word_1_507' title='bbox 1650 3532 1718 3612; x_wconf 77' lang='lat' dir='ltr'>ipse</span> <span class='ocrx_word' id='word_1_508' title='bbox 1737 3534 1797 3598; x_wconf 88' lang='lat' dir='ltr'>erit</span> <span class='ocrx_word' id='word_1_509' title='bbox 1816 3531 1896 3598; x_wconf 82' lang='lat' dir='ltr'>midi</span> <span class='ocrx_word' id='word_1_510' title='bbox 1922 3543 2093 3600; x_wconf 76' lang='lat' dir='ltr'>servuseet</span> 
     </span>
     <span class='ocr_line' id='line_1_36' title="bbox 83 3617 2093 3704; baseline 0 -18"><span class='ocrx_word' id='word_1_511' title='bbox 83 3640 233 3687; x_wconf 81' lang='lat' dir='ltr'>earnem</span> <span class='ocrx_word' id='word_1_512' title='bbox 263 3619 305 3684; x_wconf 89' lang='lat' dir='ltr'>ad</span> <span class='ocrx_word' id='word_1_513' title='bbox 332 3621 507 3686; x_wconf 79' lang='lat' dir='ltr'>iuuandum</span> <span class='ocrx_word' id='word_1_514' title='bbox 534 3620 664 3686; x_wconf 87' lang='lat' dir='ltr'>luxum:</span> <span class='ocrx_word' id='word_1_515' title='bbox 699 3619 834 3702; x_wconf 87' lang='lat' dir='ltr'>ideoque</span> <span class='ocrx_word' id='word_1_516' title='bbox 865 3619 966 3685; x_wconf 91' lang='lat' dir='ltr'>nihilo</span> <span class='ocrx_word' id='word_1_517' title='bbox 994 3619 1071 3704; x_wconf 88' lang='lat' dir='ltr'>plus</span> <span class='ocrx_word' id='word_1_518' title='bbox 1121 3639 1175 3685; x_wconf 88' lang='lat' dir='ltr'>uos</span> <span class='ocrx_word' id='word_1_519' title='bbox 1205 3619 1359 3686; x_wconf 81' lang='lat' dir='ltr'>osourdite</span> <span class='ocrx_word' id='word_1_520' title='bbox 1388 3619 1424 3682; x_wconf 90' lang='lat' dir='ltr'>in</span> <span class='ocrx_word' id='word_1_521' title='bbox 1449 3639 1530 3701; x_wconf 81' lang='lat' dir='ltr'>pene</span> <span class='ocrx_word' id='word_1_522' title='bbox 1561 3618 1604 3682; x_wconf 88' lang='lat' dir='ltr'>od</span> <span class='ocrx_word' id='word_1_523' title='bbox 1630 3622 1755 3700; x_wconf 80' lang='lat' dir='ltr'>petrem</span> <span class='ocrx_word' id='word_1_524' title='bbox 1786 3625 1930 3685; x_wconf 78' lang='lat' dir='ltr'>ossuum.</span> <span class='ocrx_word' id='word_1_525' title='bbox 1976 3621 2026 3686; x_wconf 88' lang='lat'>18.</span> <span class='ocrx_word' id='word_1_526' title='bbox 2049 3617 2093 3686; x_wconf 81' lang='lat' dir='ltr'>Et</span> 
     </span>
     <span class='ocr_line' id='line_1_37' title="bbox 82 3702 2091 3789; baseline -0.001 -17"><span class='ocrx_word' id='word_1_527' title='bbox 82 3727 166 3772; x_wconf 85' lang='lat' dir='ltr'>esse</span> <span class='ocrx_word' id='word_1_528' title='bbox 185 3705 237 3769; x_wconf 88' lang='lat' dir='ltr'>illi</span> <span class='ocrx_word' id='word_1_529' title='bbox 255 3704 399 3771; x_wconf 90' lang='lat' dir='ltr'>dandum</span> <span class='ocrx_word' id='word_1_530' title='bbox 417 3727 514 3789; x_wconf 91' lang='lat' dir='ltr'>qnam</span> <span class='ocrx_word' id='word_1_531' title='bbox 537 3706 713 3773; x_wconf 82' lang='lat' dir='ltr'>nenessitas</span> <span class='ocrx_word' id='word_1_532' title='bbox 734 3705 886 3788; x_wconf 88' lang='grc'><strong>00050105.</strong></span> <span class='ocrx_word' id='word_1_533' title='bbox 920 3707 965 3774; x_wconf 80' lang='lat' dir='ltr'>ldt</span> <span class='ocrx_word' id='word_1_534' title='bbox 982 3712 1071 3772; x_wconf 85' lang='lat' dir='ltr'>oerte</span> <span class='ocrx_word' id='word_1_535' title='bbox 1122 3707 1249 3771; x_wconf 80' lang='lat' dir='ltr'>necessit</span> <span class='ocrx_word' id='word_1_536' title='bbox 1265 3707 1308 3772; x_wconf 87' lang='lat' dir='ltr'>od</span> <span class='ocrx_word' id='word_1_537' title='bbox 1324 3725 1394 3770; x_wconf 91' lang='lat' dir='ltr'>eum</span> <span class='ocrx_word' id='word_1_538' title='bbox 1411 3702 1563 3781; x_wconf 81' lang='lat' dir='ltr'>Ieleuded,</span> <span class='ocrx_word' id='word_1_539' title='bbox 1585 3707 1614 3768; x_wconf 87' lang='lat' dir='ltr'>el</span> <span class='ocrx_word' id='word_1_540' title='bbox 1630 3704 1728 3769; x_wconf 78' lang='lat' dir='ltr'>dieii:</span> <span class='ocrx_word' id='word_1_541' title='bbox 1751 3703 1877 3785; x_wconf 77' lang='lat' dir='ltr'>Quaeso,</span> <span class='ocrx_word' id='word_1_542' title='bbox 1897 3705 2020 3772; x_wconf 75' lang='lat' dir='ltr'>deumne</span> <span class='ocrx_word' id='word_1_543' title='bbox 2037 3707 2091 3785; x_wconf 88' lang='lat' dir='ltr'>mi,</span> 
     </span>
     <span class='ocr_line' id='line_1_38' title="bbox 80 3787 2093 3875; baseline -0 -17"><span class='ocrx_word' id='word_1_544' title='bbox 80 3793 212 3870; x_wconf 86' lang='lat' dir='ltr'>fateor,</span> <span class='ocrx_word' id='word_1_545' title='bbox 235 3791 348 3856; x_wconf 88' lang='lat' dir='ltr'>sedulo</span> <span class='ocrx_word' id='word_1_546' title='bbox 369 3791 455 3875; x_wconf 93' lang='lat' dir='ltr'>qnod</span> <span class='ocrx_word' id='word_1_547' title='bbox 472 3791 663 3874; x_wconf 86' lang='lat' dir='ltr'>praeseribit</span> <span class='ocrx_word' id='word_1_548' title='bbox 685 3791 809 3857; x_wconf 89' lang='lat' dir='ltr'>Paulus</span> <span class='ocrx_word' id='word_1_549' title='bbox 833 3791 929 3857; x_wconf 88' lang='lat' dir='ltr'>Rom.</span> <span class='ocrx_word' id='word_1_550' title='bbox 950 3792 1000 3870; x_wconf 84' lang='lat'>13,</span> <span class='ocrx_word' id='word_1_551' title='bbox 1020 3792 1070 3857; x_wconf 89' lang='lat'>14.</span> <span class='ocrx_word' id='word_1_552' title='bbox 1121 3791 1267 3874; x_wconf 85' lang='lat' dir='ltr'>loquetur</span> <span class='ocrx_word' id='word_1_553' title='bbox 1283 3811 1397 3872; x_wconf 79' lang='lat' dir='ltr'>quaeso</span> <span class='ocrx_word' id='word_1_554' title='bbox 1412 3809 1521 3855; x_wconf 87' lang='lat' dir='ltr'>seruus</span> <span class='ocrx_word' id='word_1_555' title='bbox 1539 3793 1612 3855; x_wconf 88' lang='lat' dir='ltr'>tuus</span> <span class='ocrx_word' id='word_1_556' title='bbox 1628 3787 1752 3854; x_wconf 76' lang='lat' dir='ltr'>endum</span> <span class='ocrx_word' id='word_1_557' title='bbox 1768 3791 1803 3853; x_wconf 88' lang='lat' dir='ltr'>in</span> <span class='ocrx_word' id='word_1_558' title='bbox 1823 3789 1955 3855; x_wconf 76' lang='lat' dir='ltr'>eumdus</span> <span class='ocrx_word' id='word_1_559' title='bbox 1972 3791 2093 3857; x_wconf 84' lang='lat' dir='ltr'>dornini</span> 
     </span>
     <span class='ocr_line' id='line_1_39' title="bbox 80 3874 2091 3962; baseline -0.001 -18"><span class='ocrx_word' id='word_1_560' title='bbox 80 3875 297 3944; x_wconf 82' lang='lat' dir='ltr'>servandum</span> <span class='ocrx_word' id='word_1_561' title='bbox 320 3898 390 3943; x_wconf 90' lang='lat' dir='ltr'>esse</span> <span class='ocrx_word' id='word_1_562' title='bbox 412 3897 455 3941; x_wconf 90' lang='lat' dir='ltr'>no</span> <span class='ocrx_word' id='word_1_563' title='bbox 476 3877 564 3943; x_wconf 88' lang='lat' dir='ltr'>illins</span> <span class='ocrx_word' id='word_1_564' title='bbox 591 3897 704 3942; x_wconf 89' lang='lat' dir='ltr'>euram</span> <span class='ocrx_word' id='word_1_565' title='bbox 732 3895 868 3962; x_wconf 81' lang='lat' dir='ltr'>agamm</span> <span class='ocrx_word' id='word_1_566' title='bbox 889 3875 930 3942; x_wconf 84' lang='lat' dir='ltr'>ed</span> <span class='ocrx_word' id='word_1_567' title='bbox 952 3897 1070 3942; x_wconf 90' lang='lat' dir='ltr'>eonon·</span> <span class='ocrx_word' id='word_1_568' title='bbox 1121 3878 1200 3942; x_wconf 89' lang='lat' dir='ltr'>mei:</span> <span class='ocrx_word' id='word_1_569' title='bbox 1221 3880 1306 3942; x_wconf 87' lang='lat' dir='ltr'>etue</span> <span class='ocrx_word' id='word_1_570' title='bbox 1322 3879 1482 3942; x_wconf 82' lang='lat' dir='ltr'>irascetur</span> <span class='ocrx_word' id='word_1_571' title='bbox 1501 3875 1594 3957; x_wconf 81' lang='lat' dir='ltr'>furor</span> <span class='ocrx_word' id='word_1_572' title='bbox 1614 3879 1687 3939; x_wconf 85' lang='lat' dir='ltr'>tuus</span> <span class='ocrx_word' id='word_1_573' title='bbox 1704 3874 1736 3938; x_wconf 90' lang='lat' dir='ltr'>in</span> <span class='ocrx_word' id='word_1_574' title='bbox 1753 3893 1876 3939; x_wconf 87' lang='lat' dir='ltr'>seruum</span> <span class='ocrx_word' id='word_1_575' title='bbox 1893 3880 1998 3940; x_wconf 89' lang='lat' dir='ltr'>tuum:</span> <span class='ocrx_word' id='word_1_576' title='bbox 2014 3878 2091 3959; x_wconf 87' lang='lat' dir='ltr'>quio</span> 
     </span>
     <span class='ocr_line' id='line_1_40' title="bbox 78 3959 2092 4048; baseline -0.001 -18"><span class='ocrx_word' id='word_1_577' title='bbox 78 3963 285 4048; x_wconf 85' lang='lat' dir='ltr'>pisoentias.</span> <span class='ocrx_word' id='word_1_578' title='bbox 335 3962 401 4028; x_wconf 84' lang='lat' dir='ltr'>Sed</span> <span class='ocrx_word' id='word_1_579' title='bbox 432 3961 507 4045; x_wconf 88' lang='lat' dir='ltr'>quia</span> <span class='ocrx_word' id='word_1_580' title='bbox 540 3983 737 4048; x_wconf 85' lang='lat' dir='ltr'>magnopere</span> <span class='ocrx_word' id='word_1_581' title='bbox 770 3964 909 4026; x_wconf 87' lang='lat' dir='ltr'>interest</span> <span class='ocrx_word' id='word_1_582' title='bbox 941 3965 1070 4046; x_wconf 91' lang='lat' dir='ltr'>piorum</span> <span class='ocrx_word' id='word_1_583' title='bbox 1121 3967 1155 4027; x_wconf 87' lang='lat' dir='ltr'>tu</span> <span class='ocrx_word' id='word_1_584' title='bbox 1186 3962 1266 4027; x_wconf 77' lang='lat' dir='ltr'>siem</span> <span class='ocrx_word' id='word_1_585' title='bbox 1300 3959 1437 4027; x_wconf 82' lang='lat' dir='ltr'>Pdeme.</span> <span class='ocrx_word' id='word_1_586' title='bbox 1495 3961 1544 4026; x_wconf 87' lang='lat'>19.</span> <span class='ocrx_word' id='word_1_587' title='bbox 1578 3959 1735 4026; x_wconf 82' lang='lat' dir='ltr'>Dominus</span> <span class='ocrx_word' id='word_1_588' title='bbox 1766 3981 1854 4026; x_wconf 86' lang='lat' dir='ltr'>meus</span> <span class='ocrx_word' id='word_1_589' title='bbox 1891 3962 2092 4046; x_wconf 75' lang='lat' dir='ltr'>interrogauit</span> 
     </span>
     <span class='ocr_line' id='line_1_41' title="bbox 78 4044 2092 4132; baseline -0 -17"><span class='ocrx_word' id='word_1_590' title='bbox 78 4050 264 4127; x_wconf 87' lang='lat' dir='ltr'>omnium,</span> <span class='ocrx_word' id='word_1_591' title='bbox 291 4048 474 4131; x_wconf 85' lang='lat' dir='ltr'>tranquillis</span> <span class='ocrx_word' id='word_1_592' title='bbox 504 4046 713 4115; x_wconf 90' lang='lat' dir='ltr'>oonsoientiis</span> <span class='ocrx_word' id='word_1_593' title='bbox 742 4047 909 4132; x_wconf 91' lang='lat' dir='ltr'>pereipere</span> <span class='ocrx_word' id='word_1_594' title='bbox 937 4070 979 4113; x_wconf 88' lang='lat' dir='ltr'>ex</span> <span class='ocrx_word' id='word_1_595' title='bbox 1006 4049 1069 4114; x_wconf 89' lang='lat' dir='ltr'>Dei</span> <span class='ocrx_word' id='word_1_596' title='bbox 1120 4067 1226 4113; x_wconf 86' lang='lat' dir='ltr'>seruos</span> <span class='ocrx_word' id='word_1_597' title='bbox 1257 4067 1346 4126; x_wconf 80' lang='lat' dir='ltr'>seros,</span> <span class='ocrx_word' id='word_1_598' title='bbox 1378 4047 1517 4112; x_wconf 80' lang='lat' dir='ltr'>diceudo:</span> <span class='ocrx_word' id='word_1_599' title='bbox 1541 4044 1704 4126; x_wconf 82' lang='lat' dir='ltr'>Numquid</span> <span class='ocrx_word' id='word_1_600' title='bbox 1730 4050 1775 4110; x_wconf 84' lang='lat' dir='ltr'>est</span> <span class='ocrx_word' id='word_1_601' title='bbox 1806 4045 1892 4111; x_wconf 86' lang='lat' dir='ltr'>uobis</span> <span class='ocrx_word' id='word_1_602' title='bbox 1916 4052 2014 4127; x_wconf 80' lang='lat' dir='ltr'>peter</span> <span class='ocrx_word' id='word_1_603' title='bbox 2044 4048 2092 4114; x_wconf 87' lang='lat' dir='ltr'>uel</span> 
     </span>
     <span class='ocr_line' id='line_1_42' title="bbox 74 4127 2091 4219; baseline -0.001 -18"><span class='ocrx_word' id='word_1_604' title='bbox 74 4157 197 4201; x_wconf 87' lang='lat' dir='ltr'>manu</span> <span class='ocrx_word' id='word_1_605' title='bbox 226 4153 325 4198; x_wconf 90' lang='lat' dir='ltr'>suum</span> <span class='ocrx_word' id='word_1_606' title='bbox 354 4134 494 4215; x_wconf 85' lang='lat' dir='ltr'>vietum,</span> <span class='ocrx_word' id='word_1_607' title='bbox 527 4141 639 4200; x_wconf 88' lang='lat' dir='ltr'>tenere</span> <span class='ocrx_word' id='word_1_608' title='bbox 665 4152 797 4199; x_wconf 88' lang='lat' dir='ltr'>neeesse</span> <span class='ocrx_word' id='word_1_609' title='bbox 825 4139 875 4198; x_wconf 90' lang='lat' dir='ltr'>est</span> <span class='ocrx_word' id='word_1_610' title='bbox 903 4155 1070 4219; x_wconf 88' lang='lat' dir='ltr'>quousque</span> <span class='ocrx_word' id='word_1_611' title='bbox 1118 4132 1245 4216; x_wconf 77' lang='lat' dir='ltr'>freter?</span> <span class='ocrx_word' id='word_1_612' title='bbox 1278 4134 1329 4200; x_wconf 90' lang='lat'>20.</span> <span class='ocrx_word' id='word_1_613' title='bbox 1351 4127 1396 4198; x_wconf 78' lang='lat' dir='ltr'>et</span> <span class='ocrx_word' id='word_1_614' title='bbox 1415 4132 1558 4198; x_wconf 75' lang='lat' dir='ltr'>diximus</span> <span class='ocrx_word' id='word_1_615' title='bbox 1575 4131 1698 4197; x_wconf 89' lang='lat' dir='ltr'>domino</span> <span class='ocrx_word' id='word_1_616' title='bbox 1714 4151 1794 4196; x_wconf 81' lang='lat' dir='ltr'>nuo:</span> <span class='ocrx_word' id='word_1_617' title='bbox 1814 4127 1875 4196; x_wconf 77' lang='lat' dir='ltr'>Est</span> <span class='ocrx_word' id='word_1_618' title='bbox 1892 4131 1981 4198; x_wconf 84' lang='lat' dir='ltr'>nodis</span> <span class='ocrx_word' id='word_1_619' title='bbox 1995 4139 2091 4214; x_wconf 80' lang='lat' dir='ltr'>peter</span> 
     </span>
     <span class='ocr_line' id='line_1_43' title="bbox 73 4216 2091 4303; baseline -0.001 -17"><span class='ocrx_word' id='word_1_620' title='bbox 73 4221 205 4288; x_wconf 78' lang='lat' dir='ltr'>licitus</span> <span class='ocrx_word' id='word_1_621' title='bbox 223 4219 319 4303; x_wconf 86' lang='lat' dir='ltr'>penis</span> <span class='ocrx_word' id='word_1_622' title='bbox 341 4219 465 4285; x_wconf 83' lang='lat' dir='ltr'>etvini</span> <span class='ocrx_word' id='word_1_623' title='bbox 487 4241 566 4286; x_wconf 89' lang='lat' dir='ltr'>uses</span> <span class='ocrx_word' id='word_1_624' title='bbox 588 4241 623 4286; x_wconf 90' lang='lat' dir='ltr'>se</span> <span class='ocrx_word' id='word_1_625' title='bbox 645 4216 810 4285; x_wconf 87' lang='lat' dir='ltr'>extendat.</span> <span class='ocrx_word' id='word_1_626' title='bbox 1120 4239 1231 4301; x_wconf 80' lang='lat' dir='ltr'>senen,</span> <span class='ocrx_word' id='word_1_627' title='bbox 1253 4223 1381 4301; x_wconf 80' lang='lat' dir='ltr'>etpuer</span> <span class='ocrx_word' id='word_1_628' title='bbox 1401 4222 1585 4282; x_wconf 85' lang='lat' dir='ltr'>senedutum</span> <span class='ocrx_word' id='word_1_629' title='bbox 1600 4235 1739 4297; x_wconf 79' lang='lat' dir='ltr'>pomus,</span> <span class='ocrx_word' id='word_1_630' title='bbox 1770 4216 1870 4298; x_wconf 77' lang='lat' dir='ltr'>freter</span> <span class='ocrx_word' id='word_1_631' title='bbox 1897 4221 2000 4282; x_wconf 85' lang='lat' dir='ltr'>eutem</span> <span class='ocrx_word' id='word_1_632' title='bbox 2021 4221 2091 4285; x_wconf 87' lang='lat' dir='ltr'>eius</span> 
     </span>
     <span class='ocr_line' id='line_1_44' title="bbox 1120 4302 2089 4387; baseline 0 -18"><span class='ocrx_word' id='word_1_633' title='bbox 1120 4310 1263 4370; x_wconf 74' lang='lat' dir='ltr'>memus</span> <span class='ocrx_word' id='word_1_634' title='bbox 1279 4310 1337 4371; x_wconf 85' lang='lat' dir='ltr'>est:</span> <span class='ocrx_word' id='word_1_635' title='bbox 1353 4308 1381 4368; x_wconf 86' lang='lat' dir='ltr'>el</span> <span class='ocrx_word' id='word_1_636' title='bbox 1397 4303 1622 4385; x_wconf 83' lang='lat' dir='ltr'>renmnsilipse</span> <span class='ocrx_word' id='word_1_637' title='bbox 1638 4305 1759 4367; x_wconf 83' lang='lat' dir='ltr'>tuntum</span> <span class='ocrx_word' id='word_1_638' title='bbox 1770 4302 1866 4367; x_wconf 87' lang='lat' dir='ltr'>metri</span> <span class='ocrx_word' id='word_1_639' title='bbox 1882 4322 1967 4382; x_wconf 88' lang='lat' dir='ltr'>suae,</span> <span class='ocrx_word' id='word_1_640' title='bbox 1985 4305 2089 4387; x_wconf 87' lang='lat' dir='ltr'>itaque</span> 
     </span>
    </p>

    <p class='ocr_par' dir='ltr' id='par_1_3' title="bbox 1115 4384 2088 4474">
     <span class='ocr_line' id='line_1_45' title="bbox 1115 4384 2088 4474; baseline 0.001 -20"><span class='ocrx_word' id='word_1_641' title='bbox 1115 4396 1209 4474; x_wconf 82' lang='lat' dir='ltr'>puter</span> <span class='ocrx_word' id='word_1_642' title='bbox 1236 4390 1305 4456; x_wconf 90' lang='lat' dir='ltr'>eius</span> <span class='ocrx_word' id='word_1_643' title='bbox 1332 4389 1438 4472; x_wconf 76' lang='lat' dir='ltr'>diligit</span> <span class='ocrx_word' id='word_1_644' title='bbox 1463 4408 1542 4453; x_wconf 90' lang='lat' dir='ltr'>eum.</span> <span class='ocrx_word' id='word_1_645' title='bbox 1592 4387 1643 4452; x_wconf 90' lang='lat'>21.</span> <span class='ocrx_word' id='word_1_646' title='bbox 1673 4384 1718 4452; x_wconf 85' lang='lat' dir='ltr'>Et</span> <span class='ocrx_word' id='word_1_647' title='bbox 1745 4387 1855 4452; x_wconf 82' lang='lat' dir='ltr'>diristi</span> <span class='ocrx_word' id='word_1_648' title='bbox 1882 4391 1982 4454; x_wconf 88' lang='lat' dir='ltr'>seruis</span> <span class='ocrx_word' id='word_1_649' title='bbox 2009 4391 2088 4456; x_wconf 86' lang='lat' dir='ltr'>tuis:</span> 
     </span>
    </p>

    <p class='ocr_par' dir='ltr' id='par_1_4' title="bbox 508 4474 2089 4559">
     <span class='ocr_line' id='line_1_46' title="bbox 508 4474 2089 4559; baseline -0.002 -16"><span class='ocrx_word' id='word_1_650' title='bbox 508 4515 513 4526; x_wconf 93' lang='lat'>·</span> <span class='ocrx_word' id='word_1_651' title='bbox 1120 4474 1312 4541; x_wconf 88' lang='lat' dir='ltr'>Desoeudere</span> <span class='ocrx_word' id='word_1_652' title='bbox 1332 4476 1425 4559; x_wconf 75' lang='lat' dir='ltr'>serite</span> <span class='ocrx_word' id='word_1_653' title='bbox 1442 4494 1512 4540; x_wconf 89' lang='lat' dir='ltr'>eum</span> <span class='ocrx_word' id='word_1_654' title='bbox 1528 4474 1571 4539; x_wconf 88' lang='lat' dir='ltr'>ed</span> <span class='ocrx_word' id='word_1_655' title='bbox 1591 4493 1647 4551; x_wconf 93' lang='lat' dir='ltr'>me,</span> <span class='ocrx_word' id='word_1_656' title='bbox 1672 4478 1700 4536; x_wconf 87' lang='lat' dir='ltr'>et</span> <span class='ocrx_word' id='word_1_657' title='bbox 1715 4493 1832 4553; x_wconf 82' lang='lat' dir='ltr'>penem</span> <span class='ocrx_word' id='word_1_658' title='bbox 1849 4475 1970 4538; x_wconf 77' lang='lat' dir='ltr'>mmum</span> <span class='ocrx_word' id='word_1_659' title='bbox 1987 4495 2089 4540; x_wconf 90' lang='lat' dir='ltr'>meum</span> 
     </span>
    </p>

    <p class='ocr_par' dir='ltr' id='par_1_5' title="bbox 433 4558 2088 4643">
     <span class='ocr_line' id='line_1_47' title="bbox 433 4558 2088 4643; baseline -0.001 -15"><span class='ocrx_word' id='word_1_660' title='bbox 433 4560 584 4628; x_wconf 70' lang='lat' dir='ltr'>OAPUT</span> <span class='ocrx_word' id='word_1_661' title='bbox 605 4559 735 4627; x_wconf 80' lang='lat' dir='ltr'>XLIV.</span> <span class='ocrx_word' id='word_1_662' title='bbox 1119 4581 1214 4643; x_wconf 84' lang='lat' dir='ltr'>super</span> <span class='ocrx_word' id='word_1_663' title='bbox 1234 4581 1312 4628; x_wconf 89' lang='lat' dir='ltr'>eum.</span> <span class='ocrx_word' id='word_1_664' title='bbox 1357 4561 1408 4626; x_wconf 89' lang='lat'>22.</span> <span class='ocrx_word' id='word_1_665' title='bbox 1433 4559 1664 4642; x_wconf 83' lang='lat' dir='ltr'>Respondimus</span> <span class='ocrx_word' id='word_1_666' title='bbox 1682 4577 1753 4623; x_wconf 86' lang='lat' dir='ltr'>vero</span> <span class='ocrx_word' id='word_1_667' title='bbox 1773 4558 1896 4624; x_wconf 87' lang='lat' dir='ltr'>domino</span> <span class='ocrx_word' id='word_1_668' title='bbox 1916 4579 1996 4624; x_wconf 87' lang='lat' dir='ltr'>mee:</span> <span class='ocrx_word' id='word_1_669' title='bbox 2014 4560 2088 4626; x_wconf 88' lang='lat' dir='ltr'>Non</span> 
     </span>
    </p>

    <p class='ocr_par' dir='ltr' id='par_1_6' title="bbox 1116 4644 2090 4728">
     <span class='ocr_line' id='line_1_48' title="bbox 1116 4644 2090 4728; baseline 0.001 -16"><span class='ocrx_word' id='word_1_670' title='bbox 1116 4652 1218 4728; x_wconf 84' lang='lat' dir='ltr'>petest</span> <span class='ocrx_word' id='word_1_671' title='bbox 1233 4667 1314 4728; x_wconf 85' lang='lat' dir='ltr'>puer</span> <span class='ocrx_word' id='word_1_672' title='bbox 1334 4647 1507 4728; x_wconf 85' lang='lat' dir='ltr'>relinquere</span> <span class='ocrx_word' id='word_1_673' title='bbox 1527 4649 1653 4726; x_wconf 78' lang='lat' dir='ltr'>putrem</span> <span class='ocrx_word' id='word_1_674' title='bbox 1681 4663 1790 4721; x_wconf 87' lang='lat' dir='ltr'>suum,</span> <span class='ocrx_word' id='word_1_675' title='bbox 1819 4644 1899 4708; x_wconf 83' lang='lat' dir='ltr'>etsi</span> <span class='ocrx_word' id='word_1_676' title='bbox 1926 4647 2090 4728; x_wconf 84' lang='lat' dir='ltr'>reliquerit</span> 
     </span>
    </p>

    <p class='ocr_par' dir='ltr' id='par_1_7' title="bbox 56 4729 2088 5423">
     <span class='ocr_line' id='line_1_49' title="bbox 180 4729 2088 4817; baseline 0.001 -20"><span class='ocrx_word' id='word_1_677' title='bbox 180 4733 212 4798; x_wconf 86' lang='lat'>1.</span> <span class='ocrx_word' id='word_1_678' title='bbox 236 4731 282 4797; x_wconf 86' lang='lat' dir='ltr'>Et</span> <span class='ocrx_word' id='word_1_679' title='bbox 305 4733 463 4814; x_wconf 78' lang='lat' dir='ltr'>praecepit</span> <span class='ocrx_word' id='word_1_680' title='bbox 485 4732 642 4817; x_wconf 79' lang='lat' dir='ltr'>pruefemo</span> <span class='ocrx_word' id='word_1_681' title='bbox 669 4733 781 4799; x_wconf 89' lang='lat' dir='ltr'>domus</span> <span class='ocrx_word' id='word_1_682' title='bbox 807 4753 899 4814; x_wconf 83' lang='grc'><strong>0000,</strong></span> <span class='ocrx_word' id='word_1_683' title='bbox 927 4735 1071 4802; x_wconf 74' lang='lat' dir='ltr'>dicendo:</span> <span class='ocrx_word' id='word_1_684' title='bbox 1113 4737 1239 4814; x_wconf 81' lang='lat' dir='ltr'>putrem</span> <span class='ocrx_word' id='word_1_685' title='bbox 1260 4751 1363 4812; x_wconf 88' lang='lat' dir='ltr'>sunm,</span> <span class='ocrx_word' id='word_1_686' title='bbox 1383 4731 1540 4796; x_wconf 87' lang='lat' dir='ltr'>morietur.</span> <span class='ocrx_word' id='word_1_687' title='bbox 1585 4731 1636 4795; x_wconf 91' lang='lat'>23.</span> <span class='ocrx_word' id='word_1_688' title='bbox 1663 4730 1713 4794; x_wconf 80' lang='lat' dir='ltr'>Tu</span> <span class='ocrx_word' id='word_1_689' title='bbox 1735 4735 1838 4795; x_wconf 88' lang='lat' dir='ltr'>eutem</span> <span class='ocrx_word' id='word_1_690' title='bbox 1858 4729 1969 4796; x_wconf 77' lang='lat' dir='ltr'>diuidi</span> <span class='ocrx_word' id='word_1_691' title='bbox 1990 4734 2088 4798; x_wconf 85' lang='lat' dir='ltr'>seruis</span> 
     </span>
     <span class='ocr_line' id='line_1_50' title="bbox 65 4814 2085 4903; baseline -0.002 -14"><span class='ocrx_word' id='word_1_692' title='bbox 65 4819 198 4903; x_wconf 79' lang='lat' dir='ltr'>Imple</span> <span class='ocrx_word' id='word_1_693' title='bbox 220 4838 325 4885; x_wconf 83' lang='lat' dir='ltr'>suecos</span> <span class='ocrx_word' id='word_1_694' title='bbox 344 4819 484 4884; x_wconf 85' lang='lat' dir='ltr'>virorum</span> <span class='ocrx_word' id='word_1_695' title='bbox 506 4837 590 4897; x_wconf 81' lang='grc'><strong>0000,</strong></span> <span class='ocrx_word' id='word_1_696' title='bbox 624 4823 774 4902; x_wconf 72' lang='lat' dir='ltr'>quantem</span> <span class='ocrx_word' id='word_1_697' title='bbox 798 4821 957 4900; x_wconf 84' lang='lat' dir='ltr'>potuerint</span> <span class='ocrx_word' id='word_1_698' title='bbox 975 4820 1069 4903; x_wconf 80' lang='lat' dir='ltr'>ferre,</span> <span class='ocrx_word' id='word_1_699' title='bbox 1118 4819 1199 4884; x_wconf 87' lang='lat' dir='ltr'>tuis:</span> <span class='ocrx_word' id='word_1_700' title='bbox 1223 4818 1301 4884; x_wconf 86' lang='lat' dir='ltr'>Nisi</span> <span class='ocrx_word' id='word_1_701' title='bbox 1322 4816 1481 4884; x_wconf 76' lang='lat' dir='ltr'>desmndm</span> <span class='ocrx_word' id='word_1_702' title='bbox 1507 4815 1609 4897; x_wconf 73' lang='lat' dir='ltr'>freter</span> <span class='ocrx_word' id='word_1_703' title='bbox 1629 4819 1729 4881; x_wconf 83' lang='lat' dir='ltr'>uester</span> <span class='ocrx_word' id='word_1_704' title='bbox 1748 4814 1900 4880; x_wconf 88' lang='lat' dir='ltr'>minimus</span> <span class='ocrx_word' id='word_1_705' title='bbox 1919 4816 2085 4898; x_wconf 81' lang='lat' dir='ltr'>uelismm,</span> 
     </span>
     <span class='ocr_line' id='line_1_51' title="bbox 61 4899 2086 4990; baseline 0.002 -22"><span class='ocrx_word' id='word_1_706' title='bbox 61 4915 98 4978; x_wconf 68' lang='lat' dir='ltr'>et</span> <span class='ocrx_word' id='word_1_707' title='bbox 133 4923 232 4989; x_wconf 76' lang='lat' dir='ltr'>perte</span> <span class='ocrx_word' id='word_1_708' title='bbox 266 4905 434 4986; x_wconf 82' lang='lat' dir='ltr'>pecuniam</span> <span class='ocrx_word' id='word_1_709' title='bbox 466 4905 711 4986; x_wconf 80' lang='lat' dir='ltr'>uniuscuiusque</span> <span class='ocrx_word' id='word_1_710' title='bbox 741 4907 775 4970; x_wconf 92' lang='lat' dir='ltr'>in</span> <span class='ocrx_word' id='word_1_711' title='bbox 808 4925 860 4970; x_wconf 89' lang='lat' dir='ltr'>ore</span> <span class='ocrx_word' id='word_1_712' title='bbox 892 4907 975 4972; x_wconf 85' lang='lat' dir='ltr'>semi</span> <span class='ocrx_word' id='word_1_713' title='bbox 1005 4907 1067 4972; x_wconf 88' lang='lat' dir='ltr'>sui.</span> <span class='ocrx_word' id='word_1_714' title='bbox 1119 4924 1157 4968; x_wconf 89' lang='lat' dir='ltr'>ne</span> <span class='ocrx_word' id='word_1_715' title='bbox 1178 4904 1306 4970; x_wconf 83' lang='lat' dir='ltr'>addetis</span> <span class='ocrx_word' id='word_1_716' title='bbox 1326 4909 1362 4968; x_wconf 87' lang='grc'>05</span> <span class='ocrx_word' id='word_1_717' title='bbox 1380 4902 1516 4968; x_wconf 83' lang='lat' dir='ltr'>uideatis</span> <span class='ocrx_word' id='word_1_718' title='bbox 1534 4901 1648 4983; x_wconf 76' lang='lat' dir='ltr'>faeiem</span> <span class='ocrx_word' id='word_1_719' title='bbox 1665 4921 1772 4967; x_wconf 79' lang='lat' dir='ltr'>uuam</span> <span class='ocrx_word' id='word_1_720' title='bbox 1808 4901 1860 4966; x_wconf 87' lang='lat'>24.</span> <span class='ocrx_word' id='word_1_721' title='bbox 1880 4899 1960 4966; x_wconf 84' lang='lat' dir='ltr'>Fuit</span> <span class='ocrx_word' id='word_1_722' title='bbox 1979 4904 2086 4990; x_wconf 74' lang='lat' dir='ltr'>igitur,</span> 
     </span>
     <span class='ocr_line' id='line_1_52' title="bbox 60 4987 2087 5074; baseline -0 -17"><span class='ocrx_word' id='word_1_723' title='bbox 60 4999 101 5063; x_wconf 86' lang='lat'>2.</span> <span class='ocrx_word' id='word_1_724' title='bbox 132 4990 193 5057; x_wconf 80' lang='lat' dir='ltr'>Er</span> <span class='ocrx_word' id='word_1_725' title='bbox 215 4989 365 5072; x_wconf 75' lang='grc'><strong>00005000</strong></span> <span class='ocrx_word' id='word_1_726' title='bbox 389 5009 507 5069; x_wconf 91' lang='lat' dir='ltr'>meum,</span> <span class='ocrx_word' id='word_1_727' title='bbox 535 4989 683 5074; x_wconf 69' lang='lat' dir='ltr'>tenplum</span> <span class='ocrx_word' id='word_1_728' title='bbox 710 4994 902 5074; x_wconf 76' lang='lat' dir='ltr'>argenteum,</span> <span class='ocrx_word' id='word_1_729' title='bbox 928 5011 1012 5074; x_wconf 79' lang='lat' dir='ltr'>pene</span> <span class='ocrx_word' id='word_1_730' title='bbox 1033 4993 1069 5058; x_wconf 91' lang='lat' dir='ltr'>in</span> <span class='ocrx_word' id='word_1_731' title='bbox 1118 4990 1242 5071; x_wconf 86' lang='lat' dir='ltr'>quondo</span> <span class='ocrx_word' id='word_1_732' title='bbox 1264 4989 1462 5055; x_wconf 74' lang='lat' dir='ltr'>escendimus</span> <span class='ocrx_word' id='word_1_733' title='bbox 1481 4987 1524 5052; x_wconf 88' lang='lat' dir='ltr'>nd</span> <span class='ocrx_word' id='word_1_734' title='bbox 1545 5006 1667 5053; x_wconf 85' lang='lat' dir='ltr'>seruum</span> <span class='ocrx_word' id='word_1_735' title='bbox 1683 4991 1771 5051; x_wconf 86' lang='lat' dir='ltr'>tuum</span> <span class='ocrx_word' id='word_1_736' title='bbox 1783 4991 1909 5068; x_wconf 82' lang='lat' dir='ltr'>patrem</span> <span class='ocrx_word' id='word_1_737' title='bbox 1926 4997 2087 5069; x_wconf 80' lang='lat' dir='ltr'>meumst</span> 
     </span>
     <span class='ocr_line' id='line_1_53' title="bbox 59 5071 2086 5161; baseline -0.002 -13"><span class='ocrx_word' id='word_1_738' title='bbox 59 5101 129 5148; x_wconf 87' lang='lat' dir='ltr'>ore</span> <span class='ocrx_word' id='word_1_739' title='bbox 150 5077 249 5142; x_wconf 71' lang='lat' dir='ltr'>saeos·</span> <span class='ocrx_word' id='word_1_740' title='bbox 268 5075 420 5155; x_wconf 71' lang='grc' dir='ltr'><strong>10010οζ0,</strong></span> <span class='ocrx_word' id='word_1_741' title='bbox 441 5080 468 5142; x_wconf 83' lang='grc'>05</span> <span class='ocrx_word' id='word_1_742' title='bbox 486 5077 653 5157; x_wconf 77' lang='lat' dir='ltr'>pecuniam</span> <span class='ocrx_word' id='word_1_743' title='bbox 674 5075 816 5142; x_wconf 81' lang='lat' dir='ltr'>alimenti</span> <span class='ocrx_word' id='word_1_744' title='bbox 837 5077 923 5142; x_wconf 88' lang='lat' dir='ltr'>eius:</span> <span class='ocrx_word' id='word_1_745' title='bbox 949 5079 1071 5161; x_wconf 80' lang='lat' dir='ltr'>etfacit</span> <span class='ocrx_word' id='word_1_746' title='bbox 1118 5075 1321 5140; x_wconf 82' lang='lat' dir='ltr'>uemueimus</span> <span class='ocrx_word' id='word_1_747' title='bbox 1349 5075 1378 5138; x_wconf 90' lang='lat' dir='ltr'>ei</span> <span class='ocrx_word' id='word_1_748' title='bbox 1405 5073 1497 5138; x_wconf 80' lang='grc'><strong>0050</strong></span> <span class='ocrx_word' id='word_1_749' title='bbox 1523 5072 1643 5138; x_wconf 88' lang='lat' dir='ltr'>domiui</span> <span class='ocrx_word' id='word_1_750' title='bbox 1670 5073 1746 5152; x_wconf 91' lang='lat' dir='ltr'>mei,</span> <span class='ocrx_word' id='word_1_751' title='bbox 1790 5071 1842 5139; x_wconf 84' lang='lat'>25.</span> <span class='ocrx_word' id='word_1_752' title='bbox 1872 5073 1969 5138; x_wconf 74' lang='lat' dir='ltr'>Dixit</span> <span class='ocrx_word' id='word_1_753' title='bbox 1991 5081 2086 5156; x_wconf 79' lang='lat' dir='ltr'>puter</span> 
     </span>
     <span class='ocr_line' id='line_1_54' title="bbox 56 5157 2086 5246; baseline -0 -19"><span class='ocrx_word' id='word_1_754' title='bbox 56 5159 268 5236; x_wconf 61' lang='lat' dir='ltr'>mundum</span> <span class='ocrx_word' id='word_1_755' title='bbox 309 5159 433 5226; x_wconf 83' lang='lat' dir='ltr'>verdum</span> <span class='ocrx_word' id='word_1_756' title='bbox 476 5161 589 5245; x_wconf 77' lang='lat' dir='ltr'>Ioseph</span> <span class='ocrx_word' id='word_1_757' title='bbox 638 5161 721 5246; x_wconf 81' lang='lat' dir='ltr'>qued</span> <span class='ocrx_word' id='word_1_758' title='bbox 769 5162 913 5244; x_wconf 77' lang='grc'><strong>10000500</strong></span> <span class='ocrx_word' id='word_1_759' title='bbox 953 5164 1067 5245; x_wconf 81' lang='lat' dir='ltr'>fueret.</span> <span class='ocrx_word' id='word_1_760' title='bbox 1117 5165 1232 5225; x_wconf 77' lang='grc' dir='ltr'><strong>0005οι</strong></span> <span class='ocrx_word' id='word_1_761' title='bbox 1250 5160 1466 5238; x_wconf 85' lang='lat' dir='ltr'>Reuertimini,</span> <span class='ocrx_word' id='word_1_762' title='bbox 1484 5157 1573 5223; x_wconf 81' lang='lat' dir='ltr'>eruite</span> <span class='ocrx_word' id='word_1_763' title='bbox 1589 5157 1676 5223; x_wconf 84' lang='lat' dir='ltr'>nobis</span> <span class='ocrx_word' id='word_1_764' title='bbox 1686 5159 1842 5239; x_wconf 76' lang='lat' dir='ltr'>prndium</span> <span class='ocrx_word' id='word_1_765' title='bbox 1855 5178 1949 5224; x_wconf 80' lang='lat' dir='ltr'>esem.</span> <span class='ocrx_word' id='word_1_766' title='bbox 1977 5159 2029 5226; x_wconf 83' lang='grc'>26.</span> <span class='ocrx_word' id='word_1_767' title='bbox 2042 5161 2086 5226; x_wconf 81' lang='lat' dir='ltr'>Er</span> 
     </span>
     <span class='ocr_line' id='line_1_55' title="bbox 56 5244 2085 5328; baseline 0.003 -22"><span class='ocrx_word' id='word_1_768' title='bbox 56 5283 303 5306; x_wconf 80' lang='grc'>...----</span> <span class='ocrx_word' id='word_1_769' title='bbox 1117 5246 1276 5311; x_wconf 72' lang='lat' dir='ltr'>diximus:</span> <span class='ocrx_word' id='word_1_770' title='bbox 1299 5245 1372 5311; x_wconf 88' lang='lat' dir='ltr'>Nm</span> <span class='ocrx_word' id='word_1_771' title='bbox 1393 5263 1565 5327; x_wconf 73' lang='lat' dir='ltr'>posuimus</span> <span class='ocrx_word' id='word_1_772' title='bbox 1591 5244 1785 5310; x_wconf 87' lang='lat' dir='ltr'>descendere:</span> <span class='ocrx_word' id='word_1_773' title='bbox 1813 5245 1843 5308; x_wconf 84' lang='lat' dir='ltr'>si</span> <span class='ocrx_word' id='word_1_774' title='bbox 1869 5244 1968 5325; x_wconf 81' lang='lat' dir='ltr'>fuerit</span> <span class='ocrx_word' id='word_1_775' title='bbox 1985 5245 2085 5328; x_wconf 77' lang='lat' dir='ltr'>freter</span> 
     </span>
     <span class='ocr_line' id='line_1_56' title="bbox 149 5329 2085 5423; baseline -0.003 -18"><span class='ocrx_word' id='word_1_776' title='bbox 149 5354 192 5423; x_wconf 94' lang='lat'>1)</span> <span class='ocrx_word' id='word_1_777' title='bbox 213 5345 289 5405; x_wconf 69' lang='lat' dir='ltr'>Mire</span> <span class='ocrx_word' id='word_1_778' title='bbox 305 5349 416 5405; x_wconf 77' lang='lat' dir='ltr'>eonem</span> <span class='ocrx_word' id='word_1_779' title='bbox 432 5349 492 5405; x_wconf 73' lang='lat' dir='ltr'>aad.</span> <span class='ocrx_word' id='word_1_780' title='bbox 509 5350 540 5404; x_wconf 79' lang='lat' dir='ltr'>m</span> <span class='ocrx_word' id='word_1_781' title='bbox 559 5349 607 5405; x_wconf 81' lang='grc'>500</span> <span class='ocrx_word' id='word_1_782' title='bbox 624 5349 760 5408; x_wconf 71' lang='lat' dir='ltr'>neomuto</span> <span class='ocrx_word' id='word_1_783' title='bbox 1117 5337 1219 5398; x_wconf 74' lang='grc'><strong>000500</strong></span> <span class='ocrx_word' id='word_1_784' title='bbox 1238 5331 1390 5398; x_wconf 89' lang='lat' dir='ltr'>minimus</span> <span class='ocrx_word' id='word_1_785' title='bbox 1409 5330 1577 5410; x_wconf 75' lang='lat' dir='ltr'>monum,</span> <span class='ocrx_word' id='word_1_786' title='bbox 1597 5329 1826 5396; x_wconf 75' lang='lat' dir='ltr'>descendemus:</span> <span class='ocrx_word' id='word_1_787' title='bbox 1845 5329 1922 5411; x_wconf 78' lang='grc'><strong>0010</strong></span> <span class='ocrx_word' id='word_1_788' title='bbox 1938 5350 2000 5396; x_wconf 91' lang='lat' dir='ltr'>non</span> <span class='ocrx_word' id='word_1_789' title='bbox 2010 5353 2085 5414; x_wconf 81' lang='lat' dir='ltr'>pes-</span> 
     </span>
    </p>
   </div>
   <div class='ocr_carea' id='block_1_3' title="bbox 150 5429 1880 5504">
    <p class='ocr_par' dir='ltr' id='par_1_8' title="bbox 150 5429 1880 5504">
     <span class='ocr_line' id='line_1_57' title="bbox 150 5429 1880 5504; baseline -0.008 -8"><span class='ocrx_word' id='word_1_790' title='bbox 150 5433 279 5495; x_wconf 60' lang='grc'><strong>0010151</strong></span> <span class='ocrx_word' id='word_1_791' title='bbox 293 5447 386 5504; x_wconf 75' lang='lat' dir='ltr'>operm</span> <span class='ocrx_word' id='word_1_792' title='bbox 428 5435 484 5492; x_wconf 83' lang='lat' dir='ltr'>Vel.</span> <span class='ocrx_word' id='word_1_793' title='bbox 501 5433 625 5492; x_wconf 81' lang='lat' dir='ltr'>XXIII.</span> <span class='ocrx_word' id='word_1_794' title='bbox 1846 5429 1880 5483; x_wconf 85' lang='grc'>35</span> 
     </span>
    </p>
   </div>
   <div class='ocr_carea' id='block_1_4' title="bbox 0 0 2498 6192">
    <p class='ocr_par' dir='ltr' id='par_1_9' title="bbox 0 0 2498 6192">
     <span class='ocr_line' id='line_1_58' title="bbox 0 0 2498 6192; baseline 0 7"><span class='ocrx_word' id='word_1_795' title='bbox 0 0 2498 6192; x_wconf 95' lang='lat' dir='ltr'> </span> 
     </span>
    </p>
   </div>
  </div>
 </body>
</html>
