4988 6192
112 443 175 508 445
773 435 1146 506 COMMENTARIUS
1168 437 1218 502 IN
1241 434 1456 502 GENESIN.
2047 440 2113 504 446
2133 515 2136 520 ¹

113 628 188 713 quia
217 626 477 695 benedictionem
501 624 543 690 ab
572 645 610 692 eo
636 625 734 708 petit,
763 645 860 707 quam
889 625 930 690 ab
955 624 1087 691 homine
1138 623 1283 692 nondum
1306 635 1474 689 maturum
1491 635 1566 689 erat
1594 631 1724 708 tempus
1750 625 1867 708 plenae
1890 625 2111 692 revelationis.

111 714 244 816 mortali
275 712 466 864 ιιιιΓιιοιιοι·
492 721 604 794 petere
634 732 699 777 non
734 709 861 778 licebat.
919 709 974 777 Sic
1000 709 1087 798 (mec
1138 710 1223 776 Nam
1248 722 1357 794 patres
1384 709 1479 775 initio
1503 710 1651 810 'oportuit
1678 711 2014 812 in·exigua·aurorac
2035 712 2109 812 lnce

112 795 654 887 rudrcro)1ntelrgrdebet0seae
680 797 771 864 locus
792 817 860 880 cap.
886 795 935 877 12,
957 797 987 862 3.
1028 796 1087 862 Iu·
1138 796 1321 862 ambulare:
1350 803 1384 860 et
1412 794 1575 861 Dominus
1604 793 1764 879 gradmm
1796 817 1832 862 se
1858 796 1925 865 rlhe
1945 797 2107 882 patefecit,

112 887 218 952 valuit
239 886 338 952 Iacob
358 904 439 969 prae
459 884 587 968 angelo,
610 893 643 948 et
664 883 835 950 roboratus
857 891 916 960 est,
939 882 1034 949 flevit
1053 890 1087 948 et
1139 882 1240 948 donec
1262 881 1395 946 tandem
1418 890 1552 946 exortus
1575 893 1623 947 est
1646 881 1694 946 sol
1715 881 1859 948 iustitiae
1881 882 2052 960 Christus,
2074 885 2108 948 iu

112 973 243 1058 rogavit
268 990 353 1036 eum.
397 969 572 1054 Significat
600 968 688 1034 enim
717 967 893 1052 propheta,
915 977 1086 1051 postquam
1137 989 1202 1051 quo
1228 968 1390 1050 perlectus
1413 976 1550 1049 apparet
1575 966 1692 1048 fulgor.
1737 967 1830 1032 Haec
1858 969 1942 1033 ratio
1972 978 2024 1034 est
2049 990 2109 1035 our

113 1060 221 1124 victor
243 1063 392 1122 evaserat
410 1055 523 1137 Iacob,
550 1054 729 1140 supplicem
753 1065 865 1120 tamea
882 1052 984 1120 fuisse
1005 1054 1086 1132 Deo,
1137 1075 1173 1119 se
1196 1053 1302 1138 magis
1330 1053 1540 1135 conspicuum
1570 1051 1755 1118 exhibuerit
1777 1055 1879 1133 Mosi,
1913 1053 1968 1121 oui
1996 1065 2108 1120 tamen

112 1156 249 1210 etcum
278 1141 431 1227 lacrymis
460 1149 637 1222 precatum.
698 1140 872 1206 Caeterum
911 1139 1004 1205 docet
1032 1140 1086 1206 hic
1138 1137 1249 1204 datum
1265 1159 1332 1204 non
1355 1149 1405 1202 est
1421 1138 1509 1202 illius
1526 1137 1666 1223 gloriam
1688 1140 1875 1222 conspicere
1893 1141 1956 1206 nisi
1976 1161 1996 1204 a
2013 1153 2107 1224 tergo

111 1230 202 1295 loons
229 1249 359 1310 semper
385 1227 481 1292 nobis
502 1226 720 1310 expetendam
749 1247 821 1290 esse
843 1223 906 1290 Dei
935 1223 1086 1291 benedic-
1137 1223 1213 1310 (Ex.
1228 1224 1287 1301 63,
1311 1222 1375 1308 23).
1417 1223 1483 1288 Sed
1502 1227 1577 1306 quia
1598 1226 1684 1289 inter
1706 1225 1908 1306 patriarchas
1929 1233 1963 1290 ct
1982 1237 2108 1308 aposto-

111 1317 247 1392 tionem,
271 1313 420 1396 quamvis
441 1331 545 1394 usque
567 1310 610 1376 ad
630 1312 851 1377 membrorum
873 1311 1086 1387 luxationem,
1137 1313 1185 1376 los
1211 1308 1338 1375 medius
1366 1318 1449 1387 erat,
1479 1307 1605 1386 Deum,
1642 1310 1697 1392 qui
1722 1311 1869 1393 patribus
1897 1310 2106 1377 absconditus

112 1401 230 1464 duram
251 1410 285 1463 οι
313 1419 448 1482 gravem
478 1398 549 1463 eius
577 1399 797 1480 praesentiam
822 1398 950 1480 experti
972 1398 1083 1463 simus.
1137 1397 1243 1462 fuerat
1264 1397 1346 1460 facie
1364 1394 1538 1460 adfaciem
1556 1394 1854 1479 vidissepraeillis
1875 1396 1994 1462 dicitur
2015 1395 2107 1482 (ibid.

111 1486 200 1551 Nam
221 1485 297 1551 filiis
314 1485 378 1550 Dei
395 1485 493 1566 longe
510 1491 664 1566 praestat,
682 1483 815 1548 mutilos
833 1492 867 1548 et
884 1483 1085 1550 semifractos
1138 1481 1200 1568 12).
1252 1480 1324 1546 Iam
1355 1501 1456 1563 quum
1485 1482 1526 1546 ad
1554 1501 1612 1548 nos
1643 1482 1776 1566 propius
1805 1487 1976 1549 accesserit
2005 1484 2106 1562 Deus,

111 1593 131 1636 a
152 1573 226 1636 Deo
246 1570 392 1636 ιοιοιιιοι
413 1589 510 1652 quam
531 1588 647 1651 paoem
668 1569 704 1632 in
726 1589 790 1651 que
817 1579 1005 1651 torpescant
1027 1588 1085 1651 ap·
1136 1568 1234 1634 nimis
1263 1565 1365 1648 impia
1394 1577 1444 1630 est
1469 1587 1506 1632 ec
1534 1565 1727 1632 detestanda
1755 1578 1867 1634 nostra
1896 1568 2106 1652 ingratitudo,

111 1669 239 1740 petere:
269 1657 322 1722 vel
349 1653 530 1721 subducere
550 1675 586 1719 se
608 1674 628 1718 a
649 1652 714 1719 Dei
733 1667 926 1736 conspectu,
955 1665 992 1719 ut
1014 1654 1084 1736 ipso
1135 1655 1198 1719 uisi
1221 1653 1349 1718 ardenti
1371 1652 1479 1717 studio
1502 1661 1611 1718 tautae
1628 1651 1754 1737 gratiae
1776 1651 1906 1719 obviam
1928 1655 2105 1719 currimns:

110 1743 223 1808 valere
244 1744 342 1822 iusso,
363 1761 436 1807 oum
461 1740 572 1822 impiis
592 1739 775 1805 lasciviant.
874 1803 876 1806 ,
1135 1738 1407 1824 quemadmodum
1434 1738 1533 1803 etiam
1556 1738 1676 1804 Petrus
1703 1739 1856 1804 admonet
1876 1740 1982 1823 primo
2003 1741 2108 1822 capite

198 1830 250 1894 28.
294 1828 368 1893 Noc
402 1825 537 1892 chaoob
569 1826 689 1893 diceba
728 1825 815 1890 altro
847 1845 956 1890 amaea
986 1829 1082 1890 taam.
1135 1825 1253 1909 prioris
1275 1823 1432 1907 epistolae
1443 1821 1487 1909 (v.
1501 1821 1567 1910 13).
1602 1823 1790 1890 Notandum
1813 1823 1879 1902 ast'
1895 1825 2107 1908 quamvispie

110 1915 209 1980 Iacob
232 1914 273 1979 ab
295 1924 388 1978 utero
410 1931 530 1976 nomen
548 1911 686 1994 adeptus
704 1921 783 1988 erat,
807 1911 902 1978 sicuti
923 1908 1082 1976 vidimus:
1135 1920 1268 1993 expetat
1279 1910 1376 1974 laoob
1387 1908 1495 1975 Deum
1516 1910 1643 1992 plenius
1665 1931 1873 1993 cognoscere:
1897 1909 1975 1994 quia
1992 1920 2103 1976 tamen

109 2002 188 2083 quia
205 2001 338 2064 ιιιιιοιι
358 2019 454 2063 ιιιιι
473 2005 604 2080 arrepta
621 1997 733 2080 planta
749 1996 842 2080 pedis
858 2006 995 2062 conatus
1014 1997 1084 2061 lue·
1135 1997 1222 2062 ultra
1243 2016 1320 2062 suae
1341 1996 1457 2060 aetatis
1480 2007 1583 2061 metas
1605 1995 1813 2077 provehitur,
1835 1997 2003 2078 repulsam
2026 1997 2105 2079 pati.

109 2095 164 2152 rat
185 2085 336 2151 retinere.
381 2083 477 2160 Nunc
495 2082 587 2148 Deus
605 2104 690 2148 novo
712 2103 786 2148 eum
805 2083 937 2148 nomine
959 2093 992 2146 οι
1013 2101 1083 2147 ma·
1134 2083 1220 2148 Nam
1243 2080 1406 2146 Dominus
1429 2101 1541 2146 ansam
1565 2081 1634 2146 eius
1656 2081 1825 2164 cupiditati
1848 2082 2048 2166 praecidens,
2070 2086 2106 2146 in

108 2173 162 2256 gis
183 2171 314 2236 heroico
334 2169 487 2252 insignit:
518 2189 584 2234 nen
610 2179 648 2233 ut
675 2169 817 2234 alterum
845 2167 927 2233 illud
949 2188 1083 2251 prorsus
1134 2189 1195 2236 sua
1218 2165 1441 2232 benedictione
1463 2167 1666 2249 acquiescere
1688 2167 1794 2250 ipsum
1817 2169 1915 2232 iubet.
1961 2167 2058 2249 Quod
2077 2168 2106 2232 si

106 2257 251 2335 aboleat,
278 2254 364 2339 quod
386 2254 572 2338 symbolum
595 2267 667 2320 erat
695 2253 915 2320 memorabilis
937 2254 1081 2337 gratiae:
1134 2264 1248 2321 sancto
1275 2253 1347 2316 viro
1385 2263 1504 2337 negata
1532 2252 1596 2317 fuit
1621 2252 1792 2318 mediocris
1825 2253 1975 2330 claritas,
2007 2274 2105 2336 quam

109 2342 168 2408 sed
191 2353 231 2406 ut
258 2341 407 2406 altiorem
436 2341 563 2423 gratiae
591 2359 670 2404 ecce
696 2361 904 2424 progressum
932 2349 1082 2406 testetur.
1134 2362 1222 2408 nuno
1245 2339 1354 2421 adepti
1377 2359 1509 2416 sumus,
1538 2339 1673 2404 minime
1705 2339 1884 2404 tolerabilis
1910 2339 1974 2404 erit
1994 2349 2107 2404 nostra

108 2430 162 2494 Ex
189 2425 316 2493 duobus
344 2448 380 2490 er
402 2447 421 2490 ο
443 2425 630 2492 nominibus
659 2427 757 2507 priori
784 2425 980 2504 secuudum,
1010 2434 1083 2490 tan·
1133 2427 1302 2492 curiositas
1331 2425 1358 2490 si
1390 2424 1476 2490 ultra
1505 2424 1738 2508 praescriptam
1769 2444 1790 2487 a
1817 2424 1888 2490 Deo
1916 2445 2106 2490 mensuram

110 2535 211 2598 quam
245 2513 350 2596 magis
381 2447 615 2590 bonorifioum,
647 2513 841 2594 praefertur.
904 2510 1029 2576 Nomen
1065 2531 1084 2575 a
1134 2520 1333 2595 perrumpat.
1695 2565 1699 2574 .
2101 2551 2106 2559 ·
2184 2573 2188 2582 ,

109 2599 213 2665 verbo
229 2611 304 2666 nuti
323 2598 394 2662 sive
416 2610 480 2665 utut
498 2597 680 2674 deducitur,
698 2597 783 2679 quod
802 2596 965 2661 dominari
982 2597 1083 2680 signi-
1220 2595 1270 2662 30.
1305 2595 1349 2660 Et
1373 2597 1492 2661 oococit
1518 2595 1654 2660 Icltcccb
1680 2615 1788 2660 umnec
1816 2595 1882 2661 loci.
1935 2593 2107 2660 Laudatur

108 2687 196 2762 licat,
218 2705 257 2748 ac
278 2684 306 2748 si
328 2683 479 2766 princeps
496 2683 558 2748 Dei
580 2693 716 2748 vocatus
738 2682 830 2748 foret.
875 2683 961 2748 Nam
983 2681 1083 2765 paulo
1133 2683 1254 2748 iterum
1282 2682 1429 2764 gravitas
1461 2682 1564 2765 patris
1594 2681 1698 2745 nostri
1726 2681 1839 2759 Iacob,
1874 2681 1959 2764 quod
1993 2681 2106 2748 sedulo

109 2783 189 2837 ante
208 2769 363 2834 admonui
381 2767 492 2834 Deum
508 2767 710 2834 fortitudinis
728 2789 807 2834 suae
824 2767 955 2833 landem
974 2777 1082 2833 trans·
1133 2768 1298 2834 curaverit
1321 2787 1362 2830 ue
1389 2787 1533 2850 unquam
1563 2766 1775 2833 intercideret
1798 2767 1958 2832 memoria
1979 2768 2104 2851 gratiae

110 2859 198 2924 ferre
220 2857 254 2919 in
277 2854 385 2930 Iacob,
409 2865 445 2917 ιι
466 2857 502 2918 ιι
523 2855 596 2919 eius
617 2874 754 2937 persona
776 2853 966 2936 triumphet.
1012 2854 1081 2918 Ex·
1133 2852 1207 2918 Dei.
1270 2853 1521 2918 Monumentum
1562 2872 1640 2936 ergo
1679 2852 1818 2936 posteris
1854 2852 1984 2935 reliquit
2017 2853 2104 2917 unde

109 2944 227 3027 positio
250 2939 392 3005 nominis
419 2959 501 3022 quae
529 2940 683 3004 continuo
712 2950 786 3024 post
808 2939 1008 3019 annectitur,
1035 2939 1083 3008 sic
1133 2948 1331 3024 cognoscant
1352 2938 1461 3004 Deum
1479 2937 1547 3003 illio
1568 2940 1771 3021 apparuisse:
1796 2938 1892 3004 sicuti
1913 2938 2012 3004 etiam
2037 2957 2104 3003 uon

109 3029 211 3094 habet
233 3025 275 3091 ad
297 3025 432 3090 verbum
460 3024 546 3107 apud
569 3026 699 3092 Mosen:
723 3024 811 3106 Quia
831 3024 1018 3090 dominatus
1047 3045 1082 3090 οι
1134 3035 1205 3090 erat
1222 3025 1349 3108 privata
1366 3024 1458 3102 visio,
1481 3021 1538 3090 sed
1554 3022 1596 3088 ad
1615 3031 1714 3089 totam
1734 3024 1902 3092 ecclesiam
1926 3021 2103 3106 spectabat.

108 3136 185 3181 oum
205 3114 285 3192 Deo,
307 3110 359 3177 vel
377 3131 456 3194 erga
473 3111 591 3188 Deum,
614 3121 647 3176 οι
664 3131 742 3196 erga
759 3111 916 3190 homines,
938 3125 971 3176 et
988 3131 1082 3194 prae·
1133 3111 1235 3175 Porro
1253 3130 1319 3174 non
1336 3119 1463 3174 tantum
1482 3109 1646 3192 praedicat
1668 3109 1764 3174 Iacob
1786 3131 1821 3176 ιο
1839 3108 1903 3174 Dei
1921 3110 2035 3175 laciem
2054 3110 2104 3174 vi-

106 3199 246 3266 valebis.
291 3195 418 3263 Sensus
439 3206 550 3260 tamen
567 3196 608 3260 ab
626 3197 829 3276 Hieronymo
851 3197 992 3264 fideliter
1008 3196 1081 3261 red·
1134 3193 1236 3272 disse,
1261 3194 1319 3261 sed
1342 3195 1439 3260 simul
1469 3195 1594 3279 gratiae
1616 3195 1686 3278 agit
1714 3193 1798 3278 quod
1824 3217 1843 3260 a
1872 3208 1977 3260 morte
2006 3196 2105 3260 luerit

110 3286 201 3352 ditus
222 3304 294 3349 essa
316 3282 463 3359 videtur,
493 3280 577 3365 quod
600 3283 626 3348 si
648 3281 747 3348 Iacob
768 3303 803 3348 se
828 3282 959 3349 heroice
980 3281 1083 3367 gessit
1133 3288 1275 3364 areptus.
1308 3280 1401 3346 Haeo
1417 3280 1562 3363 loquutio
1584 3281 1771 3362 frequenter
1788 3283 1929 3346 occurrit
1943 3283 1978 3345 in
2000 3281 2104 3364 scrip-

109 3393 186 3438 cnm
209 3370 297 3446 Deo,
326 3367 430 3434 multo
452 3369 556 3450 magis
585 3369 733 3451 superior
755 3368 883 3434 futurus
910 3368 954 3433 sit
975 3367 1082 3434 homi·
1133 3377 1224 3444 tura,
1254 3387 1291 3432 ac
1314 3367 1391 3432 trita
1420 3366 1482 3432 fuit
1501 3368 1541 3432 in'
1563 3367 1665 3432 veteri
1690 3367 1817 3450 populo.
1861 3367 1930 3432 Nec
1952 3388 2030 3432 vero
2051 3387 2103 3431 ra·

108 3458 219 3524 nibus.
249 3455 336 3520 Nam
358 3463 445 3519 certe
467 3453 638 3520 consilium
661 3454 724 3520 Dei
746 3455 809 3519 fuit
830 3475 962 3520 servum
985 3474 1081 3520 suum
1121 3454 1222 3519 ,tione
1249 3461 1353 3518 caret:
1390 3471 1466 3518 nam
1495 3453 1523 3517 si
1551 3472 1571 3516 a
1595 3450 1660 3516 Dei
1683 3460 1855 3536 conspectu
1884 3453 2104 3518 contremiscit
2219 3528 2223 3543 ,

108 3555 179 3609 tam
203 3541 344 3625 insignis
366 3539 523 3607 victoriae
544 3539 665 3606 fiducia
685 3541 881 3605 instructum
909 3540 950 3604 ad
973 3540 1080 3606 varias
1130 3551 1234 3617 terra,
1273 3538 1446 3622 liquefiunt
1477 3547 1621 3614 montes,
1662 3538 1765 3622 caligo
1796 3537 1894 3604 coelis
1922 3537 2103 3617 obducitur,

109 3647 241 3716 pugnas
262 3625 443 3703 dimittere,
471 3647 514 3690 ue
534 3625 568 3690 in
592 3633 758 3708 posterum
782 3625 958 3692 vacillaret
1005 3625 1080 3691 Non
1130 3625 1209 3710 qnid
1231 3625 1360 3691 miseris
1381 3623 1569 3691 bominibus
1590 3624 1735 3690 accidere
1757 3644 1889 3690 necesse
1906 3622 1977 3688 est?
2028 3622 2102 3688 Imo

108 3717 200 3782 onim
223 3713 394 3778 hominum
423 3732 512 3777 more
535 3731 654 3776 nomen
679 3712 833 3794 imponit,
862 3712 919 3778 sed
942 3732 1012 3776 rem
1032 3712 1081 3794 ip·
1131 3733 1233 3795 quum
1265 3731 1308 3778 ue
1336 3711 1377 3777 ab
1406 3710 1531 3794 angelis
1559 3708 1690 3792 quidem
1719 3710 1791 3793 oapi
1811 3709 1914 3791 possit
1941 3709 2103 3774 immensa

111 3823 182 3869 sam
207 3799 303 3865 simul
327 3800 466 3863 confort:
489 3809 527 3861 nt
548 3811 636 3862 certo
659 3797 855 3879 respoudeat
877 3807 1024 3863 eventus.
1131 3798 1195 3864 Dei
1217 3797 1385 3874 maiestas,
1413 3797 1492 3880 quin
1522 3815 1577 3860 eos
1599 3795 1706 3878 potius
1731 3793 1916 3870 absorbeat,
1944 3792 2041 3860 simul
2063 3814 2101 3859 ιο

198 3886 251 3952 29.
288 3884 403 3949 Iudico
429 3901 544 3965 praesc
569 3903 677 3948 acmen
704 3888 801 3950 umen.
851 3883 993 3948 Videtur
1020 3883 1082 3948 hoc
1131 3883 1225 3950 nobis
1246 3883 1407 3948 affulserit
1434 3882 1505 3948 eius
1526 3882 1645 3966 gloria,
1674 3889 1758 3946 totos
1782 3900 1978 3946 evanescere
2006 3898 2044 3944 ac
2065 3881 2100 3942 in

107 3993 261 4060 pugnare
284 3991 359 4036 cum
381 3969 550 4052 superiore
570 3968 727 4034 doctriua.
760 3969 874 4051 Nuper
891 3969 978 4034 euim
1002 3970 1081 4053 dixi,
1131 3969 1271 4035 nihilum
1301 3969 1404 4052 redigi
1434 3987 1564 4034 necesse
1589 3969 1665 4042 erit,
1696 3967 1759 4032 uisi
1783 3987 1843 4032 nos
1872 3973 2035 4032 sustentet
2064 3985 2102 4030 ac

107 4081 214 4144 quum
247 4055 346 4122 Iacob
379 4054 637 4122 benedictionem
677 4064 816 4137 peteret,
857 4056 987 4139 siguum
1019 4056 1081 4122 hoo
1131 4065 1291 4140 protegat.
1321 4053 1486 4135 Quamdiu
1508 4065 1713 4136 praesentem
1727 4073 1791 4118 non
1808 4053 1969 4118 sentimus
1984 4052 2102 4128 Deum,

106 4147 211 4212 irrisae
232 4140 467 4210 submissionis.
518 4138 587 4206 Our
608 4161 669 4224 ego
691 4161 778 4207 nunc
803 4152 958 4224 tanquam
980 4141 1082 4206 animi
1132 4141 1271 4224 superbe
1307 4139 1400 4205 nobis
1435 4137 1609 4221 placemus.
1665 4142 1773 4220 Atque
1802 4138 1884 4204 haeo
1910 4138 2105 4222 imaginaria

107 4232 247 4309 dubius,
270 4227 310 4292 de
332 4247 372 4291 οο
392 4225 528 4309 inquirit
554 4246 614 4309 per
639 4247 735 4309 quem
759 4228 852 4310 prius
873 4226 982 4292 Deum
1005 4248 1080 4293 oon·
1132 4238 1182 4294 est
1204 4227 1274 4290 vita
1294 4245 1392 4309 qnam
1415 4224 1513 4290 stulte
1533 4225 1594 4289 sibi
1613 4233 1745 4308 arrogat
1766 4244 1850 4299 caro,
1875 4221 1931 4288 ιιι
1953 4221 2102 4288 deorsum

107 4319 218 4384 fessus
250 4312 323 4378 ast?
380 4311 444 4379 Sed
477 4311 581 4377 facilis
614 4324 665 4377 est
701 4311 828 4377 solutio.
884 4311 1081 4397 Quanquam
1132 4311 1276 4378 inclinat.
1308 4309 1438 4376 Fideles
1460 4319 1578 4393 autem,
1597 4307 1674 4373 dum
1696 4330 1732 4374 sc
1752 4309 1819 4374 illis
1839 4309 1929 4374 Deus
1951 4308 2102 4386 ostendit,

108 4406 203 4469 euim
226 4400 334 4466 Deum
358 4409 513 4483 agnoscat
534 4397 647 4475 Iacob,
674 4398 812 4464 obscura
834 4411 944 4463 tamen
966 4410 998 4463 οι
1020 4397 1081 4464 bu·
1132 4398 1276 4480 quolibet
1296 4397 1387 4461 fumo
1409 4417 1445 4462 ιο
1466 4397 1571 4480 magis
1592 4394 1747 4461 evanidos
1769 4415 1839 4460 esse
1861 4396 2023 4459 sentiunt:
2047 4395 2102 4460 de·

108 4489 183 4554 mili
205 4486 323 4552 notitia
340 4506 406 4549 non
423 4493 605 4558 contentus,
628 4483 725 4550 altius
742 4481 959 4550 conscendore
980 4493 1080 4567 optat.
1132 4485 1231 4566 nique
1258 4493 1294 4548 ut
1317 4480 1452 4549 confusa
1478 4482 1580 4548 iaceat
1609 4481 1716 4546 carnis
1738 4480 1906 4564 superbia,
1928 4480 1970 4546 ad
1992 4479 2102 4544 Deum

107 4576 181 4642 Neo
204 4574 322 4638 mirum
352 4581 402 4635 est
429 4572 456 4635 si
486 4583 620 4634 sauctus
650 4571 700 4634 vir
726 4570 760 4634 in
788 4570 850 4636 boc
873 4581 986 4635 votum
1007 4591 1081 4652 pro·
1133 4570 1246 4634 venire
1268 4589 1399 4634 necesse
1421 4578 1479 4633 eat.
1519 4567 1576 4634 Sic
1597 4566 1718 4631 fatetur
1739 4566 1838 4632 Iacob
1859 4566 2017 4650 singulari
2040 4566 2102 4630 Dei

106 4671 253 4743 rumpat,
276 4657 329 4724 oui
352 4677 386 4721 se
408 4657 501 4721 Dens
522 4657 717 4738 patefecerat
737 4656 799 4722 sub
820 4657 931 4722 multis
953 4656 1079 4722 involu·
1132 4655 1337 4740 indulgentia
1358 4653 1478 4719 factum
1501 4673 1574 4720 οιιο
1596 4663 1632 4718 ιι
1653 4653 1811 4720 liberatus
1833 4654 1875 4717 sit
1897 4651 1938 4718 ab
1958 4651 2102 4730 interitu,

106 4748 192 4821 oris,
223 4756 260 4810 nt
283 4741 426 4808 nondum
450 4741 619 4807 familiaris
641 4755 727 4808 esset
749 4761 808 4808 noo
830 4741 953 4824 liquida
973 4743 1084 4825 cogni·
1133 4742 1190 4808 ubi
1213 4743 1318 4806 Deum
1343 4737 1522 4822 conspexit.
1572 4737 1752 4819 Quaeritur
1775 4749 1899 4814 tamen,
1929 4756 2029 4819 quum
2055 4745 2102 4800 ιο

106 4835 173 4897 tio:
203 4832 269 4894 imo
289 4839 416 4894 certum
439 4837 489 4892 est
517 4829 572 4891 tali
596 4827 755 4893 desiderio
775 4829 931 4912 flagrasse
952 4841 1082 4894 sanctos
1133 4847 1233 4893 nuem
1244 4826 1405 4892 duntaxat
1418 4835 1550 4909 gustum
1562 4825 1742 4907 perceperit
1752 4824 1873 4907 gloriae
1883 4823 1955 4898 Dei,
1968 4841 2026 4887 cur
2036 4822 2102 4888 iao·

105 4939 228 4982 ornnes
250 4916 310 4980 snb
333 4915 413 4995 lege.
459 4912 548 4977 Talis
570 4915 668 4979 etiam
691 4914 817 4980 Manna
838 4914 982 4996 precatio
1005 4914 1084 4998 legi·
1134 4923 1181 4978 tet
1198 4915 1352 4994 seipsum
1371 4909 1491 4976 vidisse
1503 4909 1773 4978 laoieadl'aciem.
1793 4908 1998 4991 Respondeo,
2019 4909 2101 4972 nihil

105 5020 167 5068 tur
189 5003 341 5067 Indicum
365 4999 416 5073 13,
440 4998 489 5073 18,
519 5000 572 5065 οιι
595 4998 710 5065 eadem
731 4999 922 5084 adiungitur
945 4998 1009 5064 Dei
1030 5020 1083 5064 re·
1134 5019 1204 5066 esse
1216 4997 1348 5064 absurdi
1359 4996 1445 5080 quod
1456 4995 1554 5063 Iacob
1572 4997 1730 5062 visionem
1744 4996 1827 5060 hauc
1840 4994 2012 5077 magnilica
2022 5014 2101 5074 prae

105 5090 259 5172 sponsio,
282 5087 349 5151 nisi
370 5085 456 5169 quod
480 5082 545 5149 illio
564 5086 727 5150 Dominus
749 5107 866 5151 nomen
890 5105 987 5150 suum
1009 5105 1083 5167 pro·
1135 5085 1212 5150 aliis
1229 5084 1386 5160 celebrat,
1409 5085 1444 5148 in
1468 5082 1585 5165 quibus
1611 5103 1674 5146 nou
1701 5082 1747 5146 ita
1773 5081 1881 5164 palam
1906 5089 2102 5161 apparuerat

105 5175 250 5240 nunciat
266 5172 438 5237 mirificum
458 5183 571 5236 οιιοοι
590 5191 754 5252 arcanum,
771 5193 812 5237 ne
828 5171 967 5238 ulterius
983 5172 1084 5236 instet
1133 5169 1180 5236 illi
1204 5170 1373 5235 Dominus.
1418 5169 1463 5232 Et
1486 5180 1596 5234 tamen
1618 5168 1645 5232 si
1668 5179 1874 5250 comparetur
1896 5185 1969 5230 cum
1992 5163 2101 5247 splen·

107 5264 248 5327 Manus.
303 5259 442 5325 Summa
470 5256 570 5339 igitur
596 5257 677 5322 haec
704 5268 772 5340 est,
802 5258 888 5340 quod
911 5258 1083 5339 Dominus,
1135 5255 1212 5320 dore
1230 5255 1399 5340 evangelii,
1422 5255 1487 5318 imo
1506 5255 1606 5317 etiam
1624 5253 1715 5335 legis,
1737 5253 1799 5317 erit
1816 5252 1921 5316 instar
1941 5249 2102 5316 scintillas

106 5349 189 5412 licet
210 5346 301 5429 pium
330 5345 374 5408 sit
404 5353 514 5408 votum
536 5343 648 5419 Iacob,
678 5363 743 5408 non
765 5343 984 5426 obtemperat,
1007 5342 1083 5425 quia
1134 5342 1185 5407 vel
1213 5341 1340 5407 obscuri
1363 5340 1456 5405 radii.
1510 5337 1658 5422 Simplex
1683 5355 1762 5420 ergo
1784 5359 1898 5404 sensus
1928 5347 1993 5414 est,
2016 5333 2101 5418 quod
