4962 6192
121 431 176 500 593
756 429 1126 499 COMMENTARIUS
1148 431 1197 497 IN
1220 429 1435 498 GUNESIN.
2030 439 2097 505 594

120 621 198 698 tatis,
219 625 249 683 et
269 617 461 684 excellentia
481 619 621 701 roboris,
643 627 816 705 antequam
838 627 977 704 utreque
997 620 1069 686 iure
1121 639 1234 686 rursus
1257 641 1312 686 eos
1334 618 1487 687 revecat?
1517 619 1722 703 Respondee,
1745 629 1815 686 tum
1838 622 1918 706 ipsis
1939 625 2096 706 privatim

120 726 149 772 se
174 705 333 788 privasset.
379 705 479 770 Ponit
507 707 593 770 enim
625 706 722 774 Iacob
750 708 817 772 lilio
846 706 963 773 Rubeu
993 713 1069 771 ante
1121 706 1221 772 fuisse
1243 706 1333 784 utile,
1356 715 1427 771 tum
1445 713 1608 788 spectasse
1626 706 1875 789 adexemplum,
1899 730 1963 774 nou
1987 713 2096 794 impu-

119 789 213 856 ceulos
239 789 412 873 pristinum
443 791 614 870 honorem,
648 793 724 874 quia
745 794 775 857 ei
797 793 876 858 utile
898 802 948 856 est
970 792 1070 875 prebe
1121 792 1225 857 uitam
1248 811 1382 857 manere
1404 791 1494 856 illam
1517 791 1664 872 eaedem,
1693 796 1843 875 quamvis
1871 796 1940 860 eius
1962 798 2095 862 veniam

118 877 224 940 sentire
245 875 329 941 unde
355 875 522 942 exciderit.
568 875 624 944 Sic
646 878 771 944 Paulus
794 878 873 944 dicit
893 898 929 942 se
951 876 1069 942 Uorin·
1121 877 1230 960 adepti
1252 879 1368 943 forent.
1400 877 1555 942 Vidimus
1577 879 1664 942 enim
1688 879 1788 960 prius,
1812 901 1911 963 quum
1934 882 2094 947 admoniti

118 961 183 1026 thiis
213 959 347 1026 obiicere
380 963 498 1044 quihus
528 961 647 1027 leedati
675 973 752 1030 sunt
780 974 928 1048 peccata,
957 972 996 1027 ιιι
1014 984 1069 1028 eos
1122 973 1234 1028 essent
1263 983 1282 1027 u
1310 971 1405 1045 patre
1435 962 1549 1046 procul
1578 963 1679 1028 fuisse
1710 963 1751 1028 ab
1780 985 1817 1028 ea
1848 967 1983 1032 tristitia
2008 989 2093 1052 quae

117 1046 283 1130 pudefaoiat
305 1045 348 1132 (1.
372 1049 447 1113 Cor.
471 1049 500 1127 6,
524 1047 567 1135 5).
601 1049 686 1113 Nam
710 1050 786 1133 quia
809 1048 900 1114 nubis
921 1050 957 1111 in
980 1049 1068 1114 vitiis
1121 1050 1339 1132 poeniteutiae
1378 1048 1507 1113 initium
1547 1059 1611 1113 est:
1655 1057 1687 1113 et
1718 1048 1872 1116 credibile
1905 1063 1954 1116 est
1986 1055 2094 1139 magis

116 1131 299 1210 blandimur,
326 1135 383 1199 vix
406 1133 503 1199 aliter
524 1135 565 1198 ad
588 1155 700 1200 sanam
724 1145 868 1200 mentem
890 1133 1069 1199 retrahitur
1122 1134 1239 1200 deinde
1260 1155 1297 1200 ac
1320 1134 1424 1216 magis
1447 1136 1542 1199 brute
1571 1134 1710 1217 quedam
1733 1145 1863 1218 torpore
1888 1139 2095 1222 obstupuisse

115 1219 235 1301 quisque
262 1226 426 1297 nostrum,
460 1233 633 1304 postquam
663 1220 774 1302 lapsus
803 1230 869 1299 est,
898 1219 962 1284 nisi
992 1241 1068 1286 suae
1121 1221 1156 1283 in
1179 1241 1237 1284 sue
1258 1219 1426 1298 maleficio,
1449 1220 1501 1285 vel
1524 1221 1640 1286 saltem
1664 1241 1775 1284 amara
1800 1221 2004 1306 displicentia
2026 1245 2093 1290 nen

114 1304 312 1386 turpitudinis
341 1325 441 1370 sensu
470 1315 637 1390 tangatur.
680 1307 782 1371 Perre
811 1304 851 1370 ad
874 1325 933 1371 nos
955 1306 1068 1370 vulne·
1120 1305 1221 1370 fuisse
1242 1305 1327 1371 serie
1345 1313 1457 1370 tactos.
1492 1305 1689 1370 Timendum
1708 1307 1806 1370 etiam
1825 1317 1895 1372 erat
1912 1331 1953 1373 ne
1971 1311 2093 1393 posteri

114 1390 219 1455 raudus
256 1390 338 1455 nihil
372 1393 480 1474 aptius
513 1403 562 1457 est
595 1412 691 1474 quam
725 1392 781 1457 ubi
812 1393 901 1456 inter
934 1393 1068 1476 gratias,
1121 1391 1161 1456 ad
1185 1391 1321 1456 eandem
1344 1392 1505 1456 feritatem
1530 1401 1761 1471 assuescerent,
1784 1391 1848 1457 nisi
1871 1393 1986 1459 horror
2008 1396 2092 1460 divi·

112 1475 214 1556 quibus
245 1497 303 1541 nes
335 1478 508 1559 praevenit
540 1479 717 1554 Dominus,
753 1485 786 1542 et
817 1497 938 1560 poenas
972 1477 1069 1561 culpa
1120 1479 1208 1542 nitus
1235 1477 1353 1542 fuisset
1379 1477 1536 1544 incussus.
1587 1478 1675 1561 Ergo
1705 1479 1868 1544 Dominus
1900 1481 2019 1562 partim
2053 1489 2094 1546 nt

112 1571 210 1626 nestra
231 1573 427 1641 contractas,
454 1565 610 1628 statuitur
639 1564 845 1646 comparatio.
890 1563 1068 1645 Postquam
1120 1585 1174 1630 eos
1203 1563 1410 1641 humiliaret,
1446 1564 1566 1647 partim
1603 1571 1640 1628 ut
1669 1561 1899 1628 documentum
1933 1572 2092 1633 statueret

112 1647 239 1713 nudatus
267 1657 319 1712 est
340 1648 447 1712 Adam
478 1648 572 1714 bonis
602 1649 767 1729 omnibus,
795 1649 914 1714 acriter
943 1649 973 1712 ei
1001 1671 1067 1713 nen
1120 1650 1270 1715 omnibus
1293 1648 1447 1726 saeculis,
1471 1657 1622 1714 aeternae
1642 1647 1843 1732 ignominiae
1864 1671 2002 1733 poenam
2025 1653 2092 1720 illis

112 1733 218 1814 absque
239 1734 492 1800 subsannatione
514 1734 606 1800 Deus
628 1735 818 1818 exprobrat:
842 1735 937 1812 Ecce,
959 1733 1066 1800 Adam
1120 1735 1249 1799 inflixit.
1294 1736 1399 1800 Perre
1422 1734 1483 1799 boe
1505 1735 1600 1798 mode
1621 1755 1685 1799 non
1711 1735 1849 1800 retinuit
1877 1757 2015 1819 poenam
2038 1758 2091 1803 re-

109 1819 191 1900 quasi
212 1841 296 1885 unus
318 1841 360 1884 ex
383 1820 486 1885 nobis.
533 1819 697 1898 Quorsum
720 1820 791 1899 hec,
812 1821 876 1886 nisi
897 1828 935 1886 ut
956 1842 1066 1886 seeum
1120 1821 1220 1886 missa
1241 1820 1344 1903 eulpa,
1369 1827 1405 1884 ut
1424 1821 1522 1886 stulte
1541 1820 1686 1904 papistae
1708 1821 1888 1886 somniant:
1912 1823 1967 1886 sed
1990 1845 2091 1906 quum

109 1915 253 1986 reputans
275 1913 435 1989 quantum
458 1906 497 1971 ab
520 1906 576 1970 illc
597 1907 730 1972 homine
753 1905 860 1986 distet,
883 1907 939 1989 qui
961 1927 1067 1990 nuper
1119 1928 1196 1971 vere
1218 1916 1252 1972 et
1268 1907 1301 1970 in
1321 1906 1460 1970 solidum
1478 1907 1627 1990 placatus
1645 1915 1739 1984 esset,
1762 1917 1872 1989 aptam
1891 1909 1925 1972 in
1943 1909 2088 1974 futurum

108 1990 245 2056 conditus
277 1990 320 2056 ad
350 1992 528 2075 imaginem
558 1991 620 2056 Dei
649 1999 699 2058 tet
728 1991 904 2075 praeclaris
935 1991 1066 2058 dotibus
1119 2001 1246 2074 tempus
1280 1993 1513 2057 correctionem
1546 1991 1704 2056 adhibuit.
1760 1991 1909 2076 Fiuguut
1941 1996 2089 2078 papistae

107 2076 244 2157 pellebat,
266 2078 422 2142 confessus
439 2086 471 2142 et
489 2086 670 2162 prostratus
693 2079 840 2162 deploret
861 2089 1066 2160 praesentem
1118 2076 1251 2142 dimidia
1266 2088 1392 2142 tantum
1411 2099 1453 2141 ux
1471 2086 1564 2161 parte
1582 2089 1713 2159 peccata
1731 2077 1771 2142 ab
1794 2098 1832 2141 ec
1850 2080 1989 2143 remitti:
2012 2083 2090 2164 quia

107 2163 283 2228 miseriam?
319 2163 477 2228 Videmus
515 2185 593 2246 ergo
631 2165 830 2230 necessarias
870 2164 964 2229 nobis
996 2183 1066 2230 asse
1119 2163 1223 2228 noluit
1256 2164 1359 2245 gratis
1398 2163 1566 2228 absolvere
1604 2171 1797 2245 peccatores.
1851 2169 1896 2230 At
1928 2167 2090 2250 scriptura

106 2249 370 2330 exprobrationes,
393 2270 455 2332 quo
478 2269 537 2314 nos
555 2248 595 2314 ad
618 2251 729 2314 vivum
752 2250 857 2333 magis
879 2250 1001 2315 hlfieiat
1018 2251 1066 2313 ira
1117 2248 1215 2332 longe
1244 2249 1354 2328 aliter,
1385 2269 1451 2312 nen
1481 2249 1568 2331 exigi
1598 2249 1638 2314 ab
1664 2268 1701 2312 ee
1724 2269 1844 2330 peenas
1867 2271 1948 2333 quae
1971 2251 2088 2320 delicta

106 2333 237 2400 Domini.
285 2333 341 2400 Sic
363 2336 450 2399 euim
481 2337 519 2399 lit
541 2356 606 2400 nen
630 2344 757 2400 tautum
780 2345 817 2400 ut
840 2334 933 2399 nobis
955 2335 1065 2418 displi·
1118 2343 1328 2417 compensent
1356 2334 1412 2400 sed
1444 2355 1527 2416 quae
1554 2343 1697 2417 purgant
1725 2335 1824 2400 cerda
1858 2337 2023 2420 hypocrisi
2056 2347 2090 2404 et

104 2431 189 2484 ceant
221 2429 369 2505 peccata,
400 2441 537 2503 querum
571 2422 635 2486 iarn
669 2441 788 2503 poenas
824 2421 975 2501 ferimus,
1008 2419 1062 2486 sed
1117 2420 1282 2485 blanditiis
1304 2420 1461 2503 paulatim
1483 2420 1627 2484 excussis
1650 2418 1793 2484 invitent
1814 2421 1932 2487 eleetos
1953 2423 1994 2486 ad
2012 2443 2089 2508 pee-

103 2506 192 2570 etiam
221 2515 259 2571 ut
281 2506 399 2570 maiori
421 2527 518 2570 curae
540 2507 598 2585 sit,
629 2527 710 2589 quae
739 2508 774 2570 in
803 2506 896 2572 nubis
920 2507 1065 2572 resident
1117 2505 1307 2586 nitentiam,
1336 2504 1376 2570 ad
1408 2503 1657 2571 sollicitudinem
1680 2507 1815 2571 cavendi
1838 2510 1997 2589 excitent,
2027 2509 2089 2576 sub

102 2591 159 2656 Dei
175 2591 266 2668 dena,
286 2591 398 2656 sedulo
416 2591 510 2670 tueri,
533 2590 1062 2674 nesocordianestradispereant.
1117 2593 1243 2656 timeris
1266 2601 1299 2655 et
1320 2592 1522 2656 reverentiae
1544 2591 1655 2655 fraeno
1676 2593 1873 2657 contineant.
1917 2592 2014 2660 Unde
2036 2617 2088 2661 se·

102 2675 160 2757 Qui
181 2677 407 2745 excellentiam
431 2676 599 2762 diguitatis
621 2678 662 2742 ad
684 2679 909 2757 sacerdotium,
932 2680 1063 2744 virtutis
1117 2678 1227 2761 quitur
1248 2677 1333 2742 nihil
1361 2679 1466 2760 magis
1494 2697 1565 2742 esse
1592 2687 1835 2760 praeposterum
1864 2699 1960 2760 quam
1991 2681 2087 2748 satis·

101 2764 573 2847 auamadregnumrsferuna
593 2764 690 2828 nimis
708 2765 828 2848 arguti,
846 2764 1061 2841 meoiudicio,
1116 2763 1311 2830 factionibus
1333 2763 1447 2828 redimi
1472 2783 1552 2845 quas
1574 2763 1683 2828 meriti
1706 2783 1819 2828 sumus
1840 2784 1976 2846 poenas,
1999 2787 2036 2832 ae
2058 2768 2088 2832 si

100 2860 170 2913 sunt
190 2851 394 2933 interpretes.
431 2850 502 2933 ligo
524 2849 705 2932 simplicius
727 2850 862 2932 accipie:
889 2849 926 2914 Si
948 2853 983 2916 in
1004 2869 1062 2916 suo
1117 2851 1208 2915 Deus
1230 2850 1374 2914 humano
1395 2868 1485 2914 more
1508 2847 1572 2914 sibi
1592 2848 1676 2913 solvi
1697 2849 1800 2913 vellet
1824 2848 1910 2931 quod
1934 2849 2085 2918 debetur:

99 2935 195 3018 gradu
215 2939 361 3002 stetisset
371 2934 499 3014 Ruben,
520 2937 698 3019 primatum
720 2937 826 3002 omnis
850 2937 1062 3002 excellentiae
1115 2936 1196 3018 quin
1229 2936 1337 3018 petius
1369 2934 1491 3017 optime
1519 2936 1607 2999 inter
1633 2955 1668 3000 se
1696 2935 1909 3015 conveniunt,
1942 2939 2089 3020 gratuita

97 3021 236 3088 futurum
258 3022 362 3086 fuisse
383 3041 484 3104 penes
506 3041 590 3086 eum.
1115 3041 1294 3102 poenarum
1324 3021 1487 3099 remissie,
1521 3032 1554 3084 et
1581 3021 1806 3104 castigatoriae
1833 3021 1973 3101 ferulae,
2003 3043 2087 3106 quae

177 3108 207 3172 4.
241 3108 338 3172 Levis
354 3111 389 3171 ut
405 3126 497 3188 aqua.
532 3106 705 3190 Significat
716 3127 781 3170 nen
797 3107 945 3172 stabilem
959 3109 1062 3172 hono·
1115 3110 1222 3189 petius
1244 3114 1420 3172 occurrunt
1442 3106 1562 3171 futuris
1584 3106 1688 3184 vitiis,
1721 3127 1817 3188 quam
1844 3117 2085 3191 persequantur

97 3212 170 3272 rem,
192 3192 249 3258 sed
273 3191 458 3270 evanidum,
482 3193 536 3258 eui
557 3191 668 3256 addita
689 3213 754 3255 uou
773 3192 834 3256 fuit
851 3203 960 3259 custos
978 3193 1062 3258 bona
1115 3212 1197 3274 quae
1225 3193 1290 3257 iam
1319 3191 1462 3258 admissu
1494 3199 1579 3256 sunt.
1631 3191 1677 3257 Ut
1705 3191 1837 3258 redeam
1875 3193 1916 3258 ad
1949 3193 2086 3260 Simeon

97 3279 305 3346 conscientia:
329 3287 427 3362 atque
449 3278 496 3342 ita
518 3279 777 3360 primogenitura
798 3277 934 3344 abdicat.
975 3279 1061 3344 Cau·
1115 3287 1149 3342 et
1170 3279 1265 3342 Levi:
1298 3280 1352 3360 qui
1375 3279 1471 3343 litut
1493 3277 1584 3342 Deus
1605 3285 1680 3361 post
1701 3277 1835 3362 longum
1858 3285 1988 3362 tempus
2010 3301 2086 3364 poe·

95 3385 159 3430 sam
182 3365 348 3448 exprimit,
372 3383 413 3426 ue
435 3373 589 3445 queratur
611 3385 646 3427 se
663 3363 824 3427 insontem
849 3364 961 3448 plecti:
985 3385 1061 3430 nam
1114 3383 1310 3446 numquam
1334 3362 1506 3428 distulerat
1527 3363 1689 3446 infligens,
1718 3363 1811 3446 quasi
1835 3364 1990 3448 fugitivos
2012 3387 2086 3432 reos

95 3458 126 3513 ct
150 3450 209 3517 hoc
239 3449 338 3514 valde
367 3449 406 3514 ad
438 3470 506 3513 rem
535 3449 686 3526 interest,
716 3450 867 3515 convinci
896 3471 986 3516 reum
1009 3450 1061 3516 sui
1115 3448 1156 3513 ad
1178 3447 1335 3514 iudicium
1365 3449 1527 3514 retrahat:
1563 3449 1628 3514 nisi
1655 3449 1732 3532 quia
1759 3449 1939 3531 impunitas
1969 3452 2085 3516 fixisset

94 3536 229 3616 sceleris,
251 3556 297 3599 ne
319 3554 422 3617 poena
443 3543 551 3600 careat
573 3535 728 3616 prefectu.
769 3533 930 3604 Videmus
952 3544 1060 3600 autem
1114 3535 1179 3599 illis
1202 3533 1380 3600 damnosa?
1404 3543 1437 3600 et
1459 3544 1567 3600 tamen
1586 3534 1703 3599 medici
1721 3535 1829 3616 potius
1850 3555 1946 3617 quam
1969 3535 2084 3604 iudicis

93 3621 184 3688 Iacob
219 3630 358 3687 exutum
392 3623 499 3685 carnis
538 3620 675 3698 affectu,
713 3629 845 3685 strenue
878 3631 910 3685 et
942 3643 1061 3705 magne
1115 3631 1223 3703 partes
1244 3619 1393 3704 suscipit,
1416 3621 1492 3703 quia
1515 3641 1580 3684 non
1604 3620 1675 3684 ideo
1698 3619 1799 3702 parcit
1821 3630 1858 3682 ut
1879 3631 1988 3685 sanet:
2022 3643 2083 3688 nec

94 3709 198 3772 anime
221 3707 359 3790 exsequi
383 3707 563 3789 prophetae
586 3725 713 3770 munus.
750 3705 865 3788 Neque
886 3707 974 3774 enim
997 3708 1061 3772 ira·
1115 3705 1240 3772 duobus
1262 3715 1390 3771 tantum
1413 3706 1554 3790 aegrotis
1571 3706 1728 3784 medetur,
1752 3705 1809 3770 sed
1827 3705 1970 3770 antidoto
1989 3727 2081 3790 prae·

91 3794 227 3860 eundiae
256 3791 469 3858 tribuendum
498 3801 548 3856 est
575 3791 637 3856 hoc
665 3791 837 3870 iudicium,
870 3795 962 3875 quasi
993 3795 1060 3876 pri-
1114 3793 1207 3856 venit
1229 3791 1366 3858 alierum
1389 3792 1528 3871 morbos,
1549 3799 1587 3855 ut
1608 3791 1669 3857 sibi
1688 3811 1708 3854 a
1725 3790 1917 3856 erudelitate
1934 3803 2080 3859 caveant.

92 3881 188 3945 vatim
211 3901 247 3945 se
270 3886 364 3962 puter
385 3877 496 3944 ulcisci
520 3875 559 3940 de
581 3877 649 3942 filiu
669 3878 791 3959 cupiat:
823 3879 879 3943 sed
902 3899 922 3942 a
943 3879 1060 3962 spiritu
1113 3878 1187 3944 Hoc
1209 3898 1335 3962 queque
1356 3877 1391 3941 iu
1413 3877 1527 3959 primis
1552 3887 1734 3941 memoratu
1763 3877 1897 3960 dignum
1926 3880 2082 3962 estquod

91 3965 151 4032 Dei
172 3967 354 4050 profectum
376 3973 435 4044 est,
457 3963 534 4046 quia
551 3964 672 4046 optime
693 3962 771 4045 quid
788 3963 849 4028 sibi
872 3965 1059 4047 impositum
1113 3965 1223 4029 Moses
1255 3965 1290 4027 iu
1324 3961 1488 4047 vulganda
1520 3963 1627 4046 gentis
1658 3982 1736 4028 suae
1768 3961 1904 4026 infamia
1937 3962 1999 4028 Dei
2032 3975 2083 4029 est

90 4053 130 4116 sit
151 4055 262 4118 oneris
285 4051 433 4116 meminit
455 4048 561 4115 Iacob.
602 4047 749 4114 Verbum
772 4033 836 4126 ubit
856 4050 890 4114 in
915 4051 1061 4116 clausula
1112 4069 1243 4131 praeeo:
1278 4070 1339 4114 nee
1372 4069 1448 4115 vero
1480 4069 1652 4114 commune
1685 4057 1813 4111 tautum
1847 4047 1946 4112 tetius
1968 4051 2081 4132 populi

89 4138 273 4204 sententiae
303 4137 466 4220 signifieat
496 4135 600 4212 abire,
633 4135 684 4201 vel
715 4134 852 4213 difflari,
883 4145 921 4200 ut
953 4137 1060 4202 sumus
1112 4133 1250 4200 dedecus
1272 4134 1412 4218 profert,
1437 4135 1491 4200 sed
1515 4133 1688 4216 specialem
1710 4132 1810 4198 tribui
1833 4153 1873 4196 ex
1896 4154 1959 4215 qua
1981 4145 2081 4202 uatus

89 4224 269 4289 accendens
293 4221 474 4287 discutitur.
509 4220 586 4286 Ideo
609 4241 723 4286 sensus
741 4229 790 4286 est
808 4220 965 4304 dilapsam
990 4243 1058 4288 esse
1112 4231 1191 4298 erat,
1214 4221 1428 4304 ignominiam
1451 4221 1569 4284 inurit:
1593 4219 1679 4284 unde
1702 4219 1808 4302 palam
1832 4228 1974 4302 apparet,
1997 4221 2081 4288 nihil

87 4328 122 4373 ae
151 4311 350 4376 exstinctam
373 4307 601 4374 excellentiam
623 4306 742 4370 Ruben
775 4327 817 4371 ex
847 4329 911 4390 que
944 4308 1059 4392 polluit
1110 4305 1236 4372 dedisse
1258 4308 1348 4371 carni
1366 4307 1418 4372 vel
1438 4305 1599 4390 sanguini,
1620 4325 1682 4370 nee
1699 4304 1868 4388 gratiavel
1885 4304 1959 4370 edio
1980 4305 2080 4374 fuisse

87 4395 204 4462 lectum
229 4395 344 4480 patris.
381 4393 467 4458 Nam
489 4393 529 4458 de
551 4393 633 4457 lecte
651 4412 824 4474 exponere,
847 4395 932 4477 qnod
956 4395 1057 4460 desie-
1108 4393 1279 4458 inductum
1302 4405 1339 4456 ut
1357 4391 1530 4475 quidquam
1548 4389 1758 4468 iaceretve]
1782 4389 2080 4458 abhisteriaefide

86 4482 129 4546 rit
159 4483 268 4548 lectus
296 4501 366 4545 esse
394 4477 574 4562 coniugalis
595 4477 692 4542 Iacob
720 4487 854 4562 propter
882 4480 1056 4565 repudium
1109 4477 1308 4543 deflecteret:
1350 4499 1466 4544 verum
1499 4478 1594 4543 sicuti
1628 4475 1750 4542 electus
1782 4497 1802 4540 a
1834 4474 1975 4542 Domino
2008 4491 2080 4546 erat

82 4567 189 4644 Bilha,
214 4565 317 4631 nimis
338 4564 493 4647 frigidum
517 4573 575 4629 est.
953 4585 957 4594 ·
1108 4563 1260 4628 minister
1281 4585 1318 4628 ac
1340 4563 1442 4641 testis,
1466 4583 1642 4626 memorem
1665 4582 1743 4626 suae
1766 4561 1945 4626 vocationis
1967 4561 2077 4644 luisse,

166 4654 196 4719 5.
235 4651 362 4718 Simeon
392 4655 420 4714 et
448 4650 533 4714 Levi.
583 4649 719 4714 Duobus
753 4650 829 4714 liliis
858 4647 990 4715 Simeon
1024 4659 1056 4717 et
1107 4648 1475 4724 utncnsineeremodo,
1494 4648 1660 4714 sedetiam
1674 4646 1813 4724 cordate,
1833 4667 1976 4710 ossuum
1988 4651 2076 4713 veri·

82 4739 163 4804 Levi
186 4747 335 4822 stragem
363 4735 453 4801 urbis
475 4733 608 4800 Sichem
636 4735 825 4816 exprobrat,
853 4757 1055 4819 poenamque
1109 4735 1168 4799 tati
1191 4755 1324 4816 prorsus
1346 4733 1477 4799 dicaret.
1521 4734 1587 4798 Hie
1608 4733 1807 4815 comparatio
1833 4733 1871 4795 lit
1892 4752 1957 4796 non
1981 4733 2077 4801 mede

81 4826 225 4911 iniungit
248 4825 333 4888 tenti
351 4822 489 4888 sceleris.
534 4819 630 4886 Unde
652 4820 835 4904 colligimus
857 4831 1056 4904 quantopere
1106 4821 1193 4884 inter
1213 4821 1297 4884 filios
1314 4819 1428 4896 Iacob,
1457 4818 1514 4884 sed
1536 4819 1633 4883 etiam
1663 4819 1751 4881 inter
1771 4816 1910 4882 familias
1933 4837 2014 4900 quae
2035 4822 2076 4888 ab

81 4933 178 4977 erosa
211 4911 256 4976 sit
290 4911 360 4974 Deo
393 4907 585 4984 crudelitas,
622 4907 697 4988 quia
729 4907 890 4988 pretiosus
923 4914 972 4973 est
1002 4907 1053 4972 illi
1105 4906 1186 4988 ipsis
1224 4907 1402 4971 fluxerunt.
1455 4905 1519 4970 Hie
1555 4914 1642 4969 certe
1673 4904 1821 4988 apprime
1854 4916 2075 4986 opportunum

80 4995 254 5062 huminum
288 4994 429 5077 sanguis.
478 4991 620 5058 Perinde
650 4993 736 5057 enim
765 5000 816 5057 est
845 5013 881 5057 ae
913 4994 941 5057 si
972 4991 1054 5058 duos
1106 4999 1176 5055 erat
1198 4998 1342 5073 tempus,
1373 5011 1436 5072 quo
1457 4991 1564 5072 gentis
1588 5009 1666 5054 suae
1689 4989 1840 5053 nobilitas
1867 5007 1964 5052 curae
1987 5000 2075 5057 esset

80 5084 156 5150 istus
179 5079 362 5148 homicidas
387 5078 427 5144 ad
449 5076 592 5144 tribunal
610 5097 706 5142 suum
725 5077 848 5156 citaret,
871 5097 909 5142 ac
927 5077 1054 5144 vindie-
1105 5076 1200 5142 Mesi.
1241 5075 1333 5141 Adeo
1355 5083 1462 5140 autem
1485 5095 1616 5157 operam
1639 5075 1794 5138 encomiis
1816 5092 1880 5136 nou
1904 5074 2074 5159 impendit,

79 5179 145 5233 tam
180 5173 390 5251 exposceret,
429 5186 529 5248 quum
567 5184 602 5228 se
634 5173 788 5246 putarent
820 5165 885 5227 iam
917 5163 1051 5246 elapsos.
1105 5171 1142 5228 ut
1159 5163 1301 5246 ingenue
1318 5171 1450 5226 aeterne
1468 5161 1584 5243 probro
1601 5161 1736 5224 infamet
1753 5159 1859 5242 gentis
1877 5180 1958 5223 suae
1980 5169 2073 5226 autc-

79 5253 263 5334 Quaeritur
280 5261 389 5317 tamen
408 5270 516 5315 anuou
536 5250 600 5314 illis
611 5249 738 5332 pridem
750 5247 826 5314 data
838 5257 922 5315 esset
939 5249 1050 5316 venia:
1103 5268 1173 5312 rem
1196 5245 1281 5330 quod
1302 5248 1336 5312 in
1357 5267 1471 5312 omnes
1492 5246 1660 5314 redundet.
1696 5243 1866 5310 Lucianiei
1887 5265 1994 5324 canes,
2017 5249 2072 5326 qui

77 5341 161 5422 quod
197 5342 226 5406 si
256 5340 321 5403 iam
351 5338 523 5420 ignoverat
553 5333 656 5415 Deus,
687 5355 747 5400 cnr
780 5335 820 5400 ad
855 5334 1050 5420 supplicium
1103 5334 1207 5401 Musis
1227 5333 1406 5399 doctrinam
1434 5332 1585 5398 arrodere
1614 5340 1789 5410 conantur,
1818 5329 1949 5394 vetrum
1971 5331 2073 5400 fuisse

180 5439 297 5496 onata·
316 5452 409 5509 epora.
448 5437 506 5496 Vol.
539 5435 659 5492 XXIII.
1830 5430 1865 5486 38
