5022 6192
353 406 417 477 147
1013 399 1384 466 COMMENTARIUS
1405 399 1456 466 IN
1477 398 1690 466 GENESIN.
2286 396 2345 459 148

351 591 542 676 rependant.
587 587 643 654 Sic
665 596 775 653 autern
797 586 890 652 Deus
920 587 1098 652 vindictam
1121 589 1266 652 minatur
1288 608 1325 654 ac
1377 608 1452 666 suo,
1482 588 1537 670 qui
1565 585 1704 652 foederis
1726 599 1776 654 est
1805 589 1895 670 quasi
1924 588 2112 670 stipulator,
2146 595 2185 650 ιιι
2206 583 2344 649 secundo

354 677 528 741 denunciat
550 673 739 753 homicidis,
767 684 803 737 ut
825 682 931 737 armet
953 673 1049 738 etiam
1073 673 1180 757 gladio
1202 675 1326 756 magis·
1377 672 1448 738 loco
1470 673 1710 738 insacietatem
1733 673 1898 740 accedant.
1938 673 2112 738 Caeterum
2134 672 2269 737 minime
2291 667 2346 732 du·

353 776 460 828 tratus
489 759 528 825 ad
557 759 671 826 caedes
693 758 910 838 ulciscendas,
941 780 982 823 ne
1010 761 1142 842 impune
1172 757 1328 823 fundatur
1377 758 1466 824 bium
1500 769 1550 823 est
1577 758 1654 840 quin
1682 758 1746 824 Dei
1769 759 1938 824 consilium
1961 759 2075 834 fuerit,
2108 757 2259 822 omnibus
2280 757 2346 820 eius

354 849 490 932 sanguis
512 846 692 910 hominum.
1375 844 1515 928 posteris
1538 844 1715 910 consulere.
1757 845 1830 910 Non
1853 866 1930 928 ergo
1953 846 2116 926 privatum
2139 843 2252 907 foedus
2274 861 2346 905 cum

444 932 527 1014 Quia
547 932 590 996 od
611 932 779 1014 imaginem
796 928 860 994 Dei
880 929 953 1011 fecit
973 929 1135 994 homiuem.
1166 928 1240 1009 Quo
1257 949 1326 993 ma·
1376 951 1443 995 una
1465 939 1593 994 tentum
1617 928 1711 994 domo
1741 931 1903 996 sancitum
1926 932 2005 995 luit:
2039 928 2095 994 sed
2118 926 2270 994 omnibus
2293 947 2346 1007 po·

354 1021 406 1102 gis
431 1016 631 1100 superiorem
657 1015 839 1081 doctrinam
868 1015 1039 1080 confirmet
1063 1015 1166 1092 Deus,
1196 1035 1231 1079 se
1260 1036 1326 1078 non
1377 1015 1464 1098 pulis
1486 1036 1674 1093 commune,
1698 1024 1731 1079 et
1749 1015 1832 1098 quod
1852 1016 1988 1081 saeculis
2011 1013 2159 1080 omnibus
2183 1009 2348 1094 usquead

354 1115 492 1184 temere,
515 1124 575 1168 nec
598 1103 638 1166 de
660 1101 762 1172 nihilo
785 1109 853 1164 tam
883 1100 1057 1166 sollicitum
1082 1122 1152 1165 esse
1175 1099 1328 1164 admonet
1377 1103 1476 1166 finem
1509 1099 1624 1165 mundi
1657 1102 1776 1184 vigeat.
1833 1103 1878 1166 Et
1910 1123 1988 1167 sane
2021 1123 2120 1182 quum
2155 1098 2251 1163 bodie
2283 1119 2346 1161 non

355 1189 395 1254 de
418 1189 587 1254 hominum
620 1187 695 1252 vita.
739 1184 874 1268 Indigni
903 1185 1036 1268 quidem
1065 1197 1143 1250 sunt
1168 1187 1325 1263 hominen,
1377 1187 1486 1250 minus
1515 1187 1659 1250 exundet
1684 1188 1835 1268 impietas
1863 1208 1959 1269 quam
1989 1197 2096 1251 aetate
2124 1184 2233 1260 Noah,
2261 1183 2347 1265 plus-

355 1276 382 1341 si
405 1295 517 1340 eorum
541 1271 703 1338 duntaxat
724 1271 862 1337 habetur
883 1272 983 1353 ratio,
1007 1292 1086 1353 quos
1106 1280 1198 1337 curet
1218 1269 1326 1336 Deus:
1378 1293 1475 1354 quam
1495 1291 1625 1336 necesse
1642 1283 1692 1336 est
1710 1272 1771 1337 hoc
1789 1271 1853 1337 Dei
1872 1273 1970 1338 verbo
1989 1283 2143 1354 tanquam
2162 1269 2251 1333 mille
2269 1267 2348 1333 seris

355 1361 411 1426 sed
436 1360 512 1443 quia
539 1357 651 1422 ferunt
678 1359 855 1440 imaginem
878 1356 942 1420 Dei
970 1358 1180 1440 insculptam,
1210 1357 1327 1422 violari
1377 1367 1411 1422 et
1422 1357 1573 1424 clautris
1584 1357 1727 1422 cohiberi
1739 1379 1849 1439 aquas,
1869 1379 1909 1422 ne
1921 1359 1960 1421 ad
1973 1379 2032 1424 nos
2049 1354 2230 1440 perdendos
2243 1375 2347 1418 erum·

355 1469 390 1512 se
420 1445 586 1512 existimat
614 1445 648 1507 in
678 1464 791 1508 eorum
826 1463 975 1524 persona.
1026 1442 1080 1508 Ita
1108 1464 1207 1525 quum
1242 1442 1328 1506 nihil
1379 1455 1466 1524 pent.
1503 1441 1614 1522 Quare
1632 1464 1692 1506 nos
1710 1442 1772 1508 hac
1795 1443 2007 1526 promissione
2029 1443 2103 1508 freti
2124 1451 2348 1522 exspectemus

354 1531 523 1616 proprium
546 1528 689 1594 habeant
710 1528 858 1594 homiues
879 1527 967 1592 unde
989 1528 1050 1593 sibi
1072 1528 1245 1594 concilient
1263 1527 1328 1592 Dei
1379 1528 1464 1594 diem
1486 1539 1685 1606 extremum,
1708 1549 1772 1610 quo
1798 1529 1886 1612 ignis
1907 1530 2031 1595 eoelum
2054 1541 2088 1592 et
2110 1538 2232 1592 terram
2255 1526 2347 1590 absu-

355 1618 506 1704 gratiam‚
525 1636 585 1681 sua
602 1615 638 1678 in
656 1615 722 1679 illis
740 1613 825 1678 dona
843 1613 985 1694 respicit,
1003 1615 1119 1695 quibus
1136 1624 1328 1696 provocetur
1378 1635 1469 1678 mens
1492 1613 1652 1696 purgabit.

356 1703 391 1768 in
422 1723 533 1767 eorum
566 1720 711 1764 amorem
744 1709 777 1762 et
806 1719 927 1767 curam.
978 1697 1100 1766 Sedulo
1132 1709 1244 1764 autem
1270 1721 1326 1763 no·
1463 1698 1493 1764 9.
1520 1699 1598 1765 Οιιιιι
1630 1701 1729 1764 oraui·
1745 1702 1854 1766 oriere
1885 1702 2009 1764 eiusde.
2065 1698 2208 1763 Tametsi
2242 1696 2347 1778 gretia

356 1787 458 1854 tanda
486 1795 536 1851 est
565 1784 728 1863 doctrina,
757 1784 920 1850 neminem
951 1805 1044 1866 posse
1076 1785 1230 1850 iratribus
1260 1785 1327 1849 suis
1379 1805 1475 1867 quem
1499 1784 1662 1849 Dominus
1692 1787 1856 1867 promittit
1884 1785 1925 1850 ad
1954 1784 2108 1849 animalia
2135 1802 2262 1865 quoque
2292 1803 2345 1844 ex·

357 1895 428 1940 esse
457 1872 615 1936 iniurium
643 1872 723 1953 quin
752 1871 860 1936 Deum
890 1869 997 1952 ipsum
1025 1870 1140 1935 laedat.
1186 1870 1279 1951 Quae
1302 1871 1329 1936 si
1379 1871 1539 1934 tenditur:
1568 1890 1635 1933 non
1665 1881 1774 1936 tamen
1805 1873 1927 1935 frustra
1954 1869 2119 1935 Dominus
2147 1868 2233 1934 solos
2262 1887 2345 1932 com-

355 1959 456 2043 probe
473 1959 507 2022 in
529 1957 646 2022 animis
669 1957 788 2022 nostris
806 1957 908 2019 infixe
925 1963 1027 2033 esset,
1050 1955 1148 2039 longe
1169 1956 1329 2020 tardiores
1378 1957 1480 2038 pellet
1510 1956 1671 2033 hominos,
1703 1958 1758 2038 qui
1787 1955 1863 2021 fidei
1892 1977 1988 2022 sensu
2019 1956 2183 2038 percipere
2213 1965 2347 2036 possunt

357 2065 501 2110 essemus
519 2043 560 2107 ad
577 2041 763 2108 inferendas
781 2042 925 2106 iniurias.
958 2039 995 2106 Si
1014 2043 1085 2122 quis
1103 2040 1238 2112 obiiciat
1248 2043 1328 2106 ima·
1380 2041 1440 2106 hoc
1464 2042 1664 2106 beneficium.
1702 2040 1928 2107 Communiter
1949 2042 2089 2106 fruimur
2110 2040 2198 2106 coelo
2220 2052 2251 2104 et
2275 2051 2347 2102 aere

356 2131 467 2216 ginem
491 2129 580 2193 illam
600 2126 738 2193 deletam
758 2146 844 2191 esse:
863 2127 980 2191 solutio
998 2126 1101 2192 facilis
1119 2139 1177 2204 est,
1196 2148 1330 2192 munere
1380 2148 1454 2192 curn
1477 2126 1598 2202 bestiis,
1620 2136 1655 2189 et
1676 2127 1816 2192 eundem
1839 2128 2008 2192 haurimus
2029 2126 2162 2190 vitalem
2181 2126 2347 2207 spiritum:

357 2214 466 2280 adhue
501 2214 623 2296 aliquid
658 2213 841 2289 residuum,
877 2223 915 2276 ut
950 2221 1092 2293 praestet
1126 2233 1192 2276 non
1228 2233 1330 2294 parva
1380 2211 1438 2278 sed
1460 2211 1520 2278 hoc
1547 2233 1613 2276 non
1642 2212 1779 2295 vulgare
1810 2213 2016 2295 privilegium
2045 2229 2110 2288 est,
2141 2210 2226 2293 quod
2257 2209 2348 2275 nobis

357 2299 517 2385 dignitate
539 2299 645 2364 homo.
689 2298 818 2362 Deinde
847 2298 954 2378 ipsum
980 2297 1150 2362 coelestem
1174 2300 1329 2376 fictorem,
1381 2297 1516 2362 verbum
1544 2318 1638 2362 suum
1670 2297 1825 2371 destinat,
1861 2299 1947 2362 unde
1975 2298 2136 2362 discamus
2166 2309 2347 2378 paternum,

358 2394 525 2466 utcunque
548 2398 719 2466 corruptus
742 2384 787 2448 sit
815 2382 928 2460 homo,
953 2385 1051 2448 finem
1075 2390 1183 2446 tamen
1206 2386 1330 2465 primae
1380 2405 1443 2466 quo
1464 2405 1523 2448 nos
1544 2383 1760 2465 prosequitur,
1784 2404 1936 2448 amorem.
1983 2387 2031 2448 Ae
2051 2397 2117 2446 tres
2140 2382 2192 2446 bie
2215 2381 2349 2444 notandi

358 2472 530 2536 creationis
552 2469 671 2534 habere
693 2479 769 2534 ente
791 2468 916 2533 oculos:
947 2469 1039 2533 cuius
1061 2469 1210 2552 exemplo
1233 2490 1329 2551 rapu·
1382 2479 1459 2534 sunt
1486 2467 1616 2551 gradus.
1661 2469 1752 2533 Deus
1785 2471 1888 2544 enim,
1923 2470 2016 2552 quasi
2044 2469 2079 2532 in
2109 2491 2143 2532 re
2176 2467 2348 2550 praesenti,

358 2567 429 2621 tare
452 2577 511 2621 nos
533 2554 625 2621 decet
656 2575 809 2637 quorsum
839 2553 988 2618 homines
1010 2553 1191 2620 condiderit
1212 2565 1245 2619 et
1267 2575 1330 2636 qua
1382 2556 1555 2638 paciscitur
1582 2575 1655 2619 cum
1679 2555 1773 2619 Noah
1798 2565 1830 2616 et
1853 2556 1922 2618 eius
1951 2554 2088 2630 lanrilie,
2118 2576 2159 2617 ne
2182 2554 2244 2617 sibi
2263 2573 2282 2616 a
2303 2554 2349 2615 di·

358 2641 556 2707 excellentia
578 2661 631 2706 eos
660 2640 814 2724 dignatus
836 2640 879 2704 sit
904 2659 981 2721 prae
1011 2639 1232 2705 animantibus
1254 2639 1330 2704 reli·
1382 2639 1471 2704 luvio
1501 2651 1656 2704 metuant.
1708 2639 1836 2704 Deinde
1868 2640 1984 2704 loedus
2012 2661 2107 2704 suum
2136 2639 2177 2704 ad
2206 2651 2349 2721 posteros

358 2727 440 2809 quis.
1382 2725 1590 2799 transmittit,
1620 2746 1684 2790 non
1712 2739 1842 2790 tantum
1871 2737 1908 2789 ut
1936 2727 2091 2790 continue
2119 2727 2255 2790 effectus
2280 2745 2349 2789 suc-

447 2812 474 2876 7.
509 2810 554 2876 Ει
584 2831 638 2876 vos
668 2813 800 2876 ινιιιιιιε.
857 2808 1050 2876 Sermonem
1082 2832 1177 2876 suum
1210 2813 1330 2875 iterum
1382 2810 1485 2876 cessio
1507 2811 1546 2874 ad
1566 2811 1647 2875 alias
1665 2821 1787 2876 aetates
1805 2813 1981 2892 perveniat,
2004 2811 2059 2876 sed
2082 2822 2119 2875 ut
2141 2811 2205 2876 fide
2227 2831 2351 2892 quoque

360 2897 521 2964 convertit
552 2895 592 2960 ed
622 2896 719 2960 Noah
747 2906 780 2960 et
812 2895 880 2960 eius
912 2895 1012 2972 filios,
1041 2904 1078 2961 ut
1110 2896 1152 2961 ad
1184 2895 1331 2961 studium
1383 2896 1631 2979 apprehendant
1660 2897 1720 2961 boc
1750 2898 1971 2962 testimonium
1993 2898 2050 2980 qui
2077 2909 2187 2980 postea
2216 2917 2349 2960 nascen·

359 2981 588 3068 propagandae
621 2981 740 3047 sobolis
773 3001 827 3046 eos
860 2981 1025 3046 hortetur:
1060 3001 1098 3046 ac
1131 2983 1158 3045 si
1191 2983 1330 3046 diceret:
1384 2996 1452 3059 tur,
1475 2993 1508 3046 et
1529 2981 1616 3045 idem
1645 2983 1705 3048 sibi
1734 2983 1819 3065 quod
1843 2983 1920 3048 liliis
1942 2982 2036 3047 Noah
2062 2987 2261 3064 promissum
2276 3003 2351 3046 esse

360 3067 491 3134 Videtis
521 3087 573 3131 me
604 3069 768 3132 intentum
796 3088 867 3132 esse
895 3067 1034 3132 fovendo
1061 3078 1093 3131 et
1120 3066 1240 3132 tuendo
1269 3067 1330 3131 hu·
1382 3077 1538 3133 statuant.
1582 3068 1692 3132 'I'ertio
1722 3069 1864 3136 declarat
1882 3089 1917 3132 se
1945 3067 2051 3133 brutia
2079 3089 2206 3151 quoque
2229 3069 2350 3132 anima·

361 3175 459 3218 mano
491 3154 619 3238 generi:
660 3174 718 3218 vos
750 3154 861 3235 itaque
894 3153 929 3216 in
958 3153 1028 3218 eius
1062 3155 1331 3237 propagationem
1382 3153 1466 3218 libus
1489 3155 1556 3217 fore
1578 3154 1768 3238 propitium:
1795 3165 1923 3218 tantum
1946 3167 1983 3218 ut
2005 3155 2139 3218 effectus
2161 3154 2233 3220 sine
2257 3174 2351 3218 sensu

361 3261 493 3324 operam
523 3237 603 3302 mihi
633 3249 775 3302 vestram
804 3236 992 3320 impendite.
1035 3237 1173 3304 Interim
1197 3239 1331 3302 seminis
1383 3238 1651 3322 etintelligentia
1672 3239 1884 3304 adtuendam
1910 3239 2039 3304 illorum
2057 3240 2162 3304 vitum
2181 3239 2350 3321 pertineat.

361 3325 639 3392 conservationem
679 3324 745 3389 illis
783 3321 1031 3401 commendans,
1062 3345 1082 3388 a
1114 3323 1264 3389 caedibus
1299 3333 1332 3388 et
1383 3324 1479 3391 Unde
1502 3325 1604 3388 refelli
1624 3337 1729 3406 potest
1746 3325 2036 3406 Anabaptistarum
2055 3325 2194 3403 inscitia,
2217 3326 2274 3407 qui
2293 3325 2352 3388 Dei

360 3411 493 3476 iniustis
516 3409 679 3474 violentiis
702 3409 851 3474 deterret.
893 3409 1094 3491 Praecipuus
1123 3420 1232 3474 tamen
1256 3409 1331 3474 finis
1383 3409 1495 3476 Foedus
1518 3410 1696 3474 infantibus
1716 3431 1886 3476 commune
1909 3433 1979 3476 esse
2001 3422 2140 3494 negant,
2162 3411 2240 3494 quia
2263 3431 2351 3492 prae·

360 3499 424 3562 fuit
446 3497 500 3562 ille
520 3516 616 3581 quem
638 3496 730 3577 prius
752 3495 859 3578 attigi,
894 3507 930 3559 ut
954 3495 1079 3560 animos
1105 3497 1333 3577 expavesceres
1384 3498 1467 3561 senti
1496 3494 1560 3560 fide
1586 3507 1708 3562 carent.
1764 3495 1868 3577 Quasi
1897 3517 1974 3562 vero
2002 3498 2058 3562 ubi
2090 3498 2181 3562 Deus
2214 3496 2353 3561 salutem

361 3585 511 3665 erigeret.
556 3581 670 3663 Neque
700 3581 786 3645 enim
811 3583 846 3646 in
874 3581 925 3645 his
954 3581 1064 3645 verbis
1092 3579 1215 3646 nudum
1239 3602 1333 3663 prae·
1383 3582 1545 3664 promittit
1565 3583 1598 3645 in
1621 3581 1711 3645 mille
1733 3583 1966 3664 generationes,
1990 3603 2055 3647 non
2078 3587 2146 3647 sint
2168 3581 2353 3647 intermedii

361 3683 502 3751 ceptum,
526 3665 582 3730 sed
606 3667 776 3751 promissio
798 3668 897 3731 etiam
920 3667 1113 3731 continetur.
1384 3679 1494 3750 patres
1526 3667 1715 3744 infantium,
1756 3689 1893 3748 quorum
1927 3669 2068 3734 officium
2099 3683 2149 3732 est
2182 3666 2222 3732 de
2256 3689 2353 3732 manu

447 3751 641 3818 DiscitDeus
658 3751 813 3817 acholr.
847 3752 896 3816 Ne
918 3753 1073 3816 memoria
1095 3751 1211 3818 diluvii
1232 3771 1335 3817 novos
1386 3752 1483 3838 (quod
1506 3752 1610 3838 aiunt)
1634 3754 1664 3816 in
1689 3772 1821 3817 manum
1845 3763 2010 3836 acceptam
2032 3775 2052 3817 a
2074 3752 2145 3820 Deo
2167 3754 2353 3836 promissio·

363 3839 499 3903 subinde
528 3849 669 3902 terrores
698 3838 851 3912 incutiat,
881 3838 1006 3920 quoties
1035 3837 1160 3902 coelum
1193 3837 1335 3902 nubibus
1386 3859 1462 3903 nem
1495 3838 1559 3903 illis
1592 3838 1729 3903 tradere.
1787 3837 1955 3921 Quotquot
1987 3854 2098 3904 autern
2126 3840 2166 3904 ab
2199 3840 2262 3906 hcc
2295 3839 2354 3904 Dei

362 3923 538 3989 obductum
565 3923 682 4000 fuerit,
715 3924 807 4005 quasi
834 3924 952 3988 iterum
975 3921 1152 4006 mergenda
1174 3925 1217 3988 sit
1237 3933 1334 4001 terra,
1387 3923 1547 4006 praesidio
1587 3925 1686 3988 vitam
1727 3945 1820 3988 suam
1853 3925 2024 3989 retrabunt
2064 3925 2115 4012 (ut
2154 3926 2240 3990 bona
2281 3946 2354 4007 pars

363 4009 521 4074 eximitur
553 4009 633 4074 haec
673 4009 831 4073 anxietas.
886 4009 931 4072 Et
965 4017 1050 4073 certe
1084 4011 1112 4072 si
1145 4021 1335 4091 reputamus
1387 4009 1556 4074 hominum
1579 4007 1639 4074 hoc
1661 4007 1725 4073 Dei
1747 4009 1858 4074 l'osdus
1887 4010 1941 4074 vel
1969 4012 2163 4090 contemnit,
2184 4011 2236 4075 vel
2259 4009 2354 4095 ridet)

363 4103 485 4179 quante
503 4096 546 4159 sit
563 4093 603 4159 ad
622 4094 836 4158 diffidentiam
856 4093 993 4160 humani
1011 4094 1135 4178 ingenii
1153 4095 1335 4177 propensio,
1387 4094 1449 4160 hac
1471 4095 1539 4158 sola
1561 4095 1797 4177 ingratitudine
1819 4095 1910 4178 digni
1931 4106 2011 4160 sunt
2031 4098 2087 4179 qui
2109 4107 2302 4180 mergantur
2322 4096 2355 4160 in

364 4198 429 4246 non
462 4180 677 4245 iudicabimus
704 4199 941 4262 supervacuum
971 4181 1070 4244 fuisse
1097 4180 1158 4244 boe
1189 4180 1334 4244 testimo·
1387 4183 1498 4264 ignem
1521 4191 1699 4246 aeternum.
1744 4181 1828 4246 Nam
1856 4183 1917 4246 etsi
1945 4193 2074 4246 terrena
2101 4193 2151 4247 est
2174 4184 2355 4266 promissio,

365 4269 456 4331 nium
484 4266 582 4330 etiam
610 4265 697 4347 apud
719 4265 823 4330 Noah.
868 4266 950 4330 Erat
978 4265 1107 4346 quidem
1137 4286 1212 4330 rara
1233 4275 1266 4330 et
1284 4269 1335 4329 in·
1386 4267 1492 4332 voluit
1513 4277 1623 4346 tamen
1641 4287 1775 4332 suorum
1793 4266 1890 4331 fidem
1908 4269 2053 4332 exerceri
2071 4268 2169 4345 Deus,
2187 4279 2226 4333 ut
2242 4289 2356 4352 agnos-

364 4351 574 4434 oomparabili
598 4351 661 4416 fide
683 4372 786 4433 usque
804 4349 1058 4417 admiraculum
1079 4351 1261 4433 praeditus:
1280 4350 1337 4416 sed
1388 4363 1464 4416 cant
1491 4350 1650 4434 singulari
1679 4351 1748 4418 eius
1776 4353 1931 4418 beneficio
1960 4365 2084 4417 certum
2112 4355 2147 4417 in
2176 4365 2265 4418 terre
2297 4353 2356 4420 sibi

366 4438 494 4502 nullum
517 4439 624 4520 potuit
645 4458 716 4502 esse
744 4445 873 4502 tantum
902 4437 1102 4501 constantias
1132 4436 1230 4501 robur
1251 4437 1337 4517 quod
1388 4437 1456 4501 fore
1478 4436 1665 4518 hospitium,
1688 4438 1789 4502 donec
1806 4439 1839 4500 in
1862 4438 1986 4503 coelum
2004 4437 2207 4521 colligantur.

364 4545 432 4589 nou
455 4523 597 4588 illatam
621 4523 724 4588 tristis
753 4533 786 4585 et
808 4522 973 4588 horribilis
1002 4523 1065 4587 Dei
1094 4522 1238 4587 vindicta
1264 4543 1337 4606 per·
1476 4523 1526 4586 11.
1545 4522 1613 4588 Hoc
1628 4527 1673 4587 est
1696 4524 1821 4605 siquem
1835 4523 1977 4605 foederis.
2012 4523 2157 4588 Additur
2174 4526 2357 4608 symbolum

365 4610 507 4676 celleret.
552 4610 641 4692 Ergo
672 4610 797 4691 quoties
825 4609 928 4672 maior
960 4607 1077 4688 aliquis
1105 4617 1139 4672 et
1166 4609 1339 4674 continuus
1389 4607 1474 4690 quod
1501 4609 1745 4690 promissionem
1768 4609 1932 4692 obsignat,
1954 4610 1989 4674 in
2012 4631 2075 4691 quc
2096 4611 2235 4693 refulget
2257 4611 2356 4676 admi·

365 4695 471 4760 imber
500 4695 658 4759 diluvium
686 4695 782 4760 terrie
811 4694 929 4758 minari
955 4695 1137 4772 videbitur,
1165 4695 1340 4776 opponitur
1389 4693 1501 4758 rabilis
1528 4692 1591 4757 Dei
1620 4693 1839 4777 indulgentia:
1867 4696 1923 4776 qui
1947 4711 1984 4759 ut
2012 4694 2146 4760 solidam
2174 4697 2272 4762 verbo
2302 4719 2358 4762 suo

366 4781 498 4858 fultura,
520 4781 553 4844 in
577 4801 674 4864 quam
696 4793 830 4845 sanctus
854 4779 905 4844 vir
922 4777 1097 4844 recumbat.
1133 4779 1206 4843 Etsi
1230 4789 1339 4844 autern
1390 4779 1487 4844 fidem
1509 4778 1596 4861 apud
1618 4801 1677 4844 nos
1700 4791 1833 4858 asserat,
1856 4780 1975 4846 talibus
1996 4780 2203 4846 adminiculis
2225 4783 2274 4847 uti
2293 4803 2358 4847 non

366 4867 473 4949 magis
502 4865 673 4950 indigeant
701 4865 762 4932 bac
784 4865 1028 4930 confirmatione
1050 4865 1120 4929 eius
1152 4865 1210 4928 filii
1242 4886 1340 4947 quam
1391 4877 1557 4950 gravatur.
1603 4863 1797 4948 Quanquam
1820 4877 1929 4930 autem
1952 4866 1991 4930 de
2014 4867 2180 4952 signorum
2203 4889 2264 4932 usu
2295 4869 2358 4951 ple

367 4951 455 5035 ipse:
480 4951 637 5016 Dominus
666 4962 777 5018 tamen
809 4951 1015 5032 potissimum
1041 4951 1074 5014 iu
1104 4951 1174 5014 eius
1201 4952 1340 5033 gratiam
1392 4953 1467 5016 nius
1499 4951 1712 5016 disseruimus
1746 4953 1851 5034 capite
1883 4953 2040 5028 secundo,
2074 4953 2217 5017 breviter
2250 4965 2359 5018 tamen

368 5035 521 5119 loquitur.
557 5040 666 5118 Atque
689 5037 752 5103 hue
774 5035 945 5101 referenda
967 5045 1017 5099 est
1038 5034 1210 5116 particula:
1234 5035 1278 5100 Et
1299 5037 1342 5101 od
1392 5039 1444 5102 hio
1467 5059 1507 5101 ex
1530 5037 1639 5101 verbis
1661 5038 1764 5102 llosis
1785 5039 1963 5102 tenendum
1985 5051 2050 5114 est,
2073 5039 2167 5120 signa
2189 5060 2360 5121 perperam

367 5121 453 5204 filios
473 5123 542 5186 eius
564 5122 619 5204 qai
638 5143 708 5187 cum
729 5123 796 5204 ipso
817 5127 915 5187 aaut.
949 5121 1015 5202 Qui
1037 5123 1074 5184 fir
1096 5121 1183 5186 enim
1202 5123 1342 5186 utDeus
1392 5124 1532 5188 averbo
1553 5124 1705 5203 separari.
1751 5122 1898 5188 Verbum
1920 5123 2062 5206 appello,
2092 5144 2158 5187 non
2180 5127 2274 5206 quale
2297 5128 2360 5190 iac·

370 5228 444 5272 curn
474 5207 550 5273 filiis
580 5207 674 5272 Noah
703 5207 815 5274 foedus
837 5228 934 5273 suum
963 5207 1147 5289 paciscens,
1177 5227 1231 5272 eos
1259 5205 1341 5272 bens
1393 5220 1466 5272 tant
1487 5209 1644 5290 papistae,
1678 5229 1740 5291 quo
1767 5229 1899 5291 panem,
1934 5210 2062 5285 vinum,
2092 5229 2224 5292 aquarn,
2255 5211 2361 5276 oleum

370 5314 503 5377 sperare
531 5293 662 5359 iubeat?
691 5293 817 5375 Nempe
844 5295 921 5376 quia
949 5291 1113 5358 coniuncti
1148 5305 1224 5357 sunt
1256 5295 1340 5375 patri
1393 5295 1527 5378 magicis
1560 5294 1702 5359 susurris
1731 5295 1918 5372 incantant,
1948 5295 2003 5360 sed
2034 5295 2120 5377 quod
2149 5295 2247 5360 fidem
2275 5295 2360 5360 asdi-
