4988 6192
123 445 185 512 557
779 441 1150 513 COMMENTARIUS
1174 441 1219 508 ΙΝ
1242 439 1456 509 GENESIN.
2053 445 2116 510 558

122 628 298 708 iratribus,
322 627 421 696 simul
444 629 541 695 etiam
565 649 619 696 eos
645 628 800 695 admouet
820 627 961 712 nequid
984 628 1094 693 tnrba-
1146 647 1218 693 ram
1239 626 1308 692 eins
1328 647 1398 694 aem
1418 650 1468 710 eo,
1494 630 1582 712 tiliae
1604 633 1688 711 aas,
1718 631 1851 710 etriliae
1876 631 2016 713 filioram
2037 633 2115 711 eins

123 737 197 784 rum
216 723 382 784 moveant.
425 714 620 780 Pimendum
644 715 731 780 enim
753 724 823 780 erat
844 735 886 778 ne
908 715 1043 797 quisque
1061 733 1096 778 se
1147 717 1288 778 amnne
1316 733 1418 779 semen
1451 737 1544 782 sunm
1576 717 1704 783 &drmit
1735 737 1838 783 seorim
1866 719 1901 782 in
1930 717 2116 801 Aeppptnm.

122 802 294 888 purgando
316 801 440 866 crimen
462 801 640 866 transferre
661 801 696 865 in
718 799 800 866 alios
822 798 977 879 studeret,
1001 809 1097 881 atque
1147 799 1176 864 8.
1198 797 1285 862 Haec
1312 805 1386 864 nent
1413 807 1516 868 amera
1543 804 1671 869 nonina
1696 802 1838 885 filioram
1860 802 1966 868 Israel
1989 804 2045 885 psi
2066 803 2118 867 in-

123 892 170 955 ita
209 893 359 972 surgeret
398 886 575 952 contentio.
628 886 720 954 Haec
759 884 949 951 humanitas
976 882 1096 967 Ioseph
1143 884 1246 968 pressi
1273 888 1346 949 sunt
1365 885 1401 951 in
1423 887 1913 972 Aeppptnm11atceoterptit
1941 889 2026 954 eins:
2047 889 2118 970 pri-

123 973 219 1039 uobis
246 971 406 1037 imitanda
428 979 477 1038 est
499 978 537 1037 ut
565 971 695 1038 obviam
725 991 852 1052 samus,
882 969 1095 1054 quantumin
1146 969 1319 1052 mopenitns
1340 969 1475 1039 Iabacob
1498 973 1633 1040 Renben.
1678 974 1708 1040 9.
1731 973 1776 1038 Et
1797 973 1861 1056 filii
1884 972 2027 1039 Renben:
2048 973 2118 1038 Ha·

123 1058 218 1126 uobis
239 1058 316 1138 erit,
344 1057 443 1137 rixis,
468 1063 501 1122 et
520 1058 698 1123 verborum
720 1057 965 1123 certaminibus.
1010 1055 1095 1121 Nam
1146 1054 1229 1133 norb,
1253 1059 1280 1118 et
1302 1053 1429 1137 Pballn,
1452 1063 1480 1124 et
1500 1059 1634 1140 Hesron,
1655 1065 1684 1126 et
1702 1058 1839 1126 Olaarmi.
1876 1059 1926 1124 10.
1951 1058 2032 1126 Pllii
2048 1079 2118 1126 cero

123 1145 278 1212 Christus
309 1163 330 1207 a
364 1143 432 1210 suis
463 1142 633 1229 discipulis
664 1163 729 1208 uon
763 1149 892 1208 tuntum
925 1142 1027 1226 exigit
1060 1149 1096 1206 at
1148 1139 2118 1225 stnnnslemnet,er1amtn,concaalnttnesSc

144 1230 214 1297 acis
253 1229 322 1294 siut
361 1233 525 1310 amantes,
566 1228 622 1294 scd
663 1229 761 1294 etiam
794 1235 830 1293 ut
866 1229 932 1295 sint
969 1227 1096 1311 pacifici
1147 1225 1223 1306 bur,
1255 1232 1283 1292 et
1317 1226 1397 1294 Sani
1425 1228 1515 1310 fitius
1547 1230 1791 1298 timcantriats.
1837 1231 1888 1296 11.
1919 1229 2002 1296 Filii
2030 1229 2117 1311 Leni,

121 1253 259 1403 dMattb
277 1313 308 1395 5,
326 1312 369 1400 9).
403 1312 514 1395 Quare
531 1321 681 1381 nostrum
699 1321 757 1393 est,
780 1321 960 1397 opportune
982 1312 1096 1396 iurgiis
1150 1311 1634 1392 sermoncinatione
1681 1317 1731 1382 12.
1755 1316 1839 1383 Filii
1861 1315 2018 1381 Isindab:
2039 1315 2117 1397 Her,

122 1399 275 1468 omnibns
292 1401 465 1466 materiam
484 1407 518 1465 ct
540 1401 742 1467 oecmioucm
765 1398 887 1465 tollere.
921 1399 1097 1464 Praeterea
1146 1402 1175 1463 et
1195 1396 1304 1477 onan,
1326 1403 1354 1464 et
1377 1398 1478 1482 Selab,
1501 1407 1528 1468 et
1551 1400 1656 1482 Peres,
1674 1408 1704 1469 et
1725 1401 1845 1469 Zeral:
1865 1407 1894 1467 et
1912 1407 2054 1469 mortuns
2073 1407 2120 1468 est

123 1486 294 1555 sciendum
312 1495 370 1566 est,
393 1484 479 1570 quod
496 1485 651 1552 fratribus
668 1485 833 1571 praecepit
850 1484 979 1569 Ioseph,
1003 1483 1097 1549 nobis
1147 1482 1217 1548 Her
1237 1489 1264 1550 et
1284 1483 1384 1552 &ram
1405 1487 1441 1551 in
1467 1492 1551 1554 terra
1571 1485 1728 1558 Obenaan
1763 1487 1906 1553 bierunt
1932 1492 2033 1552 amen
2055 1488 2119 1570 pilii

123 1571 277 1640 omnibus
295 1593 315 1637 a
336 1572 452 1655 spiritu
469 1570 536 1638 Dei
554 1572 712 1652 mandari,
735 1592 777 1637 nc
799 1570 922 1638 scilicet
940 1569 996 1636 alii
1016 1569 1097 1635 alios
1149 1568 1261 1635 Peras:
1293 1569 1433 1648 Hesron,
1465 1577 1492 1638 et
1524 1572 1654 1640 Homul.
1706 1573 1756 1638 13.
1786 1573 1831 1639 El
1859 1573 1922 1655 pilii
1949 1572 2120 1640 Issnabar:

124 1656 368 1725 exacerbemus.
420 1657 507 1739 Quin
540 1665 648 1724 eutem
683 1656 829 1724 accidere
856 1657 923 1722 fere
951 1655 1034 1721 solet
1060 1654 1096 1719 in
1151 1653 1279 1736 Tiatab,
1300 1662 1330 1721 et
1353 1657 1475 1738 Pnsab,
1497 1664 1525 1724 et
1547 1657 1612 1740 Iob,
1638 1664 1666 1724 et
1688 1658 1823 1726 simron.
1871 1659 1921 1724 14.
1946 1657 2029 1724 Fttit
2048 1679 2119 1724 vero

123 1743 356 1812 communibus
390 1741 532 1823 delictis,
571 1759 609 1808 ut
647 1739 894 1830 tergiversando
927 1741 982 1808 alii
1016 1740 1097 1805 alios
1148 1739 1302 1806 Zebnlan:
1330 1741 1441 1823 Serecl,
1471 1748 1501 1809 et
1526 1744 1626 1824 Elon,
1657 1744 1833 1811 etInlrleel.
1879 1745 1929 1810 15.
1953 1743 2017 1810 Isti
2044 1749 2119 1810 sant

122 1828 271 1914 maligne
289 1837 438 1914 pavent,
457 1827 619 1895 discamus
636 1829 759 1914 singuli
773 1847 949 1914 agnoscere
960 1835 992 1893 et
1002 1826 1097 1892 lateri
1145 1827 1209 1908 filii
1227 1825 1322 1908 Leala
1345 1849 1422 1910 qnos
1437 1830 1560 1913 peperit
1580 1831 1646 1912 ipsi
1663 1828 1796 1896 Iabaecb
1817 1831 1852 1894 in
1872 1829 1987 1896 Parion
2004 1830 2116 1906 Aram,
2165 1869 2167 1874 ·

121 1917 293 2000 propriam
323 1913 467 1998 culpam,
497 1935 538 1980 ns
565 1937 606 1980 ex
629 1913 894 1982 alternationibus
917 1913 1097 1980 efferveant
1147 1918 1176 1978 et
1197 1911 1309 1978 Dinab
1326 1914 1429 1994 titiam
1449 1917 1533 1980 eins
1550 1935 1653 1982 ornnes
1675 1917 1802 1982 animae
1820 1915 1961 1997 filiorm
1981 1917 2067 1994 eius,
2089 1921 2119 1981 et

119 2021 262 2088 pugnae.
1145 1998 1288 2081 {iliarum
1310 2000 1378 2066 eius
1399 2001 1527 2082 fuerant
1542 2003 1673 2086 tripinta
1689 2006 1717 2067 et
1732 2006 1803 2068 tres.
1841 2001 1891 2066 16.
1911 2000 1994 2068 Filii
2015 2007 2117 2067 aretem

208 2087 262 2152 26.
284 2083 330 2150 Et
349 2084 535 2152 dissolraam
553 2089 597 2150 est
612 2105 664 2153 cor
680 2087 758 2151 aas.
793 2084 922 2152 Scimus
939 2082 1096 2168 quosdam
1150 2083 1243 2151 Gad:
1274 2083 1421 2170 Sipbion,
1454 2086 1648 2170 etHappbi,
1680 2086 1761 2152 Sani
1788 2093 1817 2154 et
1836 2087 1957 2167 Esbon,
1987 2087 2069 2152 Heri
2088 2092 2117 2152 et

120 2173 232 2240 subita
255 2179 288 2236 et
310 2171 481 2256 inopinata
502 2170 627 2237 laetitia
648 2172 749 2238 luisse
771 2170 982 2236 exanimatos.
1018 2169 1096 2234 Ideo
1148 2171 1262 2250 Aradi,
1285 2175 1312 2235 et
1333 2169 1433 2237 Areli.
1475 2173 1524 2237 17.
1548 2172 1592 2238 El
1609 2173 1674 2254 filii
1694 2172 1794 2239 Aser.-
1816 2171 1939 2252 Imnab,
1961 2177 1989 2238 et
2008 2171 2115 2253 Ienab,

121 2259 257 2344 quidam
297 2257 488 2341 intelligunt
523 2257 716 2324 suffocatum
755 2258 854 2324 luisse
893 2276 950 2322 cor
988 2253 1096 2335 Iacob,
1147 2257 1271 2335 etIsoi‚
1293 2261 1320 2320 et
1341 2255 1492 2335 Beribab,
1515 2263 1543 2322 et
1565 2257 1664 2324 Seralr
1685 2278 1773 2325 soror
1793 2279 1907 2326 eornm.
1943 2257 2026 2324 Fas
2046 2275 2117 2324 nero

122 2343 211 2429 quod
233 2343 325 2410 velut
346 2342 498 2410 embadon
525 2351 658 2428 stupore
685 2350 852 2427 correptus
874 2341 982 2407 merit.
1029 2339 1095 2406 Sed
1148 2342 1285 2408 Beriab:
1302 2342 1406 2407 Heber
1426 2348 1453 2408 et
1471 2342 1627 2410 Malcbiel.
1661 2344 1711 2411 18.
1735 2345 1798 2410 Isti
1817 2350 1891 2410 sunt
1908 2344 1972 2426 filii
1989 2343 2115 2425 Zslpab,

120 2431 236 2496 Moses
260 2430 357 2494 aliem
381 2447 510 2496 causam
535 2429 697 2512 assignat,
721 2428 804 2512 quod
826 2427 924 2493 fidem
946 2447 1013 2491 non
1036 2426 1095 2491 ha·
1147 2448 1242 2511 paam
1263 2429 1348 2493 dedit
1369 2428 1481 2495 laban
1503 2429 1590 2495 Leab
1609 2429 1696 2511 tiliae
1721 2449 1810 2510 snae,
1840 2434 1870 2496 et
1888 2431 2015 2511 peperit
2041 2431 2117 2495 istos

120 2515 204 2582 bens
226 2514 323 2593 liliis,
345 2515 433 2581 inter
455 2534 546 2598 spem
568 2523 604 2579 et
623 2523 746 2580 melum
770 2515 965 2580 consmictus
986 2512 1095 2578 luerit.
1148 2515 1213 2596 ipsi
1225 2513 1368 2593 Iabaeob,
1386 2514 1516 2580 sedeam
1532 2516 1667 2581 artinas.
1702 2516 1752 2581 19.
1771 2514 1855 2581 Filii
1873 2515 1989 2580 Raebel
2004 2516 2118 2581 anons

120 2601 256 2670 Scimus
273 2609 392 2681 entem,
410 2599 466 2683 qui
485 2599 595 2666 audito
611 2599 792 2666 incredibili
809 2600 929 2664 nuncio
946 2599 1096 2682 suspensi
1148 2599 1298 2678 Iohanni,
1322 2599 1434 2682 Iosepb
1455 2604 1485 2665 et
1506 2600 1687 2666 Beniarnin.
1731 2601 1783 2667 20.
1808 2600 1888 2667 Nati
1915 2605 1990 2666 sunt
2015 2605 2116 2666 aedem

119 2687 276 2787 h'aerent,
310 2693 438 2787 torpere
469 2685 562 2770 qnasi
595 2686 770 2786 exanimes.
821 2684 897 2751 Nou
925 2685 988 2750 fuit
1015 2704 1095 2768 ergo
1147 2686 1213 2786 ipsi
1235 2683 1349 2784 Ioseph
1370 2687 1406 2752 in
1426 2691 1511 2786 terrp
1529 2687 1673 2786 depppti,
1695 2707 1772 2769 paos
1787 2686 1910 2770 peperit
1931 2687 1960 2751 ei
1978 2686 2117 2785 Asenctb

119 2771 268 2924 {titt
285 2770 1094 2942 llllttltl“nltsttrtltlslt
1144 2769 1601 2937 ttetltlt'llttttf
1616 2771 1881 2940 indidi
1895 2776 1930 2923 3
1944 2771 2118 2937 titt

118 2954 197 3030 post
226 2943 307 3009 dicit
332 2942 457 3023 Moses,
486 2943 644 3008 revixisse
672 2944 742 3008 eins
770 2942 938 3026 spiritum,
967 2939 1022 3006 ubi
1052 2939 1094 3005 ad
1148 2941 1259 3022 Asbel,
1289 2943 1375 3008 Gna
1401 2947 1429 3009 et
1457 2942 1622 3023 Naaman,
1650 2942 1716 3008 Eat
1743 2948 1771 3008 et
1798 2941 2117 3026 Ros,d1nppim,et

119 3029 276 3113 seipsum
294 3049 457 3107 reversus,
477 3030 655 3111 composito
672 3029 790 3110 auimo,
808 3049 921 3096 verum
940 3048 1011 3094 esse
1028 3047 1096 3094 ere-
1149 3028 1301 3112 Huppim,
1323 3029 1466 3096 etArnlc.
1498 3029 1550 3094 22.
1574 3028 1638 3094 Isti
1658 3033 1733 3094 sant
1750 3027 1816 3109 filii
1833 3027 1953 3095 Rachel
1972 3029 2028 3111 pai
2048 3029 2118 3094 nati

121 3115 209 3180 didit
230 3114 317 3199 quod
340 3113 495 3180 audieret.
540 3116 695 3180 Amorem
720 3134 800 3179 vero
822 3133 919 3179 suum
942 3133 1021 3198 erga
1041 3112 1095 3177 Io·
1147 3119 1219 3180 sant
1227 3115 1292 3196 ipsi
1302 3113 1456 3181 Iabaeod:
1471 3134 1576 3180 crnnes
1592 3115 1718 3180 camme
1733 3115 1974 3198 ptatnorcleeim.
2007 3115 2059 3180 23.
2072 3113 2117 3179 Et

119 3202 205 3285 seph
228 3221 294 3264 nan
318 3199 501 3284 elanguisse
523 3201 678 3282 temporie
700 3199 806 3282 spatio
828 3197 985 3278 ostendit,
1008 3197 1095 3281 qnod
1145 3200 1209 3283 filii
1230 3199 1322 3265 Dan:
1344 3199 1488 3266 Hassim.
1532 3200 1584 3266 24.
1608 3199 1690 3266 Filii
1713 3199 1898 3282 Nepbtbali:
1920 3199 2058 3278 loiseel,
2089 3203 2117 3265 et

119 3307 191 3352 nou
213 3283 303 3351 alind
325 3284 388 3352 sibi
407 3284 541 3353 vivendi
563 3286 706 3369 pretium
724 3285 840 3352 statuit
856 3305 955 3369 quam
977 3284 1095 3350 ut‘lrui
1151 3286 1248 3366 Garri,
1270 3290 1297 3350 et
1317 3285 1417 3366 Ieser,
1440 3290 1468 3351 et
1491 3284 1608 3352 seren
1653 3285 1705 3351 25.
1729 3287 1791 3352 Isti
1811 3291 1885 3352 sunt
1902 3285 1966 3368 filii
1986 3285 2116 3367 Bilbalt,

118 3373 220 3439 liceat
240 3372 313 3437 eius
335 3375 519 3456 conspectu.
556 3371 653 3436 Prius
675 3371 737 3437 sibi
758 3370 949 3438 continuum
972 3369 1099 3436 indixe-
1148 3392 1243 3456 priam
1263 3371 1347 3438 dedit
1368 3371 1476 3438 Laban
1500 3371 1618 3438 Racbd
1635 3369 1725 3452 litiae
1743 3391 1830 3452 snae,
1854 3373 2020 3454 etpeperit
2040 3372 2117 3437 istos

120 3467 175 3524 rat
214 3475 399 3522 moerorem
434 3476 539 3540 usquc
579 3456 621 3522 nd
654 3456 855 3542 sepulcrum:
891 3477 979 3522 nnuc
1017 3475 1098 3522 vero
1147 3458 1213 3540 ipsi
1244 3456 1396 3537 Iohanni,
1435 3477 1539 3524 ornms
1576 3458 1702 3524 animae
1738 3462 1860 3541 septem.
1915 3458 1966 3523 26.
2003 3455 2117 3522 Omnes

118 3544 244 3610 laetam
267 3541 330 3608 sibi
351 3543 419 3608 lore
439 3549 578 3608 mortem
598 3541 801 3627 pronunciet.
1149 3543 1274 3610 animae
1290 3563 1370 3625 qnae
1386 3548 1533 3608 onerant
1547 3561 1618 3609 enm
1636 3541 1771 3610 Iabasob
1789 3544 1823 3609 in
1837 3545 2019 3628 Aeppptnm,
2036 3561 2116 3624 qnae

1148 3647 1289 3712 epressae
1307 3633 1381 3694 sant
1400 3627 1438 3695 ale
1456 3628 1571 3711 femore
1592 3630 1662 3694 aas
1683 3633 1812 3711 praeter
1838 3648 1951 3694 mores
1977 3627 2115 3710 filiontm

1149 3713 1293 3792 Iabaecb,
1316 3733 1427 3796 mnes,
1449 3715 1587 3797 inquam,
1611 3715 1737 3780 animae
1755 3715 1883 3796 fuerant
1902 3713 2116 3798 senapintaet

1149 3821 1211 3866 sen.
1246 3799 1298 3864 27.
1321 3798 1366 3864 Et
1382 3799 1445 3881 filii
1463 3799 1577 3881 Ioseph
1598 3800 1655 3882 pai
1674 3800 1746 3865 nati
1765 3804 1837 3865 sunt
1857 3800 1886 3865 ei
1907 3800 1943 3864 in
1964 3800 2113 3884 Aepppta,

461 3880 612 3949 OAPUP
633 3881 761 3948 XLVI.
1148 3887 1275 3951 animae
1289 3885 1392 3950 -daae,
1440 3883 1552 3950 Omnes
1583 3886 1707 3952 annae
1735 3886 1845 3952 domne
1872 3883 2007 3951 Iaiaeab
2035 3903 2115 3966 qaae

1147 3973 1306 4054 inpressae
1342 3973 1415 4036 sent
1445 3971 1481 4034 in
1513 3970 1703 4056 Aeppptnm,
1740 3971 1869 4055 fuerant
1908 3971 2113 4055 septnapinta.

212 4056 242 4120 1.
266 4052 380 4136 Itaque
396 4052 556 4137 profectus
577 4058 622 4118 est
644 4050 755 4134 Israel,
777 4059 807 4120 et
869 4072 1023 4136 amneque
1043 4054 1097 4118 ba-
1148 4057 1200 4123 28.
1225 4055 1324 4122 Porro
1347 4054 1489 4120 Iebndab
1509 4057 1688 4122 misitania
1707 4076 1741 4122 se
1760 4059 1804 4122 ad
1826 4055 1938 4142 Iosepb
1961 4056 2005 4123 ael
2018 4075 2114 4137 prae

120 4140 221 4221 bebct,
243 4143 272 4204 et
292 4139 376 4204 oeni
396 4139 430 4204 in
453 4137 659 4216 Beer-sedai,
682 4143 767 4205 etse
810 4140 816 4154 '
876 4141 921 4205 nit
940 4140 1097 4222 sacrifieia
1141 4141 1326 4226 parandam
1354 4143 1453 4209 nean
1479 4147 1550 4208 ante
1576 4162 1610 4207 sc
1638 4144 1673 4206 in
1702 4142 1819 4221 Gasen,
1848 4147 1878 4208 et
1904 4145 2051 4208 venerunt
2077 4141 2114 4206 in

121 4229 193 4298 Deo
216 4225 326 4308 patris
351 4225 405 4290 sni
426 4223 530 4290 Isbac.
574 4225 604 4288 2.
628 4223 672 4288 Et
698 4225 783 4290 elisit
803 4224 895 4290 Deras
923 4226 967 4291 ad
993 4224 1098 4292 Israel
1146 4235 1265 4294 terram
1289 4227 1400 4294 Gosen.
1443 4228 1495 4294 29.
1519 4228 1563 4293 st
1590 4228 1699 4312 lipovit
1720 4227 1833 4308 Ioseph
1858 4247 1983 4293 enrrarn
2009 4246 2112 4304 mum,

121 4310 303 4380 visionibus
319 4310 424 4390 noctis,
445 4310 531 4376 dicit
545 4309 1096 4392 inquam:1abacob,1abaaob:slle
1146 4314 1333 4381 amandis
1358 4314 1393 4379 in
1421 4335 1580 4381 occuram
1603 4313 1707 4378 Israd
1727 4313 1835 4395 patris
1859 4314 1913 4378 sni
1933 4313 1967 4376 in
1991 4312 2113 4377 Gosen:

121 4397 300 4480 respondit:
322 4391 402 4463 Eece
423 4395 544 4462 adan
580 4395 610 4460 3.
633 4392 678 4460 Ia
697 4397 794 4461 atet:
814 4395 883 4481 Epo
903 4417 974 4462 enm
995 4395 1095 4477 Deras,
1146 4405 1372 4484 etconspectns
1392 4404 1437 4466 est
1457 4401 1495 4480 ei,
1517 4405 1544 4465 et
1564 4399 1691 4466 iactant
1710 4418 1743 4464 se
1763 4397 1806 4462 ad
1824 4397 1935 4464 codam
1956 4399 2040 4477 eins,
2060 4399 2114 4478 fle

122 4485 218 4585 Deus
232 4482 342 4582 patris
361 4481 426 4547 tui:
457 4501 495 4548 ne
516 4482 628 4547 timeas
649 4481 883 4582 descerrdereuin
903 4482 1095 4567 Aeppptarn:
1144 4487 1249 4567 sitque
1275 4505 1370 4569 srsper
1392 4485 1505 4585 callam
1526 4486 1594 4551 eins
1614 4483 1723 4584 adbuc.
1765 4483 1817 4548 30.
1840 4483 1884 4548 Et
1904 4484 1987 4583 dicit
2008 4483 2114 4584 Israel

116 4588 268 4726 illel
285 4567 938 4737 ilffllmlmlalll'il‘ilnlc
955 4567 1097 4720 litt
1145 4569 1494 4723 tttftltlttt
1519 4571 1683 4722 'llll‘t
1712 4568 1973 4721 pilimillll
1997 4569 2112 4737 illl

114 4742 242 4829 faciam
260 4738 466 4806 candendo:
485 4673 599 4820 ngd
614 4759 733 4824 pnopnc
743 4743 840 4822 ponet
857 4758 987 4805 manum
1003 4759 1095 4806 mam
1143 4741 1300 4827 fratribus
1330 4743 1413 4822 sris,
1445 4746 1473 4806 et
1504 4741 1611 4807 almani
1635 4743 1744 4821 patris
1770 4741 1839 4806 sai:
1864 4739 2057 4820 Ascordum,
2084 4745 2112 4806 ct

114 4848 218 4910 snper
240 4825 343 4891 anns
362 4829 439 4889 taos.
484 4823 514 4890 5.
539 4823 652 4890 Postea
672 4825 813 4890 ennesii
832 4824 924 4890 lccab
945 4826 983 4890 de
1000 4824 1095 4890 Beer·
1144 4827 1298 4894 nnneiadc
1320 4827 1498 4904 Pharaoni,
1522 4827 1671 4892 etdncm
1692 4827 1735 4891 ei:
1757 4826 1886 4891 Platres
1907 4827 1982 4904 mn,
2010 4832 2036 4892 et
2057 4827 2110 4892 dc·

114 4912 226 4990 sabab,
249 4916 278 4976 et
295 4904 487 4976 militm
502 4909 566 4992 filii
584 4909 689 4976 Israel
705 4908 840 4977 Iabacob
851 4913 977 4993 patrem
993 4930 1094 4991 marn,
1144 4933 1216 4978 mus
1230 4914 1339 4995 patris
1358 4914 1430 4991 mei,
1453 4913 1509 4995 qni
1530 4917 1619 4977 nant
1632 4913 1668 4977 in
1684 4917 1769 4978 terra
1788 4909 1943 4992 Cbenaan,
1966 4916 2111 4978 meant

117 5007 149 5066 et
164 4995 322 5081 pcrrmlos
349 5015 438 5074 snas,
468 5001 496 5060 et
523 5016 638 5061 naeres
664 5015 742 5062 snas
767 5016 861 5077 saper
886 5015 1001 5062 sumes
1021 5017 1096 5080 pnes
1144 4999 1188 5065 ad
1210 5019 1265 5062 me.
1310 4998 1361 5063 32.
1385 4998 1488 5079 Atque
1509 4999 1574 5064 viri
1588 5001 1732 5079 pastores
1746 4999 1904 5079 mamam
1924 5002 2012 5062 enen:
2032 4998 2110 5079 qnia

117 5086 255 5152 miserat
283 5080 411 5146 Pharao
439 5082 482 5148 ad
510 5082 671 5163 scendum
699 5102 778 5146 eam.
822 5083 851 5147 6.
882 5081 927 5146 Et
953 5087 1096 5165 opimi
1143 5085 1208 5149 viri
1222 5084 1368 5166 pesaurii
1388 5088 1478 5149 sant:
1499 5084 1675 5167 aperitin
1695 5103 1816 5162 wion,
1839 5087 1868 5148 et
1888 5082 1975 5149 bases
1996 5101 2110 5162 enum,

111 5169 257 5256 pecudes
283 5187 377 5247 sacas,
409 5171 437 5232 et
465 5167 672 5233 substaniam
698 5188 793 5250 worn
822 5168 1034 5250 aepabieant
1059 5169 1094 5233 in
1144 5171 1297 5236 domnia
1319 5190 1399 5253 qnae
1429 5174 1518 5234 nara
1546 5171 1592 5235 eis
1621 5169 1824 5236 mannent.
1869 5168 1920 5233 33.
1944 5167 2019 5233 Erit
2039 5188 2110 5253 erpo

118 5263 211 5323 terra
235 5251 397 5333 Obennan,
425 5259 631 5336 venerantque
656 5255 691 5319 in
713 5254 890 5338 Aepyplnm
911 5251 1046 5319 Iabaeob
1068 5258 1095 5318 et
1144 5274 1240 5338 psam
1260 5257 1412 5322 convent
1431 5275 1484 5320 vos
1506 5253 1641 5333 Pharao,
1664 5261 1693 5320 et
1708 5255 1839 5320 atses:
1862 5254 1951 5336 Quod
1967 5257 2011 5319 est
2032 5273 2110 5336 opus

113 5361 211 5412 onme
228 5357 330 5406 semen
350 5339 418 5405 sins
433 5357 504 5405 eum
520 5341 599 5426 ipsa
637 5339 665 5407 7.
689 5337 771 5404 Pilii
787 5341 864 5420 eins,
887 5339 996 5420 aptit
1014 5338 1095 5420 filio·
1143 5343 1302 5407 aearum?
1343 5341 1394 5408 34.
1423 5340 1561 5408 Direlis:
1597 5341 1669 5406 Viri
1697 5342 1841 5424 manerii
1870 5342 1997 5424 fuerunt
2028 5340 2111 5407 servi
