5000 6208
338 432 403 498 335
1002 427 1372 498 COMMENTARIUS
1394 432 1444 497 IN
1462 429 1675 498 GENDSIN.
2268 427 2334 492 336

340 629 398 698 cst,
422 619 618 697 Dominum,
640 639 740 701 penes
763 639 859 702 quem
882 627 915 683 ct
936 627 1121 702 temporum
1145 626 1309 685 momenta
1361 639 1454 684 rarae
1476 625 1562 685 certe
1581 618 1642 685 hoc
1660 638 1731 684 essa
1753 618 1882 684 virtutis
1899 637 2011 684 omnes
2034 621 2223 701 agnoscunt.
2264 615 2333 680 No·

340 713 426 781 sunt,
449 712 480 769 et
502 704 671 769 hominum
694 725 843 788 gressus,
870 705 917 769 sic
939 705 1090 787 utrinque
1115 713 1310 788 temperasse
1361 713 1467 770 strum
1507 702 1637 788 quidem
1667 725 1734 770 uon
1766 711 1818 770 est
1850 705 1994 786 praecise
2033 700 2177 786 quolibet
2208 707 2331 766 ornatu

339 791 458 867 omnia,
476 797 514 854 ut
530 790 769 872 providentiam
787 810 880 854 suam
898 790 984 854 clare
1002 798 1155 856 testatam
1173 791 1309 856 faceret:
1361 789 1570 857 interdicere:
1599 791 1674 872 quia
1703 799 1813 856 tamen
1835 810 1937 872 prava
1957 788 2066 870 aliqua
2092 787 2239 852 vanitate
2260 806 2332 852 ccr-

340 897 416 942 nam
447 874 614 940 interdum
642 883 755 940 nostra
783 874 941 941 desideria
970 873 1100 961 lougius
1129 875 1310 960 suspendit,
1361 885 1494 958 ruptum
1516 883 1567 941 est
1588 874 1744 958 quidquid
1765 874 1927 958 frugalem
1949 894 2046 938 usum
2068 872 2211 938 excedit:
2234 892 2333 955 prac-

338 959 549 1045 utprecando
567 961 694 1045 fatigati
711 961 882 1026 videamur
898 969 1010 1026 tamen
1027 982 1159 1044 operam
1178 961 1308 1028 lusisse:
1361 961 1473 1026 sertim
1495 982 1572 1029 vere
1593 960 1670 1044 quia
1691 961 1753 1026 hac
1773 963 1808 1025 in
1836 967 1929 1044 parte
1957 957 2164 1042 inexplebilis
2186 966 2237 1023 cet
2259 979 2332 1022 mu·

339 1046 395 1113 sed
417 1048 453 1112 in
476 1047 537 1112 hoc
560 1047 690 1131 negotio
709 1068 751 1111 ne
772 1048 909 1113 obscura
931 1056 1016 1112 esset
1037 1069 1097 1113 sua
1119 1047 1310 1126 benedictio,
1359 1045 1478 1112 lierum
1508 1045 1682 1129 cupiditas:
1713 1067 1779 1112 non
1807 1054 1934 1112 tantum
1962 1044 2167 1109 mediocritas
2194 1042 2332 1110 colenda

338 1143 473 1216 repente
495 1131 627 1197 affulsit.
667 1132 759 1198 Idem
782 1141 815 1197 et
837 1131 968 1197 Danieli
991 1133 1139 1217 contigit,
1160 1134 1212 1199 cui
1234 1143 1311 1198 ante
1360 1141 1424 1213 est,
1451 1131 1509 1198 sed
1531 1132 1629 1197 etiam
1651 1130 1865 1212 abstinentia,
1892 1130 1999 1216 quoad
2020 1129 2094 1194 fieri
2123 1136 2238 1214 potest
2283 1127 2330 1192 Et

338 1220 438 1284 finem
465 1217 658 1301 precationis
687 1218 838 1302 apparuit
869 1217 1008 1303 angelus
1039 1217 1139 1304 (Dan.
1174 1219 1211 1298 9,
1245 1217 1309 1305 21).
1361 1217 1544 1285 clanculum
1568 1217 1693 1300 obrepit
1714 1216 1849 1283 ambitio
1867 1224 1906 1282 ut
1927 1225 2062 1281 ornatus
2082 1215 2180 1298 paulo
2197 1213 2331 1280 nitidior

338 1304 485 1369 Tametsi
513 1311 622 1368 autem
653 1313 765 1368 nostra
793 1304 934 1387 segnitia
960 1323 1056 1386 saepe
1084 1304 1245 1388 contingit
1272 1312 1311 1369 ut
1361 1324 1438 1369 mcx
1468 1305 1502 1368 in
1534 1301 1658 1382 ἀταξίαν·
1691 1302 1834 1368 ebulliat.
1879 1301 2049 1383 Quantum
2082 1299 2123 1364 ad
2145 1300 2274 1366 inaures
2296 1307 2330 1364 et

337 1390 502 1455 Dominus
525 1388 565 1454 ad
588 1387 820 1474 praestandum
843 1389 886 1455 sit
907 1389 1046 1467 tardior,
1080 1411 1177 1472 saepe
1200 1403 1310 1454 tamen
1361 1389 1506 1455 armillas
1517 1389 1683 1456 Rebeccae
1706 1396 1839 1472 spectat,
1861 1387 1956 1454 sicuti
1980 1407 2044 1451 non
2066 1385 2179 1451 dubito
2197 1394 2275 1452 tunc
2292 1387 2330 1451 iu

339 1473 463 1540 differri
485 1473 615 1558 expedit
632 1474 718 1558 quod
741 1475 892 1559 petimus.
927 1474 1066 1540 Interim
1085 1477 1182 1541 cartis
1200 1496 1309 1541 exem·
1359 1496 1422 1541 usu
1439 1474 1540 1540 fuisse
1558 1473 1643 1557 apud
1662 1474 1788 1554 divites,
1809 1474 1855 1538 ita
1872 1473 1996 1539 serebat
2012 1471 2134 1538 saeculi
2155 1471 2329 1556 integritas

338 1561 401 1644 plis
424 1560 531 1645 palam
553 1569 586 1624 et
606 1561 779 1643 conspicue
800 1560 963 1644 probavit,
985 1562 1133 1644 quamvis
1156 1581 1221 1625 non
1244 1569 1309 1625 sta-
1359 1567 1398 1624 ut
1414 1581 1510 1644 parce
1521 1567 1553 1625 et
1570 1559 1742 1645 frugaliter
1751 1560 1818 1624 illis
1835 1564 2021 1624 uterentur:
2041 1566 2074 1622 et
2089 1565 2196 1623 tamen
2210 1558 2329 1624 vitium

337 1647 398 1711 tim
417 1645 611 1729 respondeat
628 1653 775 1726 eventus,
797 1667 964 1730 nunquam
983 1655 1092 1711 tamen
1109 1647 1219 1712 irritas
1238 1666 1309 1712 esse
1360 1667 1427 1712 non
1458 1664 1586 1712 excuso.
1636 1647 1704 1712 Nos
1736 1646 1867 1729 quidem
1901 1643 1986 1709 nihil
2012 1644 2106 1711 iuvat
2138 1664 2231 1708 exem
2257 1643 2330 1709 lum

337 1753 472 1798 sucrum
507 1752 632 1814 preces:
666 1732 732 1797 imo
760 1751 889 1815 semper
921 1731 1004 1796 illud
1036 1731 1183 1815 impleri,
1217 1739 1309 1798 anta·
1360 1730 1412 1796 vel
1435 1731 1593 1809 sublevat,
1616 1732 1643 1796 si
1661 1751 1780 1817 pravas
1798 1729 1955 1810 libidines,
1977 1751 2059 1813 quas
2076 1728 2176 1793 etiam
2192 1665 2330 1795 scitatis

360 1838 436 1882 uam
464 1817 618 1896 clament,
647 1817 708 1882 sibi
740 1838 837 1882 curae
860 1838 931 1884 esse
956 1837 1068 1884 eorum
1098 1818 1309 1884 necessitates
1359 1817 1511 1883 fomentis
1539 1817 1743 1901 restinguere
1767 1815 1940 1900 plusquam
1962 1814 2093 1881 difficile
2114 1825 2179 1892 est,
2212 1815 2329 1880 titilla-

337 1839 408 1990 dlls.
432 1902 484 1982 65,
508 1901 573 1988 24).
1359 1923 1433 1970 mue
1455 1912 1488 1968 et
1509 1904 1613 1987 magis
1635 1901 1855 1970 accendimus:
1885 1922 1966 1984 quac
1988 1921 2067 1967 auro
2085 1899 2212 1986 fulgere
2229 1921 2330 1983 appe-

423 1989 474 2053 21.
496 1987 540 2054 Et
556 1989 607 2053 vir
623 1987 871 2071 stuperatem
888 2008 956 2053 eum
976 1993 1088 2056 tacens.
1125 1989 1308 2055 Admiratio
1359 1995 1434 2053 tunt
1447 1989 1609 2067 mulieres,
1628 1988 1832 2072 corruptelae
1849 2009 1926 2054 suae
1942 1994 2147 2070 praetextum
2165 1993 2331 2068 quaerunt

338 2074 418 2140 haec
441 2075 527 2140 servi
551 2073 721 2150 Abrahae,
750 2073 893 2140 ostendit
920 2075 1022 2140 fuisse
1039 2075 1139 2139 animi
1163 2073 1307 2140 dubium.
1358 2074 1394 2140 in
1413 2073 1568 2141 Rebecca.
1606 2072 1675 2139 Cur
1691 2096 1758 2138 non
1776 2074 1878 2158 igitur
1898 2072 1938 2137 ad
1956 2085 2123 2137 austerum
2141 2070 2223 2136 illud
2242 2072 2331 2138 vitae

339 2159 458 2227 Secum
482 2160 598 2225 tacitus
617 2159 767 2244 explorat
788 2180 830 2223 au
853 2159 916 2225 iter
933 2181 1029 2225 suum
1052 2161 1142 2226 Deus
1165 2162 1309 2225 fortuna-
1381 2181 1472 2237 enus,
1495 2168 1528 2225 ct
1549 2160 1706 2226 rusticum
1725 2158 1869 2225 laborem
1887 2178 1922 2225 sc
1943 2156 2080 2242 perinde
2101 2157 2330 2222 conformant?

336 2246 431 2312 verit.
475 2244 648 2312 Nihildum
670 2243 770 2330 igitur
799 2244 898 2310 habet
920 2247 999 2312 certi
1022 2244 1062 2311 de
1083 2246 1140 2312 illa
1161 2245 1226 2310 Dei
1248 2267 1308 2330 gu·
1358 2179 1425 2312 Sed
1447 2243 1717 2329 quemadmodum
1738 2245 1806 2310 iam
1828 2243 1913 2322 dixi,
1941 2242 2101 2308 falluntur
2122 2243 2177 2325 qui
2200 2249 2331 2308 sancto·

337 2332 544 2410 beruatione,
572 2333 664 2397 cuius
692 2353 708 2395 s
766 2330 877 2396 bolum
899 2329 953 2398 vel
975 2340 1133 2397 tesseram
1155 2330 1215 2396 sibi
1238 2331 1307 2414 ipse
1357 2352 1433 2396 rum
1465 2331 1615 2414 exempla
1647 2339 1761 2397 contra
1793 2349 1999 2396 communem
2029 2328 2092 2393 Dei
2125 2328 2232 2413 legem
2266 2329 2330 2394 sibi

337 2415 541 2501 sumpserat?
562 2417 694 2499 Respcn
718 2437 763 2496 eo,
787 2437 952 2499 nunquam
970 2417 1015 2480 ita
1038 2419 1182 2482 numeris
1203 2417 1308 2481 omni·
1356 2437 1451 2500 posse
1479 2417 1651 2502 suffragari
1679 2424 1804 2499 putant.
1856 2414 1893 2483 Si
1921 2415 1993 2497 quis
2021 2415 2168 2494 obiiciat,
2198 2413 2260 2480 hcc
2288 2413 2331 2479 ab

338 2503 400 2568 bus
422 2503 603 2568 absolutam
632 2523 701 2568 esec
727 2503 761 2567 in
790 2503 911 2568 sanctis
934 2501 1047 2582 fidem,
1077 2503 1156 2586 quin
1186 2502 1308 2567 multae
1358 2503 1513 2568 honestae
1545 2510 1715 2585 castaeque
1747 2501 1875 2584 puellae
1910 2500 2108 2567 verecundia
2140 2498 2330 2580 abhorrere,

339 2587 558 2653 dubitationes
596 2595 778 2654 occurrant.
834 2586 926 2653 Nihil
958 2588 1062 2671 igitur
1100 2587 1244 2666 absurdi,
1279 2588 1308 2652 si
1360 2587 1447 2670 quod
1467 2585 1508 2652 ab
1526 2587 1658 2653 homine
1686 2595 1858 2665 extraneo,
1887 2593 1921 2651 et
1947 2605 2117 2669 nunquam
2140 2585 2231 2668 prius
2258 2587 2332 2652 riso

338 2695 452 2741 servus
473 2672 633 2751 Abrahae,
656 2674 691 2737 in
708 2693 826 2756 genere
848 2674 912 2738 Dei
930 2673 1152 2756 providentiae
1169 2694 1205 2740 se
1222 2693 1308 2739 ccm-
1358 2675 1490 2738 inaurea
1512 2681 1545 2738 et
1567 2672 1711 2739 armillas
1740 2673 1876 2756 recepit:
1905 2671 2049 2754 primum
2070 2671 2142 2736 fieri
2164 2679 2269 2753 potest
2294 2681 2333 2736 ut

337 2760 489 2836 mittens,
522 2759 609 2823 inter
644 2756 764 2824 multas
795 2759 1007 2843 cogitationes
1038 2759 1177 2825 alternet
1209 2767 1306 2843 atque
1359 2757 1479 2825 multos
1511 2779 1675 2824 sermones
1707 2759 1816 2824 Moses
1848 2766 2032 2842 praetereat
2063 2757 2151 2821 ultro
2183 2757 2333 2839 citroque

337 2854 473 2911 aestuet.
519 2842 647 2908 Deinde
675 2842 770 2924 fides,
803 2844 953 2926 quamvis
974 2854 1106 2928 pacatos
1128 2855 1160 2909 et
1181 2844 1307 2927 quietos
1358 2843 1502 2921 habitos,
1536 2844 1653 2927 quibus
1685 2842 1860 2909 adductam
1891 2844 1992 2908 fuisse
2021 2841 2186 2926 probabile
2216 2851 2268 2907 eat
2291 2851 2332 2907 ut

338 2930 454 2996 reddet
475 2932 602 3013 piorum
631 2930 772 3008 animos,
803 2938 839 2994 ut
860 2931 1021 3014 patienter
1043 2932 1150 2996 Deum
1173 2951 1306 3014 exspec-
1359 2929 1503 3013 recipere
1532 2929 1676 2995 auderet.
1719 2930 1834 2996 Potest:
1854 2929 1953 2995 etiam
1975 2928 2047 2993 fieri
2068 2935 2105 2992 ut
2126 2927 2234 3011 priore
2256 2929 2330 2994 loco

337 3025 424 3096 tent,
452 3036 519 3080 non
542 3015 668 3081 excutit
689 3023 799 3079 tamen
823 3015 888 3083 illis
913 3036 1044 3081 omnem
1073 3033 1202 3083 curam:
1230 3016 1307 3098 quia
1358 3021 1471 3081 narret
1492 3014 1576 3098 quod
1598 3015 1712 3081 ordine
1740 3022 1811 3080 erat
1839 3015 2008 3098 posterius.
2054 3010 2213 3097 Sequitur
2237 3015 2331 3079 enim

338 3121 470 3167 necesse
492 3108 542 3165 est
562 3100 755 3182 patientiam
777 3102 880 3182 ipsam
903 3101 1041 3167 sollicita
1064 3101 1306 3185 exspectatione
1358 3101 1456 3185 paulo
1473 3109 1546 3184 post
1563 3101 1598 3166 iu
1615 3108 1778 3181 contextu,
1796 3120 1929 3166 servum
1947 3098 2100 3165 Abrahae
2117 3099 2330 3178 sciscitatum,

339 3186 501 3264 exerceri,
531 3187 632 3251 donec
655 3186 814 3269 compleat
835 3187 1001 3253 Dominus
1031 3186 1115 3270 quod
1146 3187 1304 3270 promisit.
1352 3187 1525 3253 *cuiusnam
1556 3191 1634 3253 esset
1662 3185 1742 3268 filia.
1795 3184 1902 3252 Simul
1938 3184 2120 3268 reputanda
2151 3184 2246 3250 nobis
2278 3194 2332 3252 est

339 3273 513 3338 Caeterum
546 3272 694 3354 quamvis
726 3271 898 3339 haesitatio
931 3274 994 3338 ista
1031 3273 1117 3338 servi
1153 3271 1307 3338 Abrahae
1359 3270 1478 3338 saeculi
1504 3271 1593 3338 illius
1621 3272 1801 3358 integritas.
1846 3270 1942 3338 Unde
1963 3273 2003 3336 fit
2022 3278 2061 3335 ut
2082 3269 2226 3354 puellam
2248 3271 2330 3336 urbe

337 3357 419 3424 vitio
436 3379 503 3422 non
520 3363 637 3435 careat,
657 3356 733 3440 quia
750 3365 863 3423 manat
880 3379 900 3422 a
916 3358 992 3424 fidei
1009 3357 1215 3423 infirmitate:
1233 3357 1307 3424 idac
1358 3357 1459 3424 solam
1482 3357 1594 3442 egredi
1621 3358 1811 3441 probrosum
1832 3378 1897 3422 non
1924 3364 2024 3437 esset,
2052 3356 2115 3421 nisi
2141 3355 2227 3440 quod
2250 3365 2329 3421 tunc

338 3452 449 3508 tamma
467 3441 662 3508 excusabilis
679 3452 738 3520 est,
756 3443 841 3526 quod
859 3464 925 3511 ncn
942 3443 1006 3509 alio
1024 3442 1167 3509 deflectit
1183 3444 1309 3511 oculos:
1359 3463 1467 3508 mores
1494 3442 1665 3509 hominum
1691 3464 1758 3509 non
1779 3441 1860 3510 adec
1882 3462 2029 3509 severam
2057 3439 2232 3524 pudicitiae
2254 3462 2328 3509 cus·

338 3528 395 3595 sed
417 3537 544 3594 tantum
566 3527 607 3594 ab
629 3538 750 3594 eventu
769 3529 1048 3596 confirmationem
1071 3529 1163 3613 petit,
1186 3538 1224 3594 ut
1245 3529 1307 3597 sibi
1358 3527 1480 3594 todiam
1507 3528 1737 3612 requirebant?
1761 3529 1815 3593 Dx
1837 3535 1993 3594 contextu
2021 3526 2152 3611 quidem
2182 3539 2328 3611 apparet,

336 3615 446 3680 Deum
469 3613 611 3679 adfuisse
635 3614 763 3688 sentiat.
1358 3622 1509 3682 ornatum
1531 3614 1664 3680 illinon
1685 3616 1790 3698 turpis
1812 3614 1965 3680 lenocinii
1987 3633 2084 3680 causa
2105 3611 2218 3678 datum
2240 3633 2327 3679 esse:

422 3700 473 3765 22.
498 3698 637 3766 Protulit
661 3699 713 3764 uir
739 3701 893 3766 inaurem
938 3699 1036 3780 Quod
1065 3700 1216 3783 pretiosis
1238 3721 1307 3766 mc·
1358 3699 1415 3766 sed
1433 3721 1529 3785 quem
1552 3700 1741 3783 parantibus
1762 3701 1930 3783 proterret,
1951 3719 2013 3782 quo
2030 3697 2156 3765 facilior
2172 3698 2212 3763 ad
2232 3719 2329 3782 spon·

337 3785 459 3851 nilibus
489 3797 585 3851 ornat
610 3785 756 3869 puellam
784 3785 923 3852 fiduciae
949 3786 1083 3870 signum
1110 3796 1168 3852 est.
1221 3785 1305 3852 Nam
1358 3786 1439 3851 salia
1467 3794 1552 3852 esset
1584 3786 1762 3871 ingressus.
1814 3786 1866 3852 De
1892 3785 1997 3868 pretio
2023 3805 2089 3850 uon
2117 3787 2329 3850 consentiunt

337 3892 438 3955 quum
466 3870 578 3937 multis
607 3871 810 3938 documentis
838 3879 965 3936 constet
994 3870 1131 3955 probum
1161 3879 1193 3937 et
1220 3873 1307 3956 frugi
1356 3872 1561 3954 interpretes.
1604 3871 1743 3938 Inaures
1771 3872 1922 3938 aestimat
1942 3871 2052 3936 Moses
2080 3869 2214 3936 dimidio
2236 3869 2329 3951 siclo,

336 3957 524 4022 ministrum
554 3955 670 4035 fuisse,
700 3978 765 4021 nou
792 3957 963 4039 proiioeret
990 3958 1062 4022 sine
1084 3956 1209 4024 delectu
1230 3979 1307 4041 opes
1356 3957 1502 4028 armillas
1541 3957 1652 4023 decem
1689 3958 1787 4024 siclis.
1813 3999 1818 4010 ·
1841 3957 2067 4040 Hieronymus
2099 3976 2159 4038 pro
2192 3954 2328 4022 dimidio

337 4042 460 4108 domini
482 4041 542 4108 sui.
587 4040 660 4107 Scit
679 4042 782 4127 igitur
803 4063 870 4107 ncn
892 4041 978 4108 male
1000 4042 1149 4108 collocari
1170 4064 1307 4109 munera
1356 4043 1466 4128 posuit
1497 4042 1579 4110 duos
1609 4042 1713 4109 siclos.
1768 4043 1840 4108 llo
1874 4043 2052 4128 genuinum
2089 4062 2222 4107 sensum
2252 4062 2328 4107 esse

337 4128 408 4193 illa:
438 4127 491 4194 vel
519 4125 636 4192 saltam
665 4127 810 4194 bonitate
839 4127 904 4193 Dei
931 4128 1051 4209 fretus,
1084 4129 1175 4212 quasi
1203 4130 1307 4194 futuri
1356 4128 1515 4208 existimo,
1534 4127 1617 4211 quod
1636 4129 1782 4195 armillae
1799 4064 1911 4195 decem
1925 4126 2022 4193 siclos
2040 4126 2220 4193 valuerint:
2238 4126 2330 4194 fron·

336 4213 480 4298 coniugii
502 4213 644 4290 arrham,
668 4212 807 4280 fideliter
828 4214 1005 4297 dispensat.
1051 4212 1116 4280 Sed
1139 4215 1307 4299 quaeritur
1357 4214 1523 4280 talavera
1551 4214 1606 4280 vel
1634 4214 1766 4280 inauras
1795 4213 1982 4293 dimidium,
2015 4213 2077 4279 hcc
2106 4221 2156 4278 est
2184 4214 2331 4296 quinque

338 4320 381 4364 an
404 4299 475 4364 Deo
503 4299 683 4382 probentur
709 4299 865 4366 eiusmodi
894 4307 1103 4380 ornamenta,
1136 4319 1219 4382 quae
1239 4321 1306 4366 non
1356 4300 1461 4366 siclos.
1505 4299 1591 4365 Nam
1620 4319 1719 4382 quum
1749 4299 1833 4364 nihil
1855 4309 1929 4383 post
1956 4318 2068 4367 vocem
2091 4311 2154 4388 tp:
2178 4297 2331 4378 addatur,

337 4395 406 4450 tam
439 4383 480 4450 ad
520 4383 713 4450 munditiem
745 4403 843 4469 quam
875 4385 917 4450 ad
948 4405 1102 4471 pompam
1141 4392 1304 4469 spectant:
1356 4385 1473 4450 relatio
1491 4393 1542 4451 eet
1559 4384 1600 4450 ad
1621 4384 1777 4450 maiorem
1799 4405 1982 4450 numerum.
2019 4384 2173 4468 Alioquin
2191 4384 2333 4450 minime
2477 4439 2478 4446 ,

249 4523 252 4530 ι
337 4469 535 4553 respondeo,
568 4491 633 4536 uon
666 4490 794 4555 semper
822 4471 935 4537 referri
963 4472 1000 4535 in
1026 4471 1197 4554 scripturis
1225 4493 1307 4554 quae
1357 4471 1516 4537 concinna
1538 4478 1624 4536 esset
1644 4472 1808 4555 proportio
1835 4472 1923 4536 inter
1951 4469 2098 4536 armillas
2119 4478 2153 4535 et
2174 4479 2333 4535 ornatum

337 4555 460 4622 imitari
492 4557 673 4622 conveniat.
726 4556 891 4641 Quidquid
924 4557 1119 4639 generaliter
1150 4557 1308 4642 praecipit
1356 4555 1481 4640 capitis.
1526 4556 1629 4622 Porro
1651 4557 1678 4622 si
1701 4578 1759 4640 pro
1781 4563 1920 4640 quatuor
1942 4556 2060 4622 Atticis
2080 4553 2241 4621 drachmis
2259 4557 2333 4622 sic-

337 4639 509 4718 Dcminue,
531 4660 592 4724 pro
613 4642 784 4708 inflexibili
803 4643 916 4727 regula
939 4642 1126 4709 habendum
1147 4651 1211 4709 est:
1234 4665 1309 4726 par·
1357 4642 1426 4707 lum
1450 4641 1643 4726 accipimus,
1673 4641 1743 4709 lere
1772 4643 1914 4726 pretium
1943 4641 2014 4708 crit.
2059 4640 2175 4724 Itaque
2195 4640 2333 4726 pondua
2477 4631 2478 4680 l

338 4727 529 4793 ticularibus
551 4725 681 4811 quidem
705 4727 863 4812 exemplis
885 4728 993 4806 inniti,
1017 4748 1082 4793 non
1105 4728 1200 4795 modo
1221 4730 1306 4812 peri-
1357 4727 1429 4793 auri
1459 4728 1565 4793 notari
1593 4735 1689 4810 puto,
1722 4728 1807 4811 quod
1841 4726 1945 4793 multo
1977 4727 2133 4792 maiorem
2165 4747 2334 4792 summam

339 4813 487 4880 colosum
507 4821 565 4892 est,
585 4813 642 4880 sed
664 4815 761 4879 etiam
784 4815 931 4899 ineptum
953 4823 987 4880 et
1007 4813 1195 4881 absurdum.
1234 4815 1306 4880 Iam
1357 4814 1531 4880 conficeret
1548 4834 1645 4896 quam
1668 4835 1832 4880 nummus.
2477 4843 2478 4898 ι

338 4899 375 4963 in
393 4898 483 4964 cultu
500 4900 643 4982 corporis
663 4907 860 4984 quantopere
877 4901 948 4966 Deo
965 4922 1031 4965 non
1048 4900 1152 4966 laetus
1170 4909 1308 4981 tantum,
1442 4899 1494 4964 26.
1525 4895 1570 4964 Et
1596 4899 1760 4966 inclinauit
1786 4920 1821 4966 se
1846 4901 1904 4966 cir.
1950 4898 2062 4982 Quum
2093 4899 2184 4965 audit
2210 4917 2333 4964 servus
2477 4903 2478 4998 l

339 4984 395 5051 vel
417 4984 568 5063 ambitio,
591 4985 647 5051 sed
670 4988 777 5052 omnis
799 4986 947 5052 luxuries
969 4985 1153 5069 displiceat,
1176 4987 1306 5052 scimus.
1359 4984 1512 5051 Abrahae
1532 5005 1567 5050 sa
1587 4984 1740 5052 incidisse
1761 4987 1795 5050 in
1818 4986 1919 5051 filiam
1941 4985 2131 5064 Bathuclis,
2162 4983 2260 5067 mapa
2288 5003 2334 5050 ac
2477 5005 2478 5016 ¹

338 5069 386 5136 Ut
406 5069 492 5136 absit
512 5071 649 5136 interior
670 5070 776 5138 cordis
797 5071 973 5156 cupiditas,
1002 5071 1137 5136 damnat
1157 5071 1308 5137 immodi-
1357 5071 1463 5154 magis
1484 5071 1518 5136 in
1540 5090 1632 5153 spem
1661 5068 1779 5136 bonam
1809 5073 1955 5156 erigitur.
2000 5071 2114 5156 Neque
2135 5080 2253 5146 tamem
2290 5078 2336 5134 ut

337 5176 414 5222 cum
443 5166 476 5221 et
503 5157 705 5239 superfluum
733 5159 889 5238 nitorem,
919 5157 974 5240 qui
1001 5157 1036 5223 in
1065 5177 1100 5223 se
1128 5157 1308 5223 multorum
1358 5157 1484 5240 profani
1512 5156 1662 5222 homines
1690 5157 1809 5237 solent,
1838 5167 1996 5242 tanquam
2027 5178 2163 5224 occursu
2191 5153 2336 5221 fortuito

340 5242 493 5308 vitiorum
525 5242 671 5308 continet
702 5241 880 5310 illecebras.
928 5245 1000 5308 Iam
1034 5263 1112 5308 vero
1140 5242 1195 5308 ubi
1225 5262 1308 5327 pura
1358 5239 1494 5326 gaudet:
1517 5241 1574 5308 sed
1597 5240 1669 5307 Deo
1690 5244 1854 5326 gratiasa
1879 5243 1913 5324 ἰ,
1935 5243 2005 5309 eius
2026 5241 2243 5325 providentiae
2270 5259 2337 5307 ae-

2477 5557 2478 5594 l

337 5326 446 5394 cordis
478 5328 646 5394 sinceritas
684 5329 719 5393 in
751 5329 920 5414 splendido
953 5336 1070 5395 ornatu
1109 5328 1306 5412 reperietur:
1356 5336 1486 5412 ceptum
1508 5327 1615 5394 ferens
1638 5327 1723 5411 quod
1749 5337 1837 5394 recta
1872 5329 1959 5395 uerit
1979 5335 2048 5393 tam
2069 5335 2241 5413 opportune
2269 5326 2339 5391 de·

1195 5439 1209 5474 ί
