5000 6208
335 481 337 488 .
368 389 434 460 ιιι
1027 391 1402 488 ,ιοιιιιιιιιιιιιιιι
1425 391 1474 457 ιιι
1498 389 1712 458 annnam.
2296 395 2350 460 ιιι

370 579 484 649 fideles
512 603 600 663 suos,
633 589 804 668 postquam
825 581 867 651 ad
894 591 1022 668 tempus
1050 583 1275 668 castigaverit,
1303 582 1344 648 ab
1394 589 1757 662 terrenosnonsemper
1775 578 1899 644 valeret
1917 579 1997 646 baeu
2014 581 2114 662 ratio:
2130 602 2211 663 quos
2227 581 2350 649 subinde

371 666 481 750 impiis
505 665 572 754 (qni
594 668 695 735 veluti
718 678 796 739 sunt
823 669 955 736 inutiles
976 666 1181 754 quisquiliae)
1204 665 1343 752 oolliget,
1395 666 1448 731 vel
1472 686 1581 732 errore
1601 664 1685 742 falli,
1709 665 1762 730 vel
1785 665 1892 749 gratia
1912 665 2016 744 flenti,
2045 667 2095 730 vel
2124 665 2196 732 odio
2223 669 2350 750 acuendi,

370 772 414 820 ne
436 753 534 818 simul
561 763 710 837 pereant:
743 756 808 820 imo
835 754 967 821 tandem
995 763 1115 820 eventu
1137 754 1207 836 ipso
1229 753 1343 836 proba·
1396 752 1448 816 vel
1460 751 1623 832 eorrumpi
1635 751 1835 830 muneribus,
1856 751 1906 816 vel
1920 750 1991 816 aliis
2003 749 2106 818 modis
2118 752 2158 816 ad
2171 753 2351 820 iniustitiam

372 836 476 904 bitae
500 839 645 922 perditos
666 839 809 908 noluisse
832 863 912 924 quos
935 841 1046 924 poenis
1068 839 1211 906 sanabat.
1257 838 1342 903 'Pan-
1393 835 1519 904 traduei
1541 835 1711 920 contingit.
1748 834 1815 903 Sed
1836 837 1914 919 quia
1935 836 2020 902 nihil
2041 838 2180 903 istorum
2201 839 2237 902 in
2255 838 2352 906 Deum

369 933 441 989 tum
472 925 561 990 enim
591 925 684 996 abest
716 936 751 992 ιιι
783 926 823 991 ad
856 925 1057 1010 perdendum
1090 935 1181 1005 ruat,
1219 925 1345 1008 quoties
1394 923 1493 1000 eadit,
1527 923 1579 988 eni
1612 921 1806 986 naturaliter
1834 923 1988 1005 eompetit
2021 924 2179 988 mundum
2212 925 2351 1006 iudieare,

370 1029 448 1076 auos
465 1010 697 1094 temporalibus
719 1011 833 1097 poeuis
855 1012 1001 1091 subiioit,
1025 1019 1061 1076 ιιι
1083 1011 1189 1094 potius
1211 1009 1342 1078 mediei-
1393 1010 1541 1092 sequitur
1574 1006 1677 1072 nihilo
1709 1009 1813 1094 magis
1845 1005 1959 1073 deduei
1993 1008 2033 1072 ab
2067 1009 2230 1090 aequitate
2257 1011 2352 1078 Deum

371 1115 447 1162 nam
472 1096 620 1175 afferens,
654 1117 767 1162 eorum
798 1097 936 1164 salutem
965 1107 1126 1181 procuret.
1172 1097 1343 1179 ligavero
1393 1114 1488 1177 posse
1509 1115 1606 1175 quam
1629 1092 1792 1178 abnegare
1813 1115 1848 1161 se
1864 1094 1973 1176 ipsum
1992 1117 2032 1159 ne
2048 1095 2093 1159 sit
2110 1093 2212 1162 Dens.

369 1199 437 1246 non
461 1181 572 1248 dubito
594 1183 673 1265 quin
696 1183 788 1248 Deus
810 1183 961 1248 ultimum
991 1182 1160 1248 interitum
1184 1179 1344 1248 Sodomae
1480 1179 1531 1245 at.
1555 1177 1600 1244 Ei
1619 1198 1689 1244 nem
1700 1179 1821 1259 paleis.
1865 1179 1918 1244 Ita
1941 1180 2104 1262 praefatur
2126 1182 2293 1248 Abrabam
2309 1184 2353 1248 ob

371 1266 612 1334 dennnoiasaet:
625 1266 1343 1351 atqueboosensunnneexoipiatAbraham,
1394 1265 1547 1332 tinendae
1586 1265 1702 1330 veniae
1731 1286 1839 1331 eausa.
1892 1265 1980 1346 Quid
2013 1268 2101 1330 enim
2135 1279 2186 1332 est
2219 1270 2354 1334 mortalis

371 1353 507 1418 minime
535 1364 792 1420 eonsentaneum
814 1377 884 1420 esse
907 1362 943 1419 ut
964 1353 1076 1419 eadem
1107 1353 1228 1435 pariter
1248 1352 1344 1418 ruina
1393 1350 1490 1416 bomo
1512 1351 1567 1416 ubi
1590 1371 1664 1416 eum
1687 1349 1760 1416 Deo
1781 1350 1969 1418 confertur?
1992 1351 2133 1418 Fatetur
2159 1375 2237 1437 ergo
2259 1375 2291 1420 se
2312 1356 2354 1418 ni·

370 1437 449 1503 iusti
477 1458 552 1505 eum
581 1439 691 1523 impiis
720 1439 901 1506 eonoidant.
944 1439 1038 1505 Nihil
1067 1450 1176 1504 tamen
1211 1438 1343 1504 absurdi
1393 1438 1456 1502 mis
1477 1436 1631 1502 andanem
1654 1457 1733 1515 esse,
1757 1437 1812 1520 qni
1829 1451 1896 1502 tam
1913 1437 2120 1503 familiariter
2136 1437 2243 1504 Deum
2267 1442 2355 1504 inter-

371 1525 433 1596 erit
461 1525 489 1588 si
518 1524 664 1591 dieamus
685 1523 869 1605 Abraham,
902 1525 987 1609 qnod
1019 1525 1100 1590 bane
1128 1540 1274 1607 speraret
1303 1525 1344 1588 de
1394 1533 1503 1606 rogat:
1531 1521 1565 1586 id
1589 1531 1697 1586 tamen
1720 1524 1789 1587 eius
1812 1521 2015 1607 indulgentia
2037 1523 2099 1588 sibi
2121 1525 2254 1590 eonnedi
2276 1527 2354 1608 petit.

369 1609 530 1675 malorum
552 1611 774 1694 resipiscentia
797 1611 905 1678 Deum
929 1631 1062 1694 rogasse
1084 1620 1120 1676 ut
1142 1609 1206 1675 illis
1232 1630 1342 1691 pareo·
1393 1606 1583 1674 Notandum
1602 1607 1841 1686 estAbrabam
1856 1609 2070 1694 quopropius
2083 1610 2245 1676 adDeum
2264 1632 2356 1677 aenea

369 1703 435 1760 ret:
469 1695 739 1778 quemadmodum
772 1717 869 1779 saepe
901 1695 1060 1780 oontiagit
1093 1707 1130 1760 nt
1163 1716 1343 1778 pannorum
1394 1695 1451 1774 sit,
1475 1715 1512 1759 eo
1542 1694 1659 1759 melius
1688 1695 1810 1760 sentire
1839 1715 1938 1778 quam
1968 1695 2089 1761 misera
2117 1698 2159 1762 sit
2180 1706 2214 1762 et
2243 1698 2357 1762 abieoto

368 1793 518 1864 respeotu
540 1780 632 1848 Deus
654 1782 834 1848 elementer
862 1781 1017 1866 populum
1044 1781 1185 1864 aliquem
1214 1790 1341 1848 traetet.
1393 1779 1563 1846 bominum
1586 1777 1736 1845 eonditio.
1773 1779 1871 1847 Solus
1893 1781 1982 1845 enim
2004 1795 2055 1847 est
2076 1781 2199 1865 gloriae
2221 1781 2285 1848 Dei
2306 1783 2356 1848 ful·

370 1863 500 1933 Soimus
523 1867 611 1932 enim
633 1869 777 1954 mitigari
798 1866 943 1950 publioas
966 1888 1104 1951 poenas,
1133 1867 1210 1950 quia
1232 1866 1344 1932 Domi·
1394 1886 1454 1950 gor
1475 1866 1531 1948 qui
1559 1865 1708 1930 homines
1735 1866 1836 1931 stulta
1857 1874 1891 1930 et
1913 1866 2004 1931 ebria
2025 1865 2077 1932 sui
2104 1868 2223 1935 fidueia
2253 1881 2357 1934 exuta

369 1973 432 2018 nus
464 1973 538 2020 suos
572 1952 710 2038 benigne
743 1964 944 2037 paternoque
977 1952 1070 2018 ooolo
1105 1953 1247 2036 respioit.
1302 1953 1341 2019 ln
1394 1951 1516 2036 pudore
1549 1950 1734 2028 confundit,
1768 1962 1801 2018 et
1835 1952 1963 2036 penitus
1997 1953 2157 2019 humiliat.
2209 1953 2357 2037 Quisquis

368 2036 508 2104 eundem
539 2059 671 2106 aeneum
693 2041 796 2122 aooipi
822 2038 917 2105 debet
938 2039 1042 2123 ipsius
1064 2037 1129 2104 Dei
1158 2039 1341 2122 responsio:
1394 2040 1503 2122 itaque
1524 2036 1584 2102 sibi
1607 2035 1728 2120 aliquid
1751 2059 1821 2104 esse
1842 2035 1986 2117 videtur,
2009 2039 2044 2102 in
2067 2040 2176 2106 Deum
2197 2047 2359 2106 convertat

370 2121 408 2190 Si
436 2124 472 2189 ia
499 2125 600 2192 media
630 2123 781 2191 Sodomae
814 2125 958 2191 invenero
990 2125 1217 2208 quinquaqinta
1244 2126 1343 2190 iaema
1393 2124 1512 2200 oeulos,
1531 2143 1569 2188 ao
1584 2124 1735 2206 protinus
1753 2144 1787 2189 ιι
1805 2123 1886 2188 nibil
1905 2143 1976 2190 esse
1993 2124 2157 2190 fatebitur.
2191 2126 2357 2191 Caeterum

366 2209 506 2276 totilano
522 2215 650 2292 propiet
671 2231 721 2276 eos
736 2230 880 2294 paream.
926 2211 1039 2293 Neque
1063 2219 1171 2277 tamen
1194 2210 1248 2276 bio
1271 2232 1341 2293 per·
1394 2231 1459 2274 non
1481 2209 1601 2274 oblitus
1618 2217 1689 2272 erat
1707 2209 1876 2275 Abraham
1894 2231 1929 2276 se
1947 2209 2058 2274 anima
2080 2211 2256 2276 immortali
2274 2231 2357 2296 prae·

367 2305 465 2378 petua
489 2294 561 2378 lege
589 2317 625 2360 ιι
653 2294 745 2362 Deus
775 2296 964 2381 obstringit,
999 2316 1040 2360 ne
1071 2295 1184 2375 lineat,
1218 2296 1343 2379 quoties
1395 2294 1498 2359 ditum
1532 2313 1618 2367 esse:
1658 2293 1716 2360 sed
1748 2293 1833 2378 quod
1865 2295 2009 2360 maxime
2043 2297 2286 2382 oontemptibile
2317 2304 2359 2362 est

366 2381 413 2446 ita
435 2380 543 2447 visum
566 2381 676 2458 fuerit,
705 2383 821 2463 impios
849 2381 948 2446 etiam
971 2382 1066 2447 iustis
1093 2381 1281 2447 ooninuotos
1301 2381 1342 2446 ad
1395 2380 1508 2463 elegit,
1542 2401 1605 2463 quo
1635 2399 1670 2445 so
1698 2380 1788 2445 omni
1815 2379 1973 2464 dignitate
2007 2382 2184 2448 exinaniat.
2229 2382 2359 2448 Videtur

367 2486 506 2549 poenam
541 2465 681 2531 trabere.
726 2468 833 2550 Atque
862 2477 899 2532 ut
931 2465 1084 2534 ostendat
1112 2467 1248 2532 liberam
1282 2467 1342 2533 sibi
1395 2475 1506 2530 temen
1532 2463 1706 2548 sophistice
1730 2487 1805 2530 eum
1825 2466 1897 2531 Deo
1917 2466 2029 2532 ludere
2053 2467 2237 2547 Abrabam,
2267 2489 2358 2551 quum

367 2571 438 2616 esse
465 2549 627 2616 iudicandi
654 2562 864 2634 potestatem,
893 2574 959 2619 non
988 2573 1115 2635 semper
1142 2551 1343 2635 aequabilem
1394 2550 1553 2635 paulatim
1587 2573 1627 2616 ex
1661 2552 1765 2634 primo
1799 2572 1935 2617 numero
1968 2552 2170 2630 diminuens,
2203 2551 2359 2638 usquead

367 2637 403 2702 in
422 2637 484 2702 bao
502 2646 594 2720 parte
613 2637 744 2703 modum
763 2647 883 2704 servat.
920 2637 988 2719 Qui
1006 2636 1167 2705 Sodomae
1186 2659 1341 2721 parsurus
1395 2648 1520 2702 sextam
1550 2637 1837 2719 interrogationem
1867 2637 2021 2722 prooedit.
2071 2639 2280 2722 Respondeo,
2310 2660 2359 2722 po-

367 2731 439 2792 erat
461 2731 592 2806 propter
614 2721 726 2790 denam
747 2725 866 2803 iustos,
897 2724 982 2790 bano
1004 2744 1038 2788 ιι
1062 2725 1191 2790 veniam
1214 2723 1341 2791 Ieroso·
1395 2723 1460 2790 tius
1483 2722 1606 2788 turbati
1629 2722 1730 2786 animi
1753 2722 1854 2788 fnisse
1877 2723 1965 2788 buna
1987 2744 2179 2790 sermonem.
2216 2726 2359 2790 Primum

366 2807 378 2874 l
405 2808 648 2873 mandaturum
667 2808 911 2896 negat(Matth.
933 2809 982 2887 11,
1001 2808 1065 2896 24).
1095 2807 1246 2876 Soiamus
1264 2829 1342 2894 ergo
1395 2810 1491 2874 anxie
1524 2808 1649 2873 laborat
1681 2829 1739 2889 pro
1773 2807 1966 2874 Sodomitis:
2000 2831 2100 2892 quare
2132 2811 2214 2876 nibil
2247 2809 2361 2876 omittit

402 2915 476 2959 eum
500 2893 554 2959 bio
574 2892 636 2958 sibi
658 2897 883 2962 nenessitatem
906 2916 971 2960 non
994 2897 1170 2978 imponere,
1193 2894 1251 2960 sed
1269 2895 1341 2961 ideo
1394 2893 1479 2976 qnod
1497 2892 1537 2957 ad
1556 2913 1648 2966 snam
1666 2892 1918 2959 sollieitudiuenr
1936 2893 2225 2978 placandamfaait.
2258 2895 2359 2978 Quum

367 2979 414 3045 sio
435 2979 539 3061 loqui,
566 2990 602 3044 ut
630 2981 748 3044 melius
778 2990 932 3047 testatum
954 2979 1052 3046 faeiat
1073 3003 1108 3046 se
1130 3002 1195 3047 nou
1225 2980 1342 3046 leviter
1394 2987 1460 3045 tam
1484 2979 1620 3045 eomitar
1644 2978 1692 3042 illi
1712 2977 1848 3045 subinde
1871 2981 2064 3064 respoudeat
2081 2980 2262 3060 Dominus,
2289 2982 2360 3048 seia·

368 3065 518 3150 prosilire
547 3064 588 3129 ad
613 3065 811 3149 perdendam
838 3065 968 3144 urbem,
996 3068 1088 3132 euius
1119 3065 1209 3131 nulla
1238 3067 1342 3149 portio
1394 3084 1557 3132 mnenon
1588 3064 1688 3130 fuisse
1715 3067 1941 3148 importunum
1965 3087 2024 3132 neo
2046 3068 2228 3134 molestum.
2273 3065 2360 3148 Quod

367 3150 494 3218 sineere
514 3150 668 3216 restabat.
1393 3153 1421 3216 si
1439 3173 1497 3235 pro
1517 3148 1693 3216 Sodomitis
1715 3149 1902 3233 depredans,
1925 3173 2027 3236 nsque
2045 3153 2086 3218 ad
2104 3165 2233 3220 sextum
2255 3159 2360 3220 iotam

455 3236 506 3301 25.
529 3239 584 3302 Aa
612 3237 707 3302 iudex
733 3238 899 3304 amiternae
921 3241 1023 3302 terrae
1051 3257 1112 3304 aaa
1138 3237 1231 3320 saciet
1259 3236 1342 3302 iadi-
1393 3235 1520 3320 plaoide
1550 3236 1723 3300 exauditus
1752 3237 1830 3314 fuit,
1859 3236 1962 3302 multo
1985 3241 2093 3304 minus
2114 3240 2360 3322 uniuscuiusque

366 3320 459 3390 eiam
504 3321 577 3387 Non
609 3321 762 3388 admonet
788 3322 885 3389 offleii
908 3322 958 3387 sui
980 3322 1103 3388 Deum:
1133 3320 1342 3406 quemadmo-
1393 3343 1506 3406 praees
1528 3322 1651 3387 reiieiet
1669 3322 1830 3386 Dominus
1853 3343 1936 3405 qnae
1953 3345 2013 3408 pro
2035 3325 2170 3390 ecelesia
2192 3325 2360 3392 fundentur

362 3405 447 3473 dum
458 3409 486 3473 si
498 3408 571 3490 quis
582 3406 681 3490 iudioi
692 3405 792 3475 dieat:
806 3406 892 3472 Vide
904 3408 981 3490 qnid
999 3409 1083 3473 ferat
1100 3417 1194 3474 tuum
1213 3430 1342 3488 munus,
1392 3429 1429 3476 ao
1458 3407 1535 3473 fidei
1568 3407 1761 3474 domesticis.
1807 3407 1911 3473 Porro
1938 3409 1971 3473 in
2002 3431 2039 3474 ιο
2072 3431 2198 3494 quoque
2230 3413 2361 3494 refulget

368 3491 445 3578 quid
467 3494 538 3560 looo
558 3493 621 3558 isto
644 3493 780 3577 dignum
799 3493 850 3572 sit,
874 3492 952 3576 quid
974 3515 1130 3576 personae
1152 3495 1342 3560 eonveniat:
1393 3494 1547 3560 Abrahae
1569 3493 1767 3574 hnmanitas,
1790 3493 1875 3576 quod
1898 3495 2029 3561 tametsi
2051 3494 2228 3564 Sodomam
2251 3495 2359 3564 foedis·

367 3580 425 3648 sed
446 3600 467 3645 a
488 3589 607 3644 natura
628 3579 691 3644 Dei
721 3579 949 3658 ratiocinatur,
978 3579 1177 3662 impossibile
1205 3599 1276 3646 esse
1305 3588 1343 3645 ut
1393 3579 1485 3646 simis
1508 3578 1699 3663 eorruptelia
1721 3579 1874 3644 refertam
1898 3581 1995 3661 solat,
2025 3580 2179 3647 indnoere
2201 3583 2360 3649 tamenin

364 3665 544 3750 quidquam
567 3665 680 3746 inique
698 3663 853 3748 designet.
899 3663 1033 3742 Eodem,
1056 3666 1168 3745 satem,
1191 3665 1343 3748 loquendi
1394 3666 1542 3730 animum
1574 3686 1639 3729 non
1672 3673 1792 3748 potest,
1831 3686 1944 3731 omues
1985 3666 2144 3733 saelorum
2177 3669 2359 3752 oontagioue

362 3751 462 3817 modo
483 3770 580 3834 saepe
602 3748 853 3816 obmurmurant
870 3750 941 3815 Deo
962 3751 1070 3834 impii:
1093 3751 1150 3819 sed
1173 3751 1270 3837 longo
1288 3753 1344 3816 ali·
1393 3772 1464 3816 esse
1486 3751 1638 3816 infentos:
1671 3752 1748 3834 quin
1772 3751 1881 3834 potins
1902 3753 1938 3818 in
1961 3755 2158 3836 aequitatem
2181 3753 2359 3839 propendet,

365 3846 419 3903 ter
453 3835 630 3901 Abrabam.
686 3835 847 3917 Quamvis
881 3836 967 3900 enirn
1006 3838 1143 3902 miretur
1182 3838 1343 3922 quomodo
1393 3843 1432 3902 ut
1449 3837 1483 3902 in
1501 3857 1621 3919 magna
1643 3838 1741 3903 turba
1763 3836 1864 3902 latere
1886 3847 1981 3921 putet
2002 3838 2125 3922 aliquos
2148 3841 2271 3923 probos.
2304 3840 2361 3903 list

366 3919 545 3988 Sodomam
569 3920 677 3986 delere
698 3922 819 4006 aogitet
835 3923 936 4001 Deus,
958 3923 1076 4006 inqua
1098 3943 1272 4006 persuasus
1293 3932 1344 3989 est
1393 3924 1479 3987 enim
1501 3922 1563 3988 boo
1586 3923 1739 3988 horribile
1761 3934 1959 4006 portentum,
1982 3925 2029 3992 sio
2047 3947 2107 4008 per·
2125 3936 2230 3991 totum
2251 3944 2359 4007 eorpus

367 4008 508 4091 aliquem
532 4027 602 4072 esee
624 4007 782 4072 bonorum
805 4007 975 4072 hominum
1002 4028 1191 4073 numerum:
1223 4011 1343 4075 retinet
1394 4009 1536 4089 grassari
1566 4007 1723 4074 saelorum
1752 4009 1941 4086 eolluviem,
1969 4020 2007 4076 ut
2029 4009 2157 4076 nullum
2188 4013 2360 4078 membrum

367 4102 479 4158 tamen
511 4093 706 4177 prinoipium
739 4093 842 4170 istud,
873 4094 943 4158 tieri
972 4114 1036 4158 non
1069 4114 1163 4178 posse
1191 4102 1228 4160 ut
1250 4096 1342 4161 Dens
1394 4115 1512 4178 purum
1541 4107 1679 4158 maneat.
1725 4092 1791 4160 Sed
1823 4093 1976 4160 doeemur
2003 4097 2064 4162 boo
2092 4098 2244 4181 exemplo
2270 4115 2359 4180 quam

367 4181 424 4262 qui
447 4179 546 4244 iudex
574 4191 623 4244 est
651 4177 783 4258 mundi,
811 4188 844 4244 et
869 4189 987 4243 natura
1018 4180 1213 4261 aequitatem
1244 4192 1342 4263 amat,
1393 4184 1590 4263 impotenter
1611 4192 1780 4263 grassetur
1798 4179 1913 4258 Satan,
1937 4180 1993 4246 ubi
2015 4182 2116 4246 semel
2139 4183 2278 4248 invaluit
2292 4201 2358 4265 pee

367 4266 435 4330 imo
457 4265 549 4332 ouius
571 4265 722 4330 voluntas
740 4264 793 4329 lex
817 4273 867 4330 est
889 4265 984 4348 aequi
1002 4275 1034 4328 et
1057 4267 1147 4341 renti,
1171 4265 1220 4331 rel
1245 4269 1340 4331 mini·
1393 4268 1456 4333 eati
1481 4266 1668 4332 dominatio.
1712 4265 1782 4331 Nee
1804 4276 1891 4332 oerte
1913 4269 2031 4332 mirum
2055 4277 2119 4345 ost,
2149 4289 2248 4351 quum
2276 4280 2359 4332 ιιιιιιι

367 4371 461 4416 mum
490 4349 680 4416 deflentata
709 4350 843 4415 iustitia.
888 4350 1025 4415 Interim
1057 4351 1143 4417 hone
1175 4350 1237 4417 sibi
1259 4353 1342 4418 diffi·
1393 4353 1436 4418 sit
1458 4351 1628 4416 bominum
1652 4353 1685 4414 in
1710 4352 1790 4416 vitia
1812 4353 2000 4436 propensio,
2030 4366 2097 4417 tarn
2120 4353 2246 4420 lubriea
2266 4352 2357 4418 fatili-

369 4437 533 4514 onltatem,
556 4457 621 4518 qua
643 4435 793 4519 angitur,
816 4435 965 4520 expediri
987 4436 1087 4519 eupit.
1132 4437 1189 4503 Sin
1217 4437 1344 4520 quoties
1393 4450 1458 4516 tas,
1481 4437 1560 4502 alios
1584 4436 1623 4502 ab
1646 4437 1718 4502 aliis
1740 4438 1919 4521 eorrumpi,
1943 4437 2044 4506 donee
2067 4439 2108 4504 ad
2129 4440 2275 4524 singulos
2293 4459 2356 4502 ser·

369 4522 520 4587 diversae
543 4522 740 4586 tentationes
762 4521 796 4586 in
820 4521 939 4587 animis
961 4523 1079 4587 nostris
1101 4523 1292 4608 confligunt,
1310 4534 1343 4588 et
1393 4535 1450 4606 pat
1471 4524 1629 4606 oontagio.
1674 4521 1766 4588 Nihil
1789 4544 1866 4606 ergo
1889 4525 1992 4608 magis
2020 4526 2240 4608 perieulosum
2267 4543 2356 4608 qnam

368 4608 477 4692 aliqua
506 4607 742 4691 repugnantiae
768 4609 891 4691 speeies
913 4608 948 4672 in
971 4606 1035 4673 Dei
1056 4607 1209 4691 operibns
1231 4630 1343 4676 ooonr-
1393 4630 1490 4694 agere
1519 4607 1575 4674 ubi
1608 4619 1725 4692 regnat
1757 4609 1886 4691 publiea
1924 4611 2082 4676 saelorum
2117 4612 2261 4678 lieentia:
2294 4611 2355 4674 imo

367 4694 430 4772 rit,
459 4691 553 4758 modo
583 4693 652 4758 fixa
680 4701 811 4758 maneat
839 4691 879 4758 de
908 4693 1033 4759 iustitia
1062 4696 1131 4758 eius
1164 4698 1342 4777 persuasio,
1393 4695 1485 4760 nulla
1507 4703 1557 4760 est
1586 4706 1651 4758 tam
1680 4696 1834 4777 pestifera
1860 4695 1932 4760 lues
1953 4716 2048 4779 quam
2073 4716 2112 4762 ea
2141 4717 2268 4764 morum
2291 4714 2354 4761 eor·

368 4799 452 4864 qnae
474 4799 532 4844 nos
555 4776 742 4845 exorueiant
770 4780 937 4862 augustias
955 4779 990 4842 in
1013 4780 1083 4845 eius
1106 4781 1215 4846 sinum
1238 4782 1342 4847 effun-
1393 4783 1502 4865 ruptio
1524 4781 1576 4846 oni
1598 4802 1657 4847 nee
1680 4780 1786 4866 leges,
1816 4802 1875 4846 neo
1896 4781 2029 4861 iudinia,
2055 4802 2115 4847 nee
2137 4783 2203 4848 alia
2223 4780 2356 4848 remedia

367 4865 446 4931 dere
468 4863 592 4942 lieebit,
617 4872 654 4930 ut
675 4863 776 4930 nodos
798 4863 986 4930 insolubiles
1008 4865 1101 4929 nobis
1123 4865 1238 4932 solvat.
1283 4867 1343 4931 Vi·
1393 4866 1563 4932 obsistunt.
1615 4865 1813 4948 Quanquam
1846 4877 1955 4932 autem
1989 4867 2213 4934 foedissimum
2243 4869 2354 4936 orimen

369 4951 466 5016 detur
486 4950 611 5016 Paulus
633 4970 676 5014 ex
698 4950 760 5016 hoo
781 4951 851 5016 loeo
878 4951 1122 5035 responsionem
1154 4953 1344 5036 sumpsisse,
1394 4950 1478 5034 quod
1501 4952 1662 5017 Sodomae
1695 4953 1852 5036 regnabat
1884 4953 2033 5035 proximo
2065 4955 2172 5037 eapite
2205 4955 2355 5039 exprimet

369 5058 434 5121 qua
462 5056 574 5101 eornm
603 5035 838 5118 blasphemiam
867 5057 938 5102 eom
963 5036 1044 5102 ιιοιι
1071 5038 1129 5120 qni
1150 5037 1258 5104 Deum
1282 5039 1343 5104 im·
1394 5038 1518 5104 Moses:
1560 5037 1736 5104 tenendum
1770 5047 1880 5103 tamen
1914 5047 1965 5104 est
2002 5037 2088 5121 quod
2121 5038 2217 5106 donet
2247 5035 2351 5106 Nneab.

367 5122 497 5206 pietatis
534 5121 735 5187 insimulant.
785 5057 962 5206 Numquid
987 5123 1118 5207 iniquus
1152 5133 1201 5188 est
1228 5123 1343 5190 Deus?
1396 5123 1446 5204 16,
1465 5123 1517 5189 48.
1537 5123 1580 5190 49
1604 5145 1668 5188 non
1691 5123 1800 5190 statim
1827 5122 1868 5190 ad
1891 5132 1959 5190 tam
1982 5123 2184 5191 exonerabile
2205 5125 2353 5210 flag'tinm

368 5209 469 5274 absit:
492 5205 654 5290 quomodo
676 5208 763 5272 enim
787 5206 873 5290 apud
895 5229 969 5274 eum
988 5208 1149 5274 iniustitia
1170 5210 1226 5292 qui
1249 5231 1344 5275 mun·
1394 5211 1562 5294 prolapsos
1584 5209 1682 5275 fnisse
1704 5207 1900 5275 Sodomitas:
1924 5210 1981 5275 sed
2005 5209 2100 5276 initio
2121 5211 2190 5279 illio
2211 5227 2353 5296 regnasse

368 5291 446 5360 dum
474 5290 619 5361 indicat?
648 5290 690 5384 ad
712 5293 808 5360 Rom.
830 5313 899 5376 eap.
922 5293 957 5371 3,
980 5293 1010 5359 5.
1029 5295 1059 5360 6.
1103 5294 1197 5360 Inter
1224 5294 1347 5364 iudioes
1394 5295 1510 5361 luxum
1539 5316 1579 5360 ex
1608 5294 1780 5361 saturitate
1808 5295 1918 5379 panis:
1952 5295 2070 5361 deinde
2096 5307 2261 5382 sequutum
2287 5311 2352 5358 esee
