4988 6192
136 455 196 520 469
782 456 1150 526 COMMENTARIUS
1173 458 1220 524 IN
1243 458 1456 528 GENESIN.
2058 465 2125 530 470

133 669 219 712 mere
241 655 274 712 et
291 647 358 712 celo
370 645 605 712 inconsiderato
623 646 739 712 altaria
750 646 983 726 exstruxerint,
1005 644 1102 711 Iacob
1155 655 1220 711 tem
1250 668 1334 714 anus
1366 649 1549 734 decrepitae
1583 650 1623 716 ad
1663 651 1851 736 logInqaam
1886 651 2121 734 profectionem

134 754 260 816 semper
284 733 347 796 Dei
369 732 471 797 verbo
493 753 528 798 se
550 733 713 799 astrinxit.
764 732 865 815 Atqui
895 731 1022 796 nullum
1052 739 1102 796 est
1153 733 1287 800 minime
1310 743 1380 800 erat
1400 734 1525 800 idonea.
1577 737 1738 803 Divinant
1766 736 1897 821 qnidam
1915 739 2124 821 interpretes,

133 819 316 902 legitimum
339 819 452 896 altare,
474 818 540 884 nisi
561 817 661 884 verbo
683 825 916 896 consecratum,
939 839 999 882 nec
1021 838 1100 883 vero
1153 820 1286 885 missam
1315 821 1416 886 fuisse
1445 842 1464 885 a
1485 820 1633 887 Rebecca
1661 825 1695 887 in
1725 844 1895 890 occursum
1925 824 1983 889 filii
2013 824 2121 905 Iacob,

132 905 194 970 alia
223 915 302 970 nota
334 903 489 970 excelluit
520 905 628 970 cultus
657 904 768 983 Iacob,
801 904 863 968 nisi
898 901 984 985 quod
1017 902 1100 967 nihil
1152 904 1209 970 sed
1227 926 1293 970 non
1310 905 1415 984 video,
1434 906 1512 988 quid
1531 907 1647 972 habeat
1665 909 1781 975 coloris
1799 928 1912 974 coram
1926 911 2121 976 coniectura.

132 992 271 1055 tentavit
293 998 422 1074 praeter
444 989 508 1055 Dei
530 989 730 1055 mandatam.
770 987 865 1069 Quod
888 988 958 1054 loeo
980 1008 1100 1053 nomen
1153 990 1221 1057 Nec
1243 999 1352 1056 tamen
1376 991 1477 1057 habeo
1499 992 1674 1076 quidquam
1693 995 1775 1060 certi
1793 995 1871 1077 quid
1894 995 2037 1074 afferam,
2057 996 2122 1062 nisi

130 1078 270 1160 imponit
297 1077 388 1141 Deus
416 1075 552 1154 Bethel,
590 1075 718 1142 videtur
745 1076 875 1157 quidem
905 1095 975 1138 esse
1002 1075 1101 1138 nimis
1151 1075 1236 1141 forte
1257 1076 1398 1160 quadiu
1421 1080 1560 1161 gratiam
1584 1080 1736 1145 alumnae
1757 1082 1823 1145 iam
1846 1100 1865 1144 a
1887 1101 1987 1163 puero
2006 1080 2122 1146 dilexit

130 1181 292 1227 crassam:
334 1172 366 1226 et
405 1171 515 1227 tamen
555 1161 615 1227 hoc
652 1181 779 1246 quoque
812 1160 915 1243 elogio
948 1160 1100 1224 laudatur
1152 1162 1258 1243 Iacob,
1281 1174 1313 1227 et
1334 1184 1435 1247 quam
1456 1165 1562 1229 exsilii
1580 1187 1711 1231 causam
1733 1167 1838 1245 sciret,
1862 1167 1992 1249 pietatis
2014 1167 2122 1232 studio

130 1249 236 1312 sancti
257 1248 320 1312 viri
343 1246 438 1312 tides:
462 1247 560 1330 idque
577 1248 657 1327 iure,
679 1244 940 1329 quandoquidem
961 1266 996 1310 se
1014 1247 1101 1310 intra
1151 1248 1260 1331 ipsum
1282 1256 1419 1332 sequuta
1436 1249 1486 1314 sit.
1521 1251 1632 1316 Moses
1649 1263 1736 1317 certe
1755 1274 1820 1316 non
1838 1252 1959 1316 frustra
1980 1259 2048 1318 tam
2069 1254 2122 1317 in-

128 1335 210 1398 fines
242 1332 397 1398 divinitus
433 1333 649 1416 praescriptos
676 1332 832 1396 continet.
888 1329 989 1396 Stulti
1022 1340 1101 1396 sunt
1152 1335 1239 1417 signi
1260 1334 1366 1418 elogio
1388 1334 1531 1401 celebrat
1552 1338 1622 1402 eius
1643 1346 1792 1402 mortem.
2106 1342 2113 1358 ‘

128 1420 292 1502 papistae,
316 1419 394 1482 dum
417 1439 456 1482 cx
480 1416 575 1483 bruta
596 1414 828 1502 propemodum
851 1415 1009 1481 modestia
1030 1417 1100 1482 lau·
1237 1420 1266 1485 9.
1290 1419 1335 1486 Et
1349 1421 1438 1486 teas
1457 1421 1562 1503 fuerat
1579 1421 1668 1488 Deus
1685 1424 1750 1505 ipsi
1768 1421 1910 1489 chaccb.
1941 1423 2123 1505 Postquam

128 1504 201 1569 dem
225 1503 422 1569 hamilitatis
444 1503 605 1568 affectant.
632 1502 726 1568 Fidei
748 1523 825 1568 vero
842 1501 1010 1567 humilitas
1030 1503 1100 1567 lau·
1153 1504 1193 1568 de
1220 1513 1324 1571 morte
1350 1505 1499 1572 Deborae
1527 1529 1631 1590 pauca
1659 1510 1761 1574 verba
1789 1509 1984 1591 interposuit
2011 1509 2122 1576 Moses

128 1588 257 1668 dabilis,
281 1589 359 1654 dnm
379 1610 493 1672 sapere
516 1611 580 1655 non
599 1589 721 1673 appetit
743 1589 925 1672 plusquam
938 1588 1099 1653 Dominus
1153 1591 1326 1656 secandam
1349 1592 1511 1658 visionem
1533 1595 1657 1674 recitat,
1680 1615 1744 1676 qua
1766 1593 1862 1659 Iacob
1883 1603 1958 1676 post
1979 1593 2121 1660 reditum

121 1679 307 1758 permittat.
360 1673 465 1742 Sicuti
498 1684 606 1740 autem
636 1695 735 1757 quam
764 1673 804 1738 ad
834 1694 894 1738 nos
922 1673 1099 1753 descendit,
1152 1678 1360 1743 confirmatus
1383 1686 1433 1742 est
1453 1679 1488 1742 in
1511 1679 1639 1746 Bethel.
1691 1679 1800 1745 Semel
1823 1701 1860 1744 eo
1882 1681 1917 1743 in
1940 1679 2008 1744 loco
2031 1681 2121 1748 visus

124 1760 364 1844 quodammodo
387 1782 422 1826 se
444 1769 600 1825 extenuat
621 1771 655 1825 et
676 1758 815 1824 balbutit
836 1759 1023 1840 nobiscum,
1052 1761 1100 1824 ita
1151 1762 1181 1825 ei
1202 1763 1310 1827 fuerat
1331 1761 1431 1842 Deus,
1453 1785 1553 1846 quum
1576 1765 1609 1829 in
1633 1766 1901 1848 Mesopotamiam
1921 1765 2121 1832 concederet.

123 1848 225 1912 etiam
250 1869 310 1912 nos
331 1867 440 1912 secum
462 1845 622 1911 balbutire
639 1847 721 1911 vult.
749 1845 858 1928 Atque
875 1843 937 1910 hoc
955 1857 1003 1911 est
1020 1866 1099 1910 vere
1151 1847 1283 1913 Interea
1312 1849 1414 1914 variis
1442 1850 1562 1928 modis,
1593 1860 1692 1932 prout
1720 1872 1798 1916 usus
1827 1850 1957 1929 tulerat,
1981 1859 2120 1918 testatus

123 1953 252 2015 sapere,
280 1932 334 1998 ubi
356 1933 464 1997 Deum
487 1933 723 2014 amplectimur,
746 1937 842 2014 prout
864 1951 898 1996 se
921 1930 962 1994 ad
984 1931 1098 1998 modu·
1151 1933 1257 1998 fuerat
1274 1933 1366 2000 Deus
1383 1955 1418 1999 se
1435 1934 1616 2018 illiubique
1634 1957 1691 2018 per
1708 1945 1809 2001 totam
1822 1937 2120 2019 peregrinationem

121 2019 190 2082 lum
215 2026 368 2084 nostrum
392 2018 621 2083 accommodat.
673 2017 715 2082 In
736 2017 825 2082 hunc
847 2015 980 2081 modam
1002 2016 1098 2082 Iacob
1152 2018 1279 2084 adesse:
1302 2019 1359 2086 sed
1382 2041 1470 2086 nunc
1493 2041 1569 2086 eum
1582 2022 1617 2085 in
1636 2021 1741 2086 locum
1761 2022 1929 2087 reducitur
1950 2023 2007 2088 abi
2028 2023 2123 2090 illus·

121 2124 187 2168 non
208 2111 327 2187 arguto
350 2103 495 2186 disputat
514 2103 553 2169 dc
572 2103 713 2170 essentia
734 2101 807 2180 Dei,
831 2101 886 2166 sed
906 2123 947 2165 ex
968 2102 1098 2167 oraculo
1151 2106 1234 2169 trias
1268 2106 1438 2191 magisque
1480 2107 1689 2172 memorabile
1722 2109 1887 2172 oraculum
1925 2107 1975 2172 illi
2008 2110 2123 2175 datum

120 2199 278 2272 percepto
289 2189 480 2254 familiarem
498 2190 559 2254 sibi
569 2189 676 2253 Deum
695 2189 778 2253 lacit.
805 2186 892 2268 Quia
903 2197 1012 2252 autem
1024 2204 1097 2252 sen-

119 2297 177 2340 sus
200 2295 280 2340 suos
298 2273 339 2338 ad
356 2275 589 2339 revelationem
608 2274 727 2356 dirigit,
749 2283 844 2358 grata
862 2270 913 2358 (at
930 2271 1011 2358 dixi)
1030 2273 1097 2338 bal-

120 2360 233 2427 buties
265 2361 360 2440 haec,
390 2369 422 2425 et
451 2360 640 2444 simplicitas
663 2359 735 2424 Dec
764 2367 823 2423 est.
868 2359 971 2424 Pcrrc
993 2379 1097 2444 quan·

118 2468 220 2530 qaam
250 2446 346 2512 hodic
374 2445 491 2510 clarior
518 2446 628 2511 illuxit
651 2441 714 2510 Dei
735 2443 864 2522 notitia,
888 2445 964 2526 quia
985 2453 1097 2510 tamen

118 2531 216 2598 Deus
240 2533 278 2628 iq
299 2531 469 2616 evangelio
491 2551 618 2614 quoque
641 2532 779 2600 nutricis
797 2550 971 2612 personam
993 2531 1095 2597 susci-

115 2619 174 2702 pit,
199 2617 367 2684 diseamus
390 2627 516 2683 mentes
535 2627 662 2683 nostras
680 2617 852 2682 subiicere:
876 2623 1005 2681 tantam
1027 2637 1095 2681 me·

114 2704 315 2770 miserimus
337 2724 412 2768 eum
435 2702 634 2770 descendere
661 2701 703 2767 ad
725 2724 794 2784 nos,
824 2708 862 2765 at
883 2722 1014 2767 sarsum
1035 2723 1094 2767 nos

114 2790 262 2855 attollat.
320 2789 432 2871 Neque
461 2790 550 2855 enim
586 2798 715 2853 terreno
737 2807 827 2852 more
854 2786 928 2852 ideo
951 2787 1095 2870 loquitur

114 2887 152 2942 ut
183 2897 249 2940 nos
271 2896 291 2940 a
312 2874 400 2939 coelo
422 2884 539 2954 arceat,
569 2872 627 2940 sed
654 2876 762 2958 potius
789 2881 827 2937 ut
854 2872 914 2940 hoc
942 2873 1095 2939 vehiculo

115 2984 179 3028 nos
203 2961 364 3028 sublevet.
398 2960 536 3026 Interim
557 2959 700 3026 tenenda
721 2967 773 3024 est
794 2959 916 3042 regula,
938 2959 1093 3041 quoniam

114 3071 157 3114 cx
190 3047 328 3115 coelesti
355 3048 484 3112 oraculo
516 3046 706 3131 impositum
739 3043 803 3110 fuit
835 3043 931 3110 altari
963 3065 1092 3123 nomen,

113 3155 239 3200 veram
274 3140 307 3197 et
334 3133 395 3197 rite
432 3130 627 3216 dispositum
658 3131 759 3196 fuisse
791 3129 974 3196 aedificium
1007 3130 1092 3196 fidei.

111 3221 205 3286 Nam
245 3216 300 3283 abi
331 3238 398 3283 non
430 3226 585 3299 personat
616 3218 694 3284 viva
725 3215 790 3282 Dei
821 3236 903 3297 vox,
936 3215 1093 3300 quidquid

111 3325 315 3390 pomparum
345 3303 515 3388 ingeritur,
544 3303 696 3370 inanibus
728 3302 864 3386 spectris
892 3302 998 3367 simile
1026 3310 1090 3367 eet:

111 3393 215 3458 sicuti
237 3389 274 3454 in
296 3397 415 3473 papatu
439 3390 520 3456 nihil
551 3411 683 3456 cernere
713 3388 787 3452 licet
814 3395 946 3472 praeter
970 3387 1092 3464 vesicas

109 3487 220 3542 vento
246 3476 390 3540 refertas.
440 3475 535 3542 Adde
564 3474 651 3560 quod
672 3473 769 3539 Iacob
796 3475 986 3540 continuum
1016 3473 1091 3539 fidei

109 3584 194 3630 suae
219 3571 368 3626 tenorem
391 3560 547 3642 ostendit,
576 3583 618 3627 ex
648 3581 711 3646 qao
735 3561 824 3625 Deus
853 3581 888 3626 se
915 3560 964 3624 illi
985 3559 1093 3624 mani·

108 3651 242 3715 testare
264 3654 427 3728 coeperat:
458 3648 533 3730 quia
560 3647 622 3711 hcc
649 3646 710 3712 sibi
740 3647 899 3730 proponit,
925 3644 1010 3728 qaod
1032 3666 1090 3710 an-

107 3735 177 3820 geli
204 3732 430 3817 apparuerint.
475 3733 560 3799 Nam
578 3753 679 3815 qaam
701 3731 837 3814 pluralis
859 3733 901 3797 sit
918 3731 1010 3796 verbi
1031 3753 1091 3795 na·

105 3841 244 3898 merus,
271 3817 311 3884 de
337 3819 462 3901 angelis
490 3818 631 3885 libenter
657 3820 871 3901 interpretor,
901 3838 1007 3899 neque
1030 3816 1091 3882 hoc

105 3905 284 3990 superiori
309 3902 475 3970 doctrinae
502 3905 699 3970 contrarium
729 3911 786 3984 est,
814 3903 875 3968 etsi
901 3904 988 3968 enim
1014 3923 1090 3968 con-

105 3993 231 4076 spicue
253 3990 302 4055 illi
324 3999 402 4055 tnnc
424 3990 487 4055 fnit
510 3991 572 4056 Dei
594 3989 756 4066 maiestas,
788 3995 948 4072 quatenus
976 4008 1091 4070 capere

104 4085 262 4162 poterat,
298 4095 363 4139 non
398 4077 456 4142 abs
488 4097 524 4141 re
555 4084 663 4141 tamen
696 4075 828 4159 angelos
860 4083 1091 4141 commemorat

104 4164 239 4244 Moses,
263 4181 342 4244 quos
364 4161 448 4226 vidit
457 4162 555 4228 Iacob
573 4159 749 4228 ascendere
767 4168 800 4225 et
818 4160 1011 4226 descendere
1030 4181 1090 4244 per

103 4250 222 4316 scalae
248 4247 377 4331 gradus.
421 4247 535 4330 Neque
553 4249 642 4313 enim
660 4267 753 4312 secus
775 4255 856 4311 tunc
877 4246 1017 4311 intuitus
1038 4255 1089 4312 est

102 4335 174 4401 Dei
199 4333 344 4418 gloriam
365 4332 400 4395 in
422 4333 546 4416 angelis
568 4355 665 4416 qaam
687 4331 764 4399 solis
781 4331 934 4416 splendor
956 4354 1014 4416 per
1036 4353 1088 4397 ra·

102 4421 181 4486 dios
207 4417 254 4484 ad
276 4438 335 4483 nos
356 4438 459 4501 usqae
481 4427 602 4485 manat.

199 4507 232 4571 8.
258 4502 302 4568 Et
322 4509 443 4570 mcccc
464 4511 508 4570 est
529 4504 681 4570 Debcrab.
715 4503 780 4570 Hic
802 4502 910 4569 brevis
932 4504 1088 4568 inseritur

100 4591 262 4658 narratio
285 4589 398 4655 mortis
423 4591 578 4668 chorae,
601 4611 699 4672 quam
722 4590 873 4674 colligere
894 4590 972 4656 licet
994 4611 1087 4656 sanc-

101 4689 174 4742 tam
202 4677 305 4740 fuisse
324 4685 518 4754 matronam,
541 4687 573 4740 et
591 4697 686 4760 qnam
706 4676 820 4741 domus
838 4674 935 4741 Iacob
953 4696 1017 4740 non
1036 4697 1086 4741 se-

99 4785 164 4831 cus
195 4781 239 4826 ac
267 4769 407 4826 matrem
437 4769 591 4826 venerata
611 4769 675 4827 est:
706 4782 781 4826 nam
804 4761 964 4844 sepultum
986 4761 1086 4826 fuisse

98 4869 184 4914 raro
210 4867 290 4912 cum
309 4845 438 4926 honore,
457 4856 489 4911 et
506 4847 597 4912 lucta
614 4869 679 4912 non
697 4847 837 4930 vulgari,
856 4856 994 4911 testatur
1011 4867 1085 4930 per·

97 4943 251 5018 petuam
274 4930 336 4996 loci
357 4953 484 4998 nomen.
517 4933 620 4997 Paulo
641 4941 714 5015 post
735 4931 921 4997 narrabitur
943 4953 1029 4998 mors
1051 4940 1085 4998 et

97 5019 285 5104 sepultura
304 5017 473 5082 Rachelis:
502 5018 629 5082 nullum
653 5027 763 5083 tamen
786 5017 826 5082 ad
850 5027 993 5100 posteros
1014 5018 1083 5084 luc·

98 5123 156 5172 tae
187 5105 327 5186 signum
355 5103 455 5168 fuisse
483 5104 711 5169 transmissum
741 5103 826 5169 dicet
853 5105 977 5181 Moses,
1005 5124 1084 5188 ergo

1151 2189 1263 2269 luerat,
1293 2202 1333 2255 at
1361 2210 1481 2256 novam
1509 2193 1549 2258 de
1582 2194 1709 2277 integro
1738 2192 1814 2257 fidei
1843 2194 2121 2262 confirmationem

1151 2276 1297 2360 accipiat.
1332 2276 1522 2342 Benedictio
1545 2274 1608 2342 Dei
1630 2279 1692 2344 hoc
1715 2278 1783 2344 loco
1805 2277 1888 2342 nibil
1911 2278 2000 2344 aliud
2022 2301 2120 2363 quam

1150 2364 1322 2444 promissio
1351 2370 1415 2439 est,
1440 2385 1518 2427 nam
1543 2365 1640 2430 sicuti
1667 2365 1752 2429 bcna
1774 2372 1952 2447 precantur
1971 2364 2119 2434 homines

1150 2448 1204 2512 alii
1229 2448 1311 2528 aliis,
1333 2449 1379 2513 ita
1400 2449 1492 2515 Deus
1514 2450 1675 2532 perfectae
1694 2449 1855 2514 felicitatis
1878 2470 1913 2514 se
1935 2451 2005 2516 fore
2027 2461 2120 2518 auto·

1149 2553 1219 2598 rem
1246 2533 1430 2599 denunciat.
1474 2535 1578 2600 Porro
1609 2535 1692 2600 nihil
1726 2543 1804 2601 tnnc
1832 2555 1955 2600 novam
1992 2539 2119 2604 audivit

1147 2619 1252 2698 Iacob,
1275 2619 1333 2684 sed
1355 2619 1468 2685 eadem
1486 2620 1543 2685 illa
1563 2622 1699 2704 repetita
1721 2629 1770 2685 est
1784 2621 1954 2704 promissio
1976 2633 2012 2687 ut
2029 2633 2119 2706 post·

1146 2705 1275 2770 liminIo
1299 2706 1334 2770 in
1357 2707 1495 2790 patriam
1519 2728 1680 2785 reversus,
1702 2706 1836 2773 collecto
1858 2726 1945 2772 novo
1966 2709 2043 2772 fidei
2065 2712 2117 2776 vi·

1146 2811 1225 2875 gorc
1254 2791 1433 2856 animosius
1463 2792 1625 2875 reliquam
1656 2792 1743 2857 vitae
1772 2813 1902 2858 careum
1933 2796 2113 2862 conticeret.

1234 2877 1283 2942 10.
1310 2877 1381 2942 Noa
1403 2879 1562 2944 vocabatur
1588 2898 1698 2944 cumea
1718 2883 1807 2943 tuam
1828 2878 1921 2944 aaa.
1967 2878 2050 2960 Quis
2072 2883 2117 2947 sit

1147 2962 1265 3027 horum
1288 2962 1461 3029 verborum
1482 2985 1597 3030 sensas
1615 2973 1692 3030 ante
1711 2964 1862 3029 dixImus.
1894 2963 2006 3047 Neque
2028 2968 2117 3033 enim

1146 3048 1298 3113 aboletur
1319 3049 1411 3132 prius
1432 3069 1567 3130 acmen,
1596 3050 1654 3114 sed
1681 3051 1865 3133 praefertur
1887 3049 2022 3118 alterius
2044 3053 2116 3138 dig-

1146 3135 1232 3199 nitas
1254 3135 1339 3216 qaod
1360 3143 1472 3218 postea
1501 3136 1549 3200 illi
1577 3134 1716 3201 inditum
1739 3143 1798 3201 est.
1849 3135 1947 3202 Iacob
1967 3139 2053 3203 enim
2075 3140 2116 3206 ab

1146 3228 1238 3286 utero
1259 3230 1394 3288 vocatus
1416 3222 1539 3302 fuerat,
1562 3220 1648 3304 quod
1670 3222 1761 3286 fortis
1783 3221 1900 3286 fuisset
1921 3223 2115 3292 cumfratre

1146 3305 1294 3372 luctator.
1346 3306 1450 3373 Israel
1480 3315 1590 3372 autem
1623 3313 1735 3391 postea
1766 3318 1902 3373 vocatas
1933 3319 1998 3387 cst,
2029 3311 2115 3394 qaod

1144 3413 1219 3458 cnm
1236 3392 1308 3457 Deo
1326 3393 1534 3476 antagonista
1551 3412 1745 3477 congressus
1767 3393 1942 3458 victoriam
1964 3394 2112 3476 obtinuit,

1143 3498 1208 3542 non
1231 3478 1316 3561 quod
1337 3479 1469 3562 propria
1489 3479 1613 3544 virtute
1634 3479 1854 3563 praevaluerit
1876 3477 1965 3564 (nam
1987 3489 2022 3545 et
2042 3483 2114 3547 ani-

1144 3584 1249 3643 mam,
1277 3572 1311 3629 et
1332 3565 1433 3644 vires,
1462 3573 1494 3647 et
1521 3585 1613 3629 arma
1634 3586 1652 3630 a
1674 3565 1742 3631 solo
1764 3565 1834 3629 Deo
1859 3572 2027 3630 mutuatus
2049 3567 2112 3654 est)

1144 3649 1202 3714 sed
1231 3651 1307 3733 quia
1327 3651 1472 3734 gratuito
1501 3650 1565 3715 isto
1595 3650 1717 3717 honore
1740 3649 1903 3714 Dominus
1924 3652 2031 3732 ipsam
2059 3672 2112 3717 or·

1144 3757 1224 3801 aare
1254 3736 1366 3802 voluit.
1428 3736 1523 3802 Facit
1554 3736 1659 3821 igitar
1691 3735 1889 3818 comparatio
1921 3743 1959 3800 ut
1991 3757 2112 3804 nomen

1143 3821 1242 3887 Iacob
1263 3822 1437 3887 obscurum
1459 3822 1503 3886 eit
1525 3831 1558 3886 et
1579 3822 1721 3906 ignobile
1742 3842 1820 3904 prae
1843 3822 1973 3886 nomine
1995 3821 2109 3889 Israel.

1143 3905 1285 3987 Quidam
1314 3908 1523 3988 subaudiunt,
1557 3930 1621 3972 non
1651 3915 1781 3972 tantum
1812 3906 1976 3973 vocaberis
2005 3908 2110 3990 Iacob,

1143 3991 1200 4058 sed
1222 3993 1319 4058 simul
1342 3994 1480 4058 addetur
1502 4013 1682 4077 cognomen
1705 3993 1823 4057 Israel:
1852 3991 1909 4056 sed
1932 3993 2034 4058 altera
2056 4016 2111 4060 cx·

1141 4078 1257 4162 positio
1285 4079 1368 4144 mibi
1396 4079 1572 4161 simplicior
1600 4078 1737 4155 videtur,
1767 4076 1851 4162 quod
1875 4085 1968 4143 vetus
1991 4100 2110 4146 nomen

1142 4166 1251 4230 minus
1277 4165 1312 4230 in
1341 4187 1375 4230 se
1405 4163 1586 4248 splendoris
1612 4164 1745 4241 habens,
1775 4163 1916 4228 secundo
1943 4182 2109 4231 cessurum

1140 4251 1194 4315 sit.
1243 4250 1338 4332 Quod
1361 4250 1568 4334 Augustinus
1596 4250 1700 4328 affert,
1730 4251 1911 4332 speciosum
1932 4259 1983 4315 est
2003 4253 2110 4337 magis

1140 4357 1237 4419 qaam
1278 4337 1426 4414 solidum,
1468 4337 1646 4418 praesentis
1684 4337 1772 4401 vitae
1806 4335 1925 4399 intuitu
1959 4346 2108 4403 vocatum

1139 4423 1242 4488 faisse
1263 4421 1377 4488 Iacob:
1406 4442 1525 4487 nomen
1552 4441 1631 4486 verc
1648 4421 1750 4486 Israel
1780 4421 1819 4485 ad
1843 4421 1984 4485 laturam
2006 4422 2108 4490 vitam

1139 4515 1295 4591 spectare.
1341 4509 1476 4572 Maneat
1498 4529 1575 4590 ergo
1604 4505 1685 4571 illud
1707 4508 1819 4584 lixum,
1845 4506 1965 4589 duplex
1988 4529 2108 4575 nomen

1139 4593 1279 4657 inditum
1301 4594 1401 4658 fuisse
1423 4601 1536 4658 sancto
1559 4591 1645 4670 viro,
1669 4612 1806 4676 quoram
1829 4593 1990 4673 posterius
2012 4594 2108 4678 longe

1138 4679 1299 4746 excelluit.
1346 4678 1500 4744 Videmus
1528 4680 1615 4742 enim
1649 4685 1685 4743 ut
1716 4677 1895 4761 prophetae
1931 4688 2107 4762 utrumque

1137 4784 1234 4847 saepe
1252 4763 1462 4848 coniungant,
1484 4763 1610 4848 gratiae
1628 4763 1691 4829 Dei
1709 4763 1926 4829 constantiam
1950 4764 1990 4829 ab
2011 4765 2106 4832 initio

1136 4871 1237 4932 usque
1259 4849 1300 4914 ad
1322 4852 1420 4915 finem
1444 4857 1603 4915 notantes.

1223 4936 1272 5000 11.
1296 4933 1364 5020 Epo
1391 4955 1461 5000 aum
1491 4935 1580 5000 Deus
1608 4935 1804 5014 omnipotens.
1860 4933 2103 5000 Fortitudinem

1135 5041 1227 5086 snam
1249 5022 1311 5088 hoc
1331 5023 1412 5097 loco,
1437 5028 1473 5084 ut
1495 5020 1580 5098 alibi,
1602 5019 1808 5084 commendat
1828 5017 1930 5096 Deus,
1951 5041 2014 5102 qno
2035 5042 2105 5086 cer·

1135 5107 1203 5171 tias
1225 5108 1259 5173 in
1281 5109 1353 5174 eius
1370 5107 1467 5173 fidem
1480 5104 1763 5172 recumbatlaccb.
1794 5104 1923 5169 Deinde
1940 5105 2103 5172 factarum

95 5193 204 5258 aviae
231 5189 301 5253 loco
323 5187 363 5253 ab
384 5189 534 5254 omnibus
554 5189 655 5256 faisse
678 5189 820 5255 habitam
838 5187 1002 5272 probabile
1023 5197 1082 5255 est.
1135 5203 1169 5258 'se
1191 5194 1355 5276 promittit
1375 5202 1411 5260 nt
1431 5205 1554 5259 crescat
1571 5190 1676 5270 Iacob,
1698 5199 1732 5256 ct
1749 5198 1903 5274 augescat
1924 5210 1990 5254 non
2008 5193 2103 5258 modo

96 5277 171 5345 Sed
200 5273 381 5358 quaeritur,
410 5274 568 5358 quomodo
589 5283 669 5340 tunc
697 5277 794 5340 faerit
816 5276 851 5339 in
873 5276 1083 5341 contubernio
1134 5279 1321 5362 ingentem
1352 5301 1468 5359 unam,
1499 5277 1555 5345 sed
1577 5277 1612 5342 in
1634 5277 1919 5363 congregationem
1944 5277 2103 5358 gentium.

95 5364 220 5437 Iacob,
246 5359 455 5443 qainondam
479 5359 519 5425 ad
541 5370 666 5445 patrem
683 5371 894 5443 pervenerat:
917 5369 1004 5426 aetas
1026 5383 1083 5426 aa·
1135 5361 1246 5443 Quam
1269 5366 1376 5448 gentis
1399 5365 1556 5444 meminit,
1579 5385 1644 5428 aun
1667 5364 1801 5430 dubium
1824 5370 1874 5426 cst
1898 5363 1976 5444 quin
2000 5365 2107 5448 signi·

319 5461 325 5473 .
1845 5463 1896 5518 30,
