4988 6192
310 461 380 526 463
976 449 1347 520 COMMENTARIUS
1371 452 1417 520 IN
1440 451 1654 521 GENESIN.
2252 454 2318 519 464

315 653 388 711 tum
409 643 510 709 fuisse
531 641 657 706 taoiuus
680 661 700 706 a
721 647 833 706 saneto
857 637 937 719 viro,
960 639 1093 722 nequis
1115 659 1190 704 eum
1212 658 1290 704 oon·
1342 636 1408 702 Dei
1427 656 1523 720 super
1540 639 1633 706 urbee
1653 647 1852 724 praeerant
1872 643 1907 706 ia
1934 641 2115 709 oimuttibua
2141 661 2260 720 eorum,
2290 646 2317 707 et

316 732 383 798 silii
404 729 595 815 participem
612 727 712 793 fnisse
730 734 832 810 putet.
872 725 1072 809 Expostulat
1089 732 1199 790 autem
1215 743 1290 789 oum
1342 743 1404 788 nou
1427 727 1610 806 mraeauuti
1638 732 1712 794 earet
1736 727 1822 810 filios
1844 727 1988 795 Iabarob.
2033 728 2063 793 6.
2085 726 2129 793 Et
2156 728 2241 794 veuit
2263 727 2318 794 Ia·

315 817 409 894 filiis,
440 813 523 898 quod
545 815 653 897 ipsum
676 811 762 896 apud
784 819 891 878 terrae
917 810 1042 876 ineolas
1063 810 1186 876 tooure
1206 809 1291 876 feee-
1342 807 1436 875 baoob
1457 811 1492 876 iu
1514 809 1597 890 lau,
1627 833 1707 894 quoe
1727 819 1774 880 eet
1800 815 1837 892 iu
1862 818 1950 880 terra
1974 811 2144 892 Gimaaau,
2172 811 2247 880 baeu
2274 817 2318 880 est

315 903 392 982 rint,
408 900 471 965 hoo
491 908 550 977 est,
569 907 636 964 tam
655 897 801 964 odiosum
819 896 1023 962 reddiderint
1036 904 1074 962 ut
1090 915 1186 961 nemo
1204 896 1291 962 ferre
1341 892 1472 975 Reti-et,
1493 896 1607 978 iperet
1627 899 2043 982 omuispaputusquierat
2058 919 2128 966 uem
2146 919 2190 964 eo.
2224 899 2255 964 t.
2276 893 2320 963 Et

314 995 427 1072 queat:
456 985 543 1069 quod
565 985 593 1050 si
621 984 709 1049 iuter
729 1004 765 1050 se
792 984 982 1067 oouspirent
1008 983 1134 1049 vicinae
1166 987 1290 1067 gentes,
1342 980 1521 1062 aedificavit
1540 981 1586 1048 ibi
1602 986 1703 1052 altare
1718 990 1748 1051 et
1765 986 1883 1052 ooeaur't
1903 987 2003 1050 boum
2017 983 2064 1050 Et
2081 983 2220 1051 Beth-et:
2242 983 2320 1068 quia

314 1094 351 1140 se
372 1072 533 1155 imparem
555 1071 623 1136 fore
645 1068 687 1134 ad
708 1067 940 1147 resistendum,
974 1088 1075 1152 quum
1104 1067 1225 1152 exigua
1247 1067 1291 1132 eit
1343 1073 1558 1147 uppurruraut
1578 1070 1608 1134 ei
1628 1071 1734 1155 aaqeii
1753 1071 1829 1136 dura
1847 1069 1968 1156 superet
1985 1069 2104 1153 afaaie
2121 1069 2240 1153 fratria
2255 1069 2318 1137 uri.

314 1156 484 1244 praeditus
505 1157 678 1224 hominum
699 1175 799 1220 manu
821 1175 901 1239 prae
923 1163 1014 1220 tanto
1036 1173 1184 1220 numero.
1229 1151 1290 1217 Di·
1343 1152 1373 1217 8.
1400 1151 1528 1218 Mortua
1556 1159 1601 1220 est
1629 1161 1732 1223 autem
1750 1155 1897 1223 Deborab
1922 1157 2033 1222 aubia
2055 1154 2194 1234 Rideat,
2224 1160 2254 1220 et
2273 1176 2320 1223 ae»

314 1252 403 1312 sorte
424 1244 522 1308 etiam
544 1241 760 1308 chananaeos
777 1248 811 1306 ot
831 1241 1034 1306 Phereaaeoo
1056 1239 1213 1315 nominat,
1236 1239 1291 1321 qui
1337 1237 1432 1320 pulta
1452 1243 1610 1322 estsuper
1632 1241 1757 1308 Betbet
1777 1242 1835 1308 sub
1860 1261 1992 1324 auerau:
2019 1242 2188 1308 euertit
2208 1261 2317 1308 uorueu

315 1329 408 1396 nulla
429 1329 547 1394 iniuria
571 1327 720 1406 laoeesiti,
744 1326 810 1392 iam
831 1336 950 1392 natura
970 1327 1044 1409 plue
1065 1324 1145 1390 satis
1168 1323 1209 1390 ad
1232 1344 1291 1389 no·
1342 1324 1411 1389 eius
1440 1323 1542 1390 Ailou
1572 1325 1727 1394 Baebutb.
1772 1327 1803 1394 9.
1835 1326 1937 1406 Parra
1968 1327 2057 1393 uuus
2086 1328 2194 1411 suerat
2225 1327 2316 1393 Deua

315 1414 456 1483 ooudum
487 1425 584 1480 eraut
616 1413 786 1497 proelives.
843 1410 910 1479 Sed
943 1419 1152 1497 praepostere
1183 1409 1291 1476 faeere
1342 1409 1408 1490 ipsi
1427 1409 1561 1478 Iabaoob
1579 1413 1689 1491 adbuc,
1712 1415 1788 1480 dum
1804 1413 1920 1479 renuet
1936 1414 2003 1496 ipae
2023 1413 2061 1478 de
2074 1411 2191 1478 Padaa
2201 1411 2316 1491 Aratu,

315 1501 447 1569 videtur
467 1499 564 1566 Iaoob
586 1498 674 1582 quod
695 1498 845 1584 neglecta
866 1498 931 1564 Dei
952 1499 1094 1574 offensa,
1121 1496 1290 1581 proprium
1343 1501 1371 1559 et
1390 1495 1585 1563 benedixerat
1605 1499 1643 1563 ei.
1680 1500 1730 1566 10.
1755 1499 1857 1581 Atque
1878 1499 2004 1565 diruat
2019 1499 2050 1564 ei
2067 1497 2173 1567 Detur:
2196 1497 2317 1565 Nomen

314 1594 444 1653 tantum
478 1585 654 1652 discrimen
683 1593 825 1668 spectat,
859 1605 919 1649 our
947 1606 1011 1649 nou
1041 1583 1150 1668 potius
1178 1601 1291 1647 eorum
1343 1585 1431 1646 tuum
1459 1587 1504 1647 eat
1525 1581 1680 1650 Iabueob:
1706 1605 1768 1652 uou
1793 1580 1953 1651 uocabitur
1979 1603 2088 1650 uormu
2115 1587 2206 1650 tuum
2232 1583 2317 1650 eura

314 1671 503 1739 erudelitati
531 1670 707 1738 iraeeitur?
741 1692 801 1738 our
830 1691 896 1735 non
929 1668 1105 1735 offenditur
1132 1665 1289 1750 perfidia?
1343 1665 1488 1745 Iabaoob,
1511 1669 1565 1734 sed
1577 1667 1682 1736 Israel
1698 1672 1759 1736 erit
1775 1690 1887 1736 uomere
1904 1675 2009 1735 tuum:
2028 1675 2057 1736 et
2072 1670 2192 1736 vomuit
2209 1685 2318 1735 uorum

317 1779 378 1826 our
399 1758 613 1842 rapacitatem
636 1777 702 1822 uon
732 1755 931 1840 exprobrat?
954 1753 1021 1821 Sed
1042 1752 1208 1839 probabile
1230 1758 1290 1832 est,
1343 1753 1412 1818 eius
1434 1753 1548 1820 lornei.
1593 1755 1644 1820 11.
1669 1754 1711 1820 Et
1737 1757 1820 1822 dizit
1847 1755 2005 1822 eiDeua:
2033 1755 2102 1839 Epo
2130 1775 2202 1822 rum
2227 1753 2318 1821 Deru

316 1865 421 1928 quum
449 1842 555 1910 adhue
589 1844 745 1908 attonitos
777 1843 901 1908 reoenti
929 1841 1051 1908 eoelore
1076 1839 1217 1920 videret,
1249 1837 1292 1904 ad
1343 1838 1548 1920 omnipotens,
1582 1860 1693 1920 uerae,
1726 1841 2006 1924 etmtdtiplieare:
2036 1860 2127 1924 aene,
2160 1845 2319 1906 doaetrua

314 1950 431 1997 eorum
461 1939 593 2014 eaptum
627 1927 727 1995 verba
766 1926 1035 1994 aooommodnsse.
1091 1925 1171 2010 Agit
1202 1924 1292 1991 enim
1341 1925 1481 2008 auretam
1502 1927 1561 1991 erit
1581 1947 1620 1991 er
1640 1932 1677 2006 te,
1699 1931 1727 1992 et
1746 1947 1835 2011 repes
1856 1947 1872 1992 e
1892 1926 2007 1993 bribia
2026 1927 2091 1992 bair
2111 1925 2317 2009 earedmu.

314 2023 474 2100 tunquam
502 2014 653 2098 queritur
674 2035 709 2081 se
731 2015 839 2098 potius
867 2012 1000 2079 abillis
1028 2013 1172 2078 oooisum
1194 2029 1292 2093 quam
1346 2010 1396 2075 12.
1426 2009 1472 2074 Et
1496 2016 1614 2077 terram
1638 2033 1735 2094 qaam
1759 2013 1833 2079 dedi
1859 2011 2026 2078 Abrabam
2057 2017 2087 2077 et
2115 2010 2227 2090 labae,
2260 2012 2320 2078 tibi

315 2101 516 2168 Siehimitas.
555 2099 687 2167 Soimus
709 2100 798 2165 enim
815 2119 890 2164 raro
908 2106 941 2164 et
959 2099 1016 2164 vix
1033 2097 1121 2163 trahi
1142 2097 1292 2161 homines
1343 2095 1431 2175 dabo,
1453 2101 1481 2161 et
1496 2099 1609 2163 mutui
1626 2103 1678 2164 troo
1689 2103 1762 2182 poet
1778 2103 1806 2163 te
1822 2098 1901 2164 dabo
1921 2103 2040 2164 mam
2060 2097 2167 2164 istam.
2204 2097 2257 2164 13³
2275 2097 2321 2164 Et

315 2187 357 2252 ad
379 2187 630 2271 poeniteutiam,
653 2186 716 2251 uisi
739 2204 862 2268 poenae
884 2193 989 2250 metu:
1019 2184 1214 2268 praesertim
1235 2180 1291 2246 ubi
1344 2182 1484 2250 arundo
1503 2183 1542 2248 ab
1559 2183 1693 2250 eoDeus
1711 2204 1728 2250 e
1745 2185 1808 2250 loeo
1824 2184 1860 2248 iu
1877 2203 1938 2266 quo
1956 2184 2104 2266 loquutus
2119 2188 2165 2249 ert
2185 2203 2258 2249 aem
2274 2203 2319 2249 eo.

316 2272 357 2338 ad
390 2272 568 2340 fuoaudum
601 2272 754 2338 deliotum
794 2271 938 2355 suppetit
977 2268 1142 2356 spoeiosus
1175 2267 1292 2352 aliquis
1345 2269 1396 2334 14.
1423 2267 1511 2335 Turro
1538 2271 1649 2336 uetuit
1669 2269 1806 2336 Iabaeob
1831 2274 1968 2335 statuam
1992 2270 2028 2333 iu
2055 2269 2118 2335 loeo
2138 2270 2174 2334 iu
2194 2289 2255 2350 atro
2275 2269 2320 2334 io

316 2359 413 2425 eolor.
459 2356 587 2424 Deinde
617 2358 781 2424 uosaimus
804 2377 846 2422 au
867 2358 978 2422 Moses
999 2378 1042 2421 ex
1070 2356 1169 2439 longa
1194 2352 1292 2420 oesti-
1343 2359 1459 2436 quutue
1474 2358 1520 2420 eat
1535 2374 1606 2422 euru
1625 2375 1667 2435 eo,
1689 2361 1830 2421 statuam
1848 2355 2023 2437 lapideam
2043 2359 2071 2420 et
2091 2354 2203 2421 iibaoit
2221 2375 2321 2436 super

314 2444 448 2595 1guttioue
476 2453 606 2594 {2er
634 2443 721 2509 hano
752 2443 968 2594 efxuoierpsofzit,
1001 2447 1039 2508 ut
1065 2439 1293 2594 §nugigerergg
1343 2439 1626 2592 simitum
1631 2446 1659 2508 et
1685 2442 1913 2593 effuditlomauper
1933 2439 2025 2506 ittam
2015 2439 2162 2608 hamum
2182 2439 2321 2592 ἔαξε

331 2550 366 2596 eo
380 2549 454 2596 ores
517 2550 548 2594 m
578 2550 739 2595 vesanum
816 2549 867 2594 sse
935 2549 1041 2594 rorem
1092 2548 1137 2592 rm
1178 2547 1230 2592 ms
1343 2547 1363 2590 u
1649 2547 1758 2592 nomm
1863 2547 1899 2592 au

246 2651 250 2662 ι
316 2614 413 2690 Levi,
436 2622 474 2681 ut
495 2613 536 2679 ad
558 2635 656 2681 suum
679 2614 841 2698 utiusque
862 2613 1005 2680 familiae
1026 2613 1164 2679 exitium
1186 2611 1292 2695 magis
1343 2611 1530 2694 ipaoDeus:
1548 2611 1679 2678 Beth-et.
1714 2613 1766 2680 16.
1790 2545 2019 2695 Profeetiqboeru
2035 2617 2110 2688 aaut
2125 2612 2163 2679 de
2180 2609 2322 2678 Betb-el:

316 2721 425 2802 quem·
449 2701 565 2803 brutae
596 2699 736 2784 peoudes
768 2701 976 2784 obstupeant:
1010 2720 1088 2765 nam
1118 2700 1177 2764 hoo
1206 2696 1292 2762 olare
1344 2702 1413 2798 erat
1434 2701 1536 2762 autem
1557 2697 1776 2798 adhaeserat
1795 2697 1934 2764 mitiora
1954 2701 2057 2796 terrae
2073 2698 2117 2763 ad
2136 2697 2321 2763 oeuiuadma

315 2782 1293 2970 uruuuoseuuu”euertuuuutu
1344 2782 1756 2969 ututuru
1777 2781 2198 2969 meatu
2104 2803 2323 2969 austu

315 2958 494 3026 Barbaries
527 2965 595 3038 ost,
636 2957 722 3041 quod
753 2965 914 3025 exousaut
945 2958 985 3023 ob
1017 2956 1118 3023 unius
1150 2955 1293 3021 homrme
1339 2959 1480 3037 poueu
1506 2957 1583 3022 dum
1603 2961 1746 3037 pareret,
1778 2956 1863 3021 derit
1882 2975 1914 3020 er
1940 2954 2104 3020 mam:
2126 2954 2177 3021 Ne
2196 2960 2320 3035 umens,

316 3063 440 3110 noxam
462 3050 569 3110 totum
590 3043 748 3128 populum
770 3066 791 3110 a
811 3065 846 3111 se
868 3042 1028 3124 oooisum,
1051 3048 1085 3108 et
1105 3041 1221 3108 urbem
1243 3039 1292 3107 di·
1344 3041 1423 3124 quia
1452 3041 1546 3107 etiam
1574 3041 1632 3107 iate
1659 3043 1716 3108 tibi
1741 3041 1841 3123 filisu.
1887 3040 1938 3106 18.
1967 3039 2011 3105 Et
2037 3040 2115 3123 fuit,
2148 3040 2321 3125 eyrediatte

317 3138 462 3214 reptem:
488 3129 606 3196 deinde
635 3129 720 3213 quod
744 3134 813 3196 tam
834 3129 981 3214 praeoise
1003 3137 1036 3195 et
1057 3127 1293 3195 oontumaoiter
1345 3127 1455 3193 anua
1471 3127 1540 3193 eius
1556 3127 1632 3193 otum
1648 3132 1825 3205 mororum,
1842 3127 1962 3193 vorarit
1977 3145 2087 3192 uorueu
2099 3127 2167 3192 eiua
2179 3125 2322 3192 Beuoui:

316 3215 406 3299 patri
443 3213 657 3301 respondent:
696 3215 794 3281 tertio
832 3214 918 3300 quod
957 3215 1137 3281 vindirum
1171 3221 1293 3279 temere
1345 3217 1379 3278 at
1393 3217 1487 3294 pater
1507 3213 1577 3279 eiua
1596 3215 1717 3281 notarit
1735 3232 1806 3280 eum
1824 3211 2005 3278 Beuiaruia.
2048 3211 2099 3279 19.
2123 3211 2254 3278 Mortua
2276 3217 2322 3278 eat

318 3309 493 3385 sumptam,
517 3301 678 3367 abstinete
701 3300 888 3368 defendunt.
926 3299 993 3368 Sed
1015 3299 1221 3385 prodigiosus
1242 3306 1293 3365 eet
1344 3299 1450 3380 itaque
1473 3297 1599 3378 Rachel,
1620 3303 1650 3365 et
1669 3300 1793 3382 reputa
1813 3302 1858 3364 eet
1877 3299 1913 3363 iu
1934 3299 1989 3364 aia
2010 3291 2170 3379 prrattu
2198 3297 2254 3365 boo
2275 3305 2321 3366 est

317 3395 448 3470 stupor,
477 3386 564 3470 qnod
593 3387 758 3470 praesenti
788 3409 848 3453 sua
875 3393 1051 3471 parentum
1080 3395 1113 3452 ot
1140 3406 1292 3465 uxorum,
1344 3382 1510 3450 Betldeem.
1555 3385 1607 3451 20.
1630 3383 1674 3450 Et
1701 3385 1811 3452 statuit
1832 3383 1968 3451 laruae
1996 3383 2123 3450 titutum
2150 3403 2248 3466 reaper
2274 3404 2322 3451 ae

317 3472 502 3557 sobolisque
519 3481 625 3538 morte
644 3494 709 3539 non
728 3480 918 3558 tanguntur.
948 3472 1001 3539 Ita
1018 3473 1172 3539 dooemur
1188 3491 1294 3556 quun·
1338 3469 1509 3552 putaturum
1529 3471 1614 3536 oium
1634 3468 1686 3537 bie
1705 3477 1751 3537 eat
1770 3471 1881 3537 toute
1901 3469 2060 3553 sepuietrri
2082 3468 2201 3535 Baebet
2220 3490 2322 3553 usque

317 3564 431 3642 tepere
454 3559 602 3624 homines
625 3558 793 3624 demoutet
814 3559 883 3625 irae
912 3559 1132 3643 intemperies.
1177 3559 1294 3624 Mone-
1344 3556 1388 3622 act
1409 3555 1492 3622 diem
1512 3555 1601 3624 baua.
1636 3557 1689 3622 21.
1711 3556 1757 3622 Et
1772 3557 1932 3640 prosedas
1948 3560 1993 3622 eet
2011 3554 2123 3632 Iaraet,
2145 3560 2174 3622 et
2193 3557 2323 3624 tetendit

317 3664 395 3710 mur
419 3644 519 3710 otiam
548 3664 755 3728 nequaquam
784 3646 946 3725 suffioere,
975 3646 1032 3711 abi
1060 3645 1183 3711 orimen
1206 3643 1294 3728 parti
1343 3641 1579 3708 tabuuwulum
1608 3663 1703 3708 ouum
1730 3649 1820 3710 baua
1839 3643 1954 3708 taurim
1976 3641 2072 3708 Ede.
2116 3641 2169 3707 22.
2193 3641 2239 3707 Et
2255 3643 2321 3724 fait

317 3729 476 3797 adversae
498 3730 638 3796 obiioere
660 3731 754 3796 lieet:
785 3731 842 3796 sed
871 3729 1049 3797 videndum
1072 3751 1201 3815 semper
1222 3749 1294 3797 esse
1343 3747 1442 3812 quum
1472 3726 1625 3794 babitaret
1651 3729 1758 3795 Israel
1785 3729 1820 3793 iu
1852 3733 1937 3794 terra
1967 3728 2055 3809 ipsa,
2084 3728 2245 3811 profertor
2275 3731 2322 3795 eat

317 3827 481 3899 quatenus
502 3815 655 3901 progredi
677 3816 772 3882 nobis
794 3817 899 3883 libeat.
1346 3813 1480 3892 Reaberr,
1502 3818 1532 3878 et
1551 3813 1710 3880 aoumwit
1729 3835 1799 3882 uem
1810 3812 1931 3880 Bitbab
1946 3813 2114 3880 muttum
2127 3815 2235 3896 patris
2250 3817 2321 3880 aui:

1343 3899 1517 3966 etuudiuit
1538 3897 1650 3966 Ieraet.
1695 3898 1840 3966 Fuerunt
1867 3904 1969 3965 autem
1994 3899 2059 3981 atti
2081 3897 2218 3966 Iobaeob
2244 3899 2323 3966 dao-

1342 3986 1452 4053 uum.
1487 3984 1538 4052 23.
1563 3983 2163 4070 FrutLeat‚ruuooeeuu1auoo
2182 3984 2321 4066 Reubeu,

494 4092 498 4101 ¹
1294 4111 1297 4118 ·
1343 4069 2322 4153 etSirubou,etLeoi,etIebudab‚etleeaobar,etZe·

422 4202 442 4263 ι
643 4155 796 4224 CAPUT
817 4155 967 4224 XXXV.
1343 4157 1450 4223 butun.
1484 4158 1536 4224 24.
1556 4156 1638 4224 Filii
1656 4157 1791 4224 Raebet:
1812 4156 1924 4240 Ioseph
1944 4161 1974 4222 et
1987 4154 2170 4223 Beuiamiu.
2204 4156 2257 4224 25.
2277 4155 2325 4223 ut

1341 4244 1405 4326 alit
1445 4242 1565 4310 Bitbab
1607 4243 1740 4310 anetae
1779 4241 1915 4310 Baebel:
1952 4241 2032 4308 Dou
2069 4247 2098 4308 et
2138 4243 2320 4326 Nepttbati.

404 4328 433 4394 1.
457 4328 554 4394 Diuit
571 4333 674 4395 aretem
692 4328 784 4395 Deua
800 4329 843 4394 ad
861 4328 1013 4396 Iabaoob:
1037 4328 1146 4414 Sume,
1165 4329 1294 4396 uuerde
1344 4330 1396 4395 26.
1420 4329 1464 4395 Et
1482 4330 1545 4411 titii
1563 4329 1680 4416 Zilpab
1704 4329 1836 4397 aruitlae
1859 4327 1962 4394 Leab:
1986 4327 2061 4395 Gad
2077 4333 2105 4394 et
2122 4328 2219 4402 Aser
2257 4329 2324 4395 lati

316 4415 353 4480 iu
374 4412 516 4494 Beth-el,
545 4420 573 4481 et
599 4435 690 4481 usaue
719 4415 779 4480 ibi:
808 4419 836 4480 et
861 4415 915 4498 fae
943 4415 989 4480 ibi
1017 4416 1120 4482 attare
1142 4415 1211 4482 Deo
1239 4416 1294 4499 qui
1343 4420 1418 4482 aeut
1445 4415 1510 4497 titii
1536 4415 1673 4482 Iaborob
1704 4417 1761 4500 qui
1790 4415 1860 4482 uati
1888 4418 1963 4481 urat
1993 4415 2028 4480 iu
2059 4413 2175 4480 Padau
2204 4416 2320 4482 Aram.

316 4501 406 4567 visua
427 4505 473 4566 eet
494 4499 551 4566 tibi
571 4502 648 4567 dum
673 4501 841 4585 supereaa
868 4501 950 4583 faeie
971 4497 1065 4568 Esau
1090 4502 1207 4585 fratris
1234 4502 1291 4567 tui.
1343 4503 1396 4568 27.
1430 4501 1474 4567 Et
1504 4503 1588 4568 veuit
1619 4501 1754 4568 Iabaeob
1788 4502 1831 4567 ad
1863 4500 1960 4568 Iabao
1993 4504 2117 4582 patrem
2153 4521 2249 4568 atrum
2284 4503 2322 4568 iu

316 4586 348 4652 2.
370 4585 415 4651 ut
442 4586 526 4654 abab
556 4585 692 4652 labaret
716 4586 861 4670 semitae
889 4607 981 4667 auae,
1015 4593 1043 4654 et
1068 4588 1211 4654 omuibus
1238 4589 1293 4670 aui
1344 4588 1471 4654 Maoue
1501 4589 1654 4654 deitatem
1681 4583 1808 4656 Arbab:
1839 4585 1913 4652 isaer
1939 4590 1986 4652 ert
2011 4585 2155 4664 Hebron,
2186 4587 2223 4654 iu
2253 4608 2321 4671 qua

317 4677 409 4737 eruet
430 4692 547 4738 aeuum
570 4671 731 4739 Remooete
752 4673 824 4739 deos
843 4674 961 4740 atienae
978 4675 1036 4757 qui
1052 4679 1125 4740 sunt
1141 4675 1176 4738 iu
1193 4674 1293 4739 medio
1343 4673 1494 4740 bouuou
1521 4673 1685 4740 Abrabam
1717 4679 1745 4739 et
1773 4672 1878 4740 labae.
1929 4672 1981 4738 28.
2011 4671 2057 4738 Et
2086 4673 2219 4755 sunau
2249 4674 2321 4740 dier

316 4758 421 4835 uerbi,
443 4763 471 4824 et
491 4759 639 4825 mundate
659 4780 721 4837 voe,
744 4761 979 4842 uestimentaque
1005 4765 1110 4826 uerba
1136 4761 1292 4826 muuwte.
1344 4759 1454 4838 labar,
1483 4764 1602 4826 eertum
1631 4760 1708 4826 auui
1736 4765 1765 4825 et
1792 4759 1941 4844 oetoyiuta
1967 4759 2054 4824 auui.
2098 4759 2151 4824 29.
2172 4757 2218 4822 Et
2243 4759 2324 4826 obiit

317 4843 348 4908 3.
370 4841 416 4907 Et
434 4862 620 4928 muamus,
642 4850 669 4910 et
690 4846 897 4911 ascendamus
918 4847 952 4911 iu
974 4841 1103 4925 Beth-el,
1126 4851 1154 4912 et
1173 4846 1293 4929 fabiam
1343 4845 1448 4926 Isbar,
1470 4850 1497 4912 et
1518 4853 1660 4913 mortuae
1679 4850 1731 4926 eet,
1753 4849 1782 4911 et
1801 4845 1940 4913 σοίῑεαίαε
1956 4849 2001 4911 eet
2019 4843 2062 4910 ad
2076 4844 2214 4926 populu
2234 4865 2321 4927 suos,

316 4929 385 4995 tute
412 4929 511 4994 altare
531 4929 613 5010 Deo,
641 4933 698 5014 aui
723 4931 886 4997 exaudivit
910 4951 959 4997 me
985 4932 1020 4996 iu
1048 4933 1101 4998 die
1129 4933 1293 5016 auauatiae
1341 4952 1435 4998 suen
1464 4938 1492 4996 et
1519 4938 1612 4999 saur
1639 4933 1778 5004 uiuum
1803 4935 1831 4997 et
1859 4930 2046 5014 sueorum
2070 4949 2141 4997 eum
2168 4929 2262 4998 Esau
2293 4936 2323 4998 et

316 5033 412 5094 uuae,
433 5020 462 5080 et
480 5014 544 5115 fuit
564 5037 682 5116 aream
704 5017 739 5083 iu
760 5018 814 5082 uia
835 5038 899 5100 qua
924 5017 1092 5118 ambulavi.
1136 5018 1292 5118 4·.D⁶‘²⁶·
1342 5018 1481 5084 Iabaoob
1498 5017 1562 5100 atu
1582 5020 1660 5086 eiua.

317 5106 570 5285 dimoti
591 5102 878 5270 tutudit
887 5103 1194 5258 tuebitur-tt
1205 5109 1294 5272 tit
1431 5192 1460 5255 1.
1484 5187 1530 5254 a
1555 5191 1639 5256 reu
1668 5188 1758 5256 nu
1785 5187 2002 5288 aratu.
2045 5186 2168 5256 uase
2196 5187 2323 5274 use,

317 5275 348 5336 et
376 5270 533 5338 absooudrt
559 5293 610 5340 eoa
637 5273 772 5340 Iateaeob
799 5280 908 5358 supter
935 5297 1080 5358 quereum
1113 5297 1194 5358 quoe
1225 5281 1294 5342 erut
1345 5296 1446 5359 quum
1478 5275 1514 5341 iu
1548 5276 1682 5342 ultimas
1716 5282 1885 5360 angustas
1921 5272 2072 5340 reduetus
2105 5281 2190 5340 esset
2211 5274 2325 5362 Iaoob,

318 5355 407 5438 apud
429 5357 563 5426 Soudeta.
607 5359 637 5425 5.
664 5361 752 5426 Tuae
773 5362 909 5444 profrui
935 5367 1024 5443 suut,
1052 5363 1167 5446 etfuit
1195 5367 1294 5429 terror
1344 5362 1452 5428 Deum
1475 5361 1526 5426 illi
1547 5369 1673 5429 mature
1691 5371 1724 5428 et
1741 5361 1836 5446 quasi
1857 5361 1891 5425 in
1913 5359 1984 5444 ipso
2005 5359 2143 5427 artioulo
2165 5358 2324 5434 adimens,
