5000 6208
128 459 189 525 209
783 460 1156 529 COMMENTARIUS
1178 461 1230 526 IN
1251 459 1468 532 GENESIN.
2071 461 2135 528 210

126 646 174 712 las
196 647 374 713 iactantur:
405 648 462 713 sed
486 649 561 731 quia
583 648 716 714 sedatur
739 648 911 732 trepidatio
933 650 968 714 in
991 669 1104 715 eorum
1156 651 1237 716 tatis
1270 651 1440 733 augendae
1474 671 1585 731 eausa,
1620 650 1786 717 hominem
1820 650 2039 736 alienigenum
2074 652 2137 718 sibi

127 733 261 800 animis:
303 745 336 799 et
375 735 650 816 quemadmodum
689 733 793 818 pluris
829 743 881 800 est
913 734 977 800 Dei
1012 755 1105 818 prae·
1157 734 1333 801 haeredem
1356 738 1451 802 fore.
1479 737 1593 820 Neque
1616 737 1702 803 enim
1732 736 1844 804 dubito
1873 737 1952 822 quin
1974 737 2137 804 Dameseo

126 819 246 886 sidium
270 839 367 900 quam
397 820 508 885 omnia
534 819 693 904 pericula,
729 821 776 887 sie
805 822 957 886 timorem
986 819 1105 886 fiducia
1156 821 1280 907 gentile
1314 823 1357 886 sit
1389 823 1514 906 patriae
1546 842 1682 888 nomen:
1722 843 1789 888 non
1823 831 1931 888 autem
1967 825 2136 907 proprium

126 915 311 988 exsuperet.
1155 907 1280 986 matris,
1302 919 1341 971 nt
1362 907 1443 975 falso
1464 916 1622 993 putarunt
1644 907 1794 991 quidam:
1817 929 1855 974 ac
1877 911 1905 974 si
1928 908 2066 976 diceret:
2084 909 2137 976 Na

212 991 242 1056 2.
274 990 462 1056 Dominctor
497 990 596 1057 Deae.
648 991 831 1058 Hebraicus
862 999 973 1058 textus
1006 992 1104 1057 habet
1156 1014 1244 1058 unus
1273 991 1404 1075 quidem
1434 1015 1475 1059 ex
1506 995 1759 1079 consanguineis
1791 995 1872 1060 meis
1904 994 2019 1062 haeres
2051 996 2137 1060 mihi

126 1091 195 1145 runt
214 1091 293 1145 ’J'ttt
324 1077 378 1142 Ex
396 1097 459 1160 qua
476 1077 693 1160 appellatione
715 1078 890 1162 colligitur,
914 1085 1025 1142 notam
1044 1078 1103 1144 ali·
1156 1078 1320 1164 obtinget:
1339 1078 1397 1145 sed
1415 1079 1513 1146 homo
1525 1079 1643 1164 Syrius
1661 1102 1704 1145 ex
1721 1081 1891 1148 Damasco.
1927 1081 2028 1147 Forte
2046 1081 2136 1146 enim

125 1183 225 1247 quam
249 1161 381 1228 divinae
403 1163 524 1247 gloriae
552 1163 751 1248 insculptam
780 1163 880 1231 fuisse
908 1163 1044 1242 visioni,
1068 1173 1104 1228 ut
1156 1185 1231 1229 enm
1255 1165 1381 1230 Abram
1403 1165 1437 1231 in
1461 1166 1697 1249 Mesopotamia
1725 1173 1858 1232 emerat.
1904 1165 2011 1233 Simul
2042 1173 2137 1233 vocat

124 1249 253 1315 Abram
275 1247 359 1314 nihil
381 1248 421 1313 de
442 1256 556 1313 autore
579 1249 757 1334 ambigens,
781 1248 943 1332 intrepide
964 1249 999 1314 in
1018 1249 1104 1315 hanc
1156 1251 1262 1314 fllium
1295 1250 1420 1318 Mesec:
1462 1251 1502 1318 de
1536 1274 1600 1336 qua
1638 1273 1718 1318 voce
1749 1272 1817 1317 non
1856 1254 2009 1320 convenit
2046 1254 2136 1318 inter

126 1356 239 1402 vocem
261 1341 458 1418 erumperet.
502 1334 588 1399 Nam
611 1355 712 1418 quum
733 1335 837 1402 mirus
867 1333 1002 1401 fallendi
1026 1336 1104 1400 arti·
1157 1337 1397 1420 grammaticos.
1449 1335 1594 1419 Quidam
1616 1358 1636 1402 a
1657 1351 1727 1431 pptv
1757 1337 1937 1419 deducunt,
1969 1337 2055 1422 quod
2085 1354 2136 1405 est

124 1420 180 1486 fex
205 1421 249 1486 sit
280 1419 398 1496 Satan,
430 1441 467 1486 ao
496 1427 545 1485 tot
573 1421 761 1506 praestigiis
790 1421 850 1487 sub
879 1422 941 1486 Dei
971 1421 1105 1486 nomine
1157 1420 1350 1502 discurrere,
1366 1435 1398 1488 et
1410 1431 1543 1488 vertunt
1561 1443 1782 1503 oeconomum,
1804 1424 1856 1489 rel
1874 1432 2134 1507 procuratorem:

124 1505 258 1571 illudat:
299 1515 425 1572 certum
466 1527 522 1571 ac
547 1506 691 1573 notabile
735 1506 911 1574 discrimen
956 1517 1105 1573 constare
1158 1508 1234 1590 quia
1255 1507 1320 1573 huc
1342 1514 1376 1574 et
1403 1509 1482 1576 illuc
1504 1507 1545 1574 ad
1575 1510 1707 1594 negotia
1737 1508 1902 1575 discurrat
1923 1510 1979 1594 qui
2008 1511 2136 1594 amplae

125 1594 273 1676 oportuit
294 1592 381 1657 veris
404 1611 442 1657 ac
463 1591 658 1658 coelestibus
680 1593 836 1670 oraculis,
866 1614 950 1677 quae
975 1599 1106 1660 saneto·
1159 1593 1274 1660 domus
1296 1615 1407 1660 curam
1430 1596 1579 1660 sustinet.
1623 1595 1691 1660 Alii
1713 1615 1733 1660 a
1755 1608 1825 1688 put,
1848 1605 1882 1660 et
1909 1595 2135 1678 pocillatorem

125 1700 200 1744 rum
231 1685 360 1762 patrum
391 1677 487 1743 fidem
515 1698 553 1745 ac
581 1687 708 1745 mentes
734 1679 895 1746 fluctuare
923 1699 991 1745 non
1020 1679 1106 1744 sine·
1158 1688 1305 1745 vertunt:
1337 1678 1421 1764 quod
1443 1681 1525 1746 mihi
1547 1680 1679 1748 videtur
1701 1699 1815 1763 parum
1839 1702 2029 1766 congruere.
2074 1683 2136 1748 Di·

125 1773 210 1830 rent.
255 1765 346 1848 Ergo
368 1765 403 1827 in
434 1764 558 1829 visione
586 1765 679 1830 cuius
707 1766 745 1830 iit
774 1765 913 1844 mentio,
945 1765 1106 1849 patefacta
1159 1785 1286 1830 versam
1326 1766 1630 1850 interpretationem
1671 1767 1775 1850 magis
1815 1768 2009 1851 amplector,
2049 1767 2136 1852 quod

125 1851 187 1916 fuit
209 1849 318 1916 Abrae
342 1850 407 1915 Dei
429 1850 600 1930 maiestas,
623 1872 706 1935 quae
729 1849 769 1916 ad
788 1849 864 1916 fidei
883 1851 952 1916 eius
970 1850 1104 1916 certitu·
1157 1860 1295 1917 vocetur
1316 1851 1402 1918 filius
1426 1852 1660 1919 derelictionis:
1691 1854 1766 1937 quia
1788 1866 1862 1944 [two
1884 1851 2051 1919 interdum
2074 1875 2135 1939 pro

126 1936 237 2003 dinem
268 1935 440 2002 sufficeret.
481 1935 555 2001 Non
577 1937 661 2019 quod
685 1937 777 2002 Deus
798 1936 904 2020 qualis
927 1947 977 2002 est
1005 1955 1106 2021 appa·
1157 1937 1345 2020 relinquere
1378 1935 1528 2004 sumitur.
1574 1936 1773 2030 Qpanquam
1806 1961 1871 2004 non
1906 1940 2055 2026 intelligo
2088 1939 2135 2010 sic

128 2023 247 2100 ruerit,
282 2019 339 2086 sed
368 2030 529 2105 quatenus
558 2022 630 2105 capi
657 2029 788 2105 poterat
822 2021 966 2088 humano
995 2043 1104 2088 sensu.
1158 2023 1230 2101 dici,
1253 2025 1307 2089 cui
1327 2024 1439 2088 omnia
1460 2024 1635 2090 relicturus
1657 2025 1700 2090 sit
1722 2023 1863 2090 Abram:
1888 2024 1946 2090 sed
1968 2027 2044 2109 quia
2067 2047 2135 2091 non

125 2106 191 2174 Sed
225 2127 344 2191 parum
381 2105 527 2172 modeste
560 2128 595 2173 se
632 2127 746 2191 gerere
781 2106 914 2174 videtur
947 2109 1003 2192 qui
1037 2115 1105 2173 tam
1157 2108 1236 2175 alibi
1253 2109 1418 2175 residuam
1437 2130 1528 2194 spem
1547 2109 1674 2175 habeat.
1710 2108 1851 2175 Perinde
1869 2111 2033 2196 estigitur
2049 2111 2136 2199 (meo

124 2193 300 2278 magnifica
327 2193 545 2276 promissione
571 2194 772 2277 posthabita,
803 2192 843 2258 de
866 2193 1005 2260 orbitate
1026 2215 1105 2260 con·
1156 2193 1290 2282 iudicio)
1330 2215 1367 2260 ac
1399 2195 1428 2262 si
1466 2206 1599 2262 vocaret
1637 2196 1741 2261 filium
1782 2194 1932 2262 orbitatis
1965 2198 2040 2279 quia
2073 2199 2136 2266 hoc

124 2281 282 2363 queritur,
301 2287 334 2344 et
351 2280 424 2344 Deo
441 2278 608 2362 obstrepit,
631 2281 707 2362 quia
725 2279 853 2346 nullum
872 2279 1030 2346 hactenus
1048 2280 1105 2344 de·
1157 2280 1303 2346 desertae
1333 2289 1366 2346 et
1398 2281 1519 2348 sterilis
1549 2280 1665 2347 domus
1692 2281 1914 2348 testimonium
1938 2291 2021 2361 erat,
2056 2285 2134 2349 hae-

126 2367 211 2430 derit
228 2386 350 2431 semen.
381 2364 470 2446 Quid
487 2365 661 2449 optabilius
679 2367 740 2430 fuit
757 2385 852 2450 quam
872 2366 975 2449 recipi
992 2367 1029 2432 in
1039 2365 1104 2430 Dei
1157 2365 1328 2432 reditatem
1365 2366 1405 2432 ad
1446 2368 1612 2433 hominem
1654 2375 1848 2432 extraneum
1889 2368 2036 2449 devolvi,
2076 2369 2133 2453 qui

126 2451 279 2530 tutelam,
302 2461 335 2516 et
357 2452 427 2516 eius
448 2451 602 2516 fruitione
625 2452 755 2517 beatum
778 2451 871 2516 esse?
895 2452 1019 2517 Parum
1042 2451 1103 2536 igi·
1157 2451 1263 2517 locum
1286 2474 1426 2518 vacuum
1448 2462 1482 2518 et
1504 2452 1694 2536 derelictum
1721 2459 1867 2537 occupet.
1912 2454 2032 2521 Postea
2056 2476 2135 2523 oon-

124 2547 178 2602 tur
201 2537 388 2603 verecunda
409 2535 541 2603 videtur
563 2537 715 2616 obiectio,
744 2536 822 2603 dum
845 2538 988 2616 Abram,
1011 2537 1104 2622 quasi
1155 2539 1306 2622 temptim
1328 2546 1423 2605 vocat
1445 2560 1591 2617 servum,
1622 2547 1679 2603 aut
1699 2557 1853 2618 vernam,
1877 2539 1994 2621 Fadius,
2017 2542 2133 2625 inquit,

124 2622 271 2689 oblatum
302 2622 384 2688 illud
417 2623 480 2688 sibi
517 2621 769 2707 incomparabile
802 2623 922 2688 bonum
960 2624 1103 2707 parvifa·
1154 2625 1265 2690 domas
1286 2644 1386 2705 cwae,
1416 2625 1526 2691 homes
1546 2644 1634 2690 meres
1654 2625 1722 2690 aar.
1767 2623 1991 2709 contemptim
2015 2627 2063 2692 ita
2084 2626 2131 2693 lo·

125 2710 228 2789 ciens,
257 2728 322 2774 non
352 2708 539 2792 acquiescit,
575 2707 677 2775 donec
697 2709 840 2776 sobolem
863 2709 989 2775 habeat.
1035 2708 1103 2777 Sed
1155 2711 1281 2792 quitur:
1304 2731 1342 2776 ac
1365 2711 1393 2776 si
1416 2711 1554 2777 diceret:
1578 2711 1702 2776 Misera
1724 2718 1775 2775 est
1796 2731 1869 2776 mea
1898 2710 2055 2792 conditio,
2079 2713 2131 2778 oui

125 2796 273 2861 excusari
296 2795 438 2878 primum
462 2801 571 2878 posset
593 2794 703 2861 Abrae
726 2795 873 2872 libertas,
898 2797 983 2879 quod
1005 2817 1102 2862 curas
1155 2817 1196 2862 ne
1217 2796 1301 2862 liber
1321 2795 1452 2880 quidem
1476 2798 1573 2862 homo
1603 2795 1764 2863 succedet.
1810 2794 1989 2878 Quaeritur
2018 2805 2131 2865 tamen

124 2881 241 2965 quibos
262 2881 431 2964 angimur,
461 2888 494 2944 et
515 2881 681 2946 molestias
704 2880 819 2964 quibus
842 2901 1036 2965 gravamur,
1066 2882 1101 2946 in
1154 2883 1315 2963 quomodo
1348 2888 1382 2947 et
1412 2881 1638 2948 Damascenus
1671 2888 1703 2947 et
1739 2902 1845 2948 verna
1876 2881 1985 2948 Abrae
2021 2885 2129 2952 fuerit
2242 2927 2248 2939 ·

124 2969 235 3032 sinum
256 2987 352 3032 suum
376 2965 545 3032 effundere
567 2967 730 3032 Dominus
759 2967 928 3050 permittit.
974 2967 1101 3032 Deinde
1155 2966 1283 3033 Solutio
1302 2966 1424 3052 duplex
1446 2978 1505 3052 est,
1527 2968 1634 3033 filium
1656 2966 1772 3033 domus
1793 2969 1914 3046 vocari,
1937 2990 2004 3034 non
2023 2971 2132 3054 quiin

124 3051 381 3118 considerandus
415 3061 464 3117 est
497 3053 573 3118 finis
606 3053 843 3136 querimoniae:
880 3073 984 3137 neque
1012 3054 1099 3118 enim
1154 3075 1193 3119 ea
1219 3063 1316 3119 natus
1343 3055 1402 3135 sit,
1432 3052 1489 3121 sed
1519 3063 1648 3119 tantum
1678 3054 1713 3118 in
1743 3073 1781 3119 ea
1809 3053 1981 3120 educatus:
2012 3056 2067 3123 vel
2089 3077 2131 3123 ex

124 3137 315 3222 simpliciter
329 3138 512 3204 solitarium
525 3159 642 3204 seesse
656 3138 763 3204 docet:
783 3139 838 3204 sed
859 3140 936 3222 qaia
953 3140 1099 3205 omnium
1153 3140 1317 3206 Damasco
1339 3139 1514 3205 oriundum
1538 3161 1623 3220 esse,
1651 3139 1729 3224 quia
1750 3139 1902 3224 ex'Syro
1925 3149 2017 3225 patre
2039 3151 2131 3210 ortus

122 3225 375 3308 promissionum
398 3224 532 3289 effectus
555 3243 575 3288 a
596 3224 721 3291 semine
742 3224 920 3308 pendebat,
950 3246 1015 3290 non
1038 3225 1100 3288 im·
1152 3233 1231 3290 erat.

122 3311 242 3376 merito
271 3317 338 3376 tam
366 3311 587 3376 necessarium
616 3311 736 3394 pignus
757 3311 819 3376 sibi
849 3310 918 3376 dari
946 3312 1099 3394 postulat.
1239 3313 1270 3376 4.
1295 3311 1367 3378 Non
1391 3313 1450 3376 erit
1477 3311 1586 3377 baares
1612 3317 1687 3376 tuae
1715 3312 1782 3377 iste.
1826 3310 1916 3377 Hine
1945 3311 2130 3397 colligimus

123 3396 210 3460 Nam
244 3397 274 3460 si
306 3394 420 3460 mundi
457 3394 638 3461 benedictio
670 3405 704 3462 et
736 3397 825 3462 salus
864 3417 927 3462 non
970 3395 1101 3463 aliunde
1153 3397 1327 3481 probatum
1355 3397 1459 3464 fuisse
1486 3399 1558 3462 Deo
1587 3404 1701 3463 votum
1732 3394 1851 3461 Abrae.
1903 3396 1999 3463 Unde
2029 3400 2129 3465 etiam

123 3503 223 3566 qnam
241 3504 282 3547 ex
301 3482 426 3547 semine
448 3480 609 3565 speranda
626 3492 688 3557 est,
708 3482 764 3547 ubi
783 3484 994 3566 praecipuum
1013 3481 1101 3550 istud
1152 3484 1301 3566 sequitur
1320 3481 1403 3548 illud
1424 3484 1573 3564 alterum,
1596 3503 1662 3548 non
1685 3482 1794 3549 carnis
1812 3483 1930 3548 affectu
1950 3483 2126 3568 impulsum

123 3577 224 3652 caput
252 3566 311 3634 sibi
336 3567 446 3633 deesse
470 3566 574 3646 videt,
604 3590 669 3632 non
692 3569 814 3632 mirum
837 3576 888 3634 est
916 3568 980 3634 alia
1009 3570 1100 3653 quasi
1152 3569 1254 3637 fuisse
1277 3569 1400 3636 Abram
1423 3567 1464 3633 ad
1487 3570 1573 3636 hano
1595 3569 1826 3653 precationem,
1848 3566 1905 3634 sed
1928 3568 1981 3652 pio
2002 3579 2132 3636 sancto·

123 3673 338 3732 evanescere,
367 3655 484 3719 saltem
507 3675 571 3718 non
602 3653 731 3737 placare
753 3654 824 3720 eius
851 3655 1012 3733 animum,
1042 3675 1102 3721 neo
1152 3677 1214 3739 que
1236 3655 1481 3735 benedictionis,
1504 3675 1586 3739 quae
1608 3655 1771 3738 promissa
1792 3665 1871 3734 erat,
1894 3653 2053 3720 fruendae
2074 3655 2130 3724 de·

123 3747 202 3806 vota
225 3741 355 3804 satiare.
392 3742 502 3822 Atque
524 3738 606 3806 haec
631 3740 745 3805 eadem
764 3741 848 3805 ratio
866 3750 916 3805 est
933 3762 992 3807 cur
1009 3742 1101 3806 Deus
1152 3741 1280 3807 siderio.
1325 3742 1395 3807 Nec
1413 3749 1539 3807 tantum
1564 3740 1613 3805 illi
1635 3740 1797 3824 promittit
1819 3739 1911 3805 Deus
1932 3760 2053 3819 semen,
2072 3741 2130 3808 ssd

122 3847 190 3891 non
204 3824 407 3908 modoaequi
426 3825 502 3891 boni
519 3825 668 3890 consulat
682 3827 769 3890 servi
787 3827 837 3891 eui
856 3827 1100 3909 querimoniam,
1151 3828 1320 3912 ingentem
1349 3828 1506 3911 populum
1537 3828 1592 3909 qui
1621 3847 1757 3891 numero
1782 3837 1815 3890 et
1845 3826 2054 3893 multitudine
2079 3849 2130 3896 ae-

121 3911 180 3978 eed
203 3911 423 3994 precationem
445 3911 556 3976 statim
579 3911 739 3994 propitius
764 3911 926 3977 exaudiat.
972 3910 1103 3978 'Pribuit
1152 3934 1252 3996 quare
1274 3905 1509 3998 possit'stellas
1538 3912 1627 3978 coeli.
1673 3911 1741 3993 Qui
1763 3910 1936 3996 allegorice
1958 3923 2130 3996 exponunt

121 3996 257 4081 quidem
279 3995 389 4062 Abrae
412 3997 522 4062 Moses
545 3997 713 4076 affectum,
737 3999 791 4080 qui
814 3998 1011 4064 naturaliter
1032 4018 1101 4064 om·
1152 4000 1291 4066 coeleste
1312 3999 1460 4082 promitti
1484 4019 1605 4076 semen,
1630 3997 1714 4081 quod
1738 3997 1841 4061 stellis
1863 3999 2038 4080 confertur,
2060 4001 2128 4066 fru-

121 4084 222 4148 nibus
245 4082 379 4147 insidet:
408 4082 465 4147 sed
488 4083 550 4148 hoc
572 4103 635 4147 non
660 4083 769 4149 obstat
789 4083 868 4166 quin
891 4084 988 4149 altius
1011 4106 1122 4167 spec·¹
1153 4095 1250 4151 antur
1282 4107 1341 4151 suo
1374 4106 1486 4151 sensu:
1518 4105 1576 4148 nos
1607 4105 1683 4149 vero
1713 4090 1881 4148 teneamus
1910 4084 1994 4167 quod
2024 4088 2129 4172 magis

121 4169 202 4234 terit
232 4167 312 4232 dum
344 4175 514 4250 tantopere
542 4167 715 4234 haeredem
744 4169 867 4253 appetit
895 4191 936 4234 ex
963 4192 997 4235 se
1028 4192 1102 4254 pro·
1152 4171 1292 4237 solidum
1327 4177 1392 4250 est,
1432 4170 1603 4235 stellarum
1643 4177 1817 4251 conspectu
1851 4167 1994 4234 adiutam
2028 4171 2128 4238 fuisse

121 4259 284 4341 genitum.
336 4255 382 4318 Et
410 4263 497 4319 certe
526 4274 592 4318 non
623 4254 816 4320 exciderant
840 4256 910 4320 eius
947 4257 1102 4321 memoria
1153 4259 1263 4323 Abrae
1285 4257 1393 4322 fidem.
1437 4256 1521 4321 Nam
1546 4275 1609 4337 quo
1632 4254 1749 4319 melius
1771 4275 1846 4319 suos
1868 4255 2032 4322 Dominus
2057 4260 2128 4323 alli·

122 4341 355 4424 promissiones
384 4340 472 4404 illae:
504 4337 631 4406 Semini
659 4345 715 4405 tuo
744 4340 827 4406 dabo
857 4350 977 4406 terram
1007 4343 1100 4408 hano.
1153 4345 1232 4420 ciat,
1257 4350 1289 4408 et
1311 4341 1474 4408 efficacius
1496 4349 1645 4424 penetret
1666 4341 1701 4404 in
1730 4361 1843 4405 eorum
1871 4349 2015 4421 mentes,
2038 4353 2127 4428 post·

122 4426 225 4491 Item:
256 4425 297 4490 In
327 4426 452 4490 semine
482 4433 539 4490 tuo
568 4426 802 4491 benedicentur
824 4447 937 4496 omues
970 4436 1100 4512 gentes:
1153 4450 1250 4512 quam
1269 4428 1364 4494 au'res
1382 4428 1525 4512 pulsavit
1543 4427 1641 4492 verbo
1658 4446 1725 4503 suo,
1749 4426 1845 4491 simul
1864 4424 1963 4490 etiam
1982 4431 2127 4496 externis

122 4532 263 4596 quarum
286 4512 376 4594 prior
394 4511 441 4576 sie
462 4511 596 4594 reliquis
623 4512 774 4578 omnibus
804 4533 933 4578 annexa
955 4520 1041 4594 erat,
1064 4523 1103 4579 ut
1152 4514 1309 4600 symbolis
1320 4517 1440 4580 excitat
1451 4513 1571 4592 oculos,
1585 4520 1620 4577 ut
1631 4512 1764 4577 auribus
1776 4513 1991 4576 consentiant.
2014 4512 2128 4594 Quare

121 4599 253 4664 sublata
283 4597 412 4662 illarum
445 4595 543 4662 iidem
576 4596 799 4664 labefactaret:
832 4599 990 4681 posterior
1023 4620 1102 4666 vero
1153 4622 1218 4666 non
1248 4620 1469 4684 supervacuus
1492 4599 1555 4664 fuit
1580 4597 1752 4664 stellarum
1774 4596 1963 4679 adspectus,
1987 4597 2045 4663 sed
2065 4598 2128 4668 hac

121 4693 229 4749 tntum
263 4683 443 4767 gratuitum
477 4683 591 4749 salutis
624 4685 745 4768 pignus
774 4685 809 4748 in
838 4705 873 4749 se
904 4684 1100 4750 continebat.
1152 4687 1347 4771 cogitatione
1374 4686 1472 4750 ferire
1500 4683 1614 4749 debuit
1642 4684 1789 4747 animum
1810 4682 1919 4746 Abrae
1941 4683 2034 4748 Deus
2056 4683 2128 4772 (qui

120 4770 203 4836 Ideo
234 4769 296 4834 rite
319 4769 444 4835 Abram
472 4789 684 4854 quaecunque
713 4770 876 4854 promittit
904 4770 996 4838 Deus
1025 4771 1101 4852 illio,
1152 4772 1222 4838 solo
1243 4772 1344 4837 verbo
1367 4779 1435 4836 tam
1456 4790 1667 4835 numerosum
1690 4769 1870 4833 exercitum
1899 4781 2033 4852 repente
2056 4791 2129 4853 pro-

120 4854 273 4922 inoludit.
1153 4857 1264 4938 duxit,
1294 4878 1356 4941 quo
1383 4855 1510 4924 coelum
1539 4855 1630 4939 prius
1651 4854 1749 4918 inane
1772 4863 1806 4918 et
1827 4862 1956 4919 vastum
1979 4857 2127 4948 ornaret)

210 4940 257 5006 Et
274 4960 327 5026 epo
348 4941 452 5007 incedo
473 4941 574 5006 orbae.
611 4942 776 5025 Loquutio
798 4950 849 5006 est
870 4942 1100 5025 metaphorica.
1153 4964 1263 5009 nonne
1285 4943 1406 5028 poterit
1426 4962 1563 5010 vacuam
1588 4940 1720 5006 domum
1743 4939 1852 5004 sobole
1873 4940 2023 5022 replere?
2047 4943 2129 5011 Cae-

121 5030 238 5093 Vitam
263 5033 407 5092 nostram
430 5026 570 5092 similem
588 5049 659 5095 esse
682 5026 787 5093 stadio
809 5027 939 5094 scimus.
977 5028 1102 5094 Abram
1152 5037 1258 5095 terum
1280 5049 1413 5095 necesse
1433 5051 1498 5094 non
1521 5036 1572 5092 est
1596 5034 1787 5092 nocturnam
1810 5027 1935 5109 fingere
1959 5027 2127 5112 visionem,

120 5135 224 5200 quum
248 5123 422 5197 provectae
443 5113 509 5178 iam
533 5121 617 5179 esset
638 5115 769 5194 aetatis,
803 5113 883 5180 dicit
903 5135 938 5179 se
961 5133 1102 5197 eousque
1152 5116 1228 5199 quia
1251 5123 1329 5182 tunc
1350 5115 1565 5198 apparuerint
1593 5111 1706 5177 stellae
1732 5131 1815 5196 quae
1842 5111 1988 5176 interdiu
2015 5117 2126 5186 oculos

120 5219 336 5286 progressum
354 5205 393 5264 ut
410 5198 594 5282 pauxillum
612 5198 674 5264 sibi
691 5221 735 5265 ex
752 5220 852 5266 cursu
873 5207 982 5265 restet.
1019 5201 1101 5280 Iam,
1151 5202 1296 5285 fugiunt:
1327 5223 1404 5266 nam
1433 5220 1535 5284 quum
1558 5199 1677 5264 hocin
1699 5197 1826 5264 visione
1855 5205 1983 5282 gestum
2016 5199 2125 5286 fuerit,

120 5287 247 5370 inquit,
281 5305 381 5368 prope
410 5282 452 5350 ad
480 5295 600 5351 metam
623 5294 824 5372 ¹perventum
855 5295 919 5351 est:
955 5287 1101 5353 confecto
1152 5287 1300 5352 mirabile
1333 5287 1501 5370 speculum
1532 5284 1645 5349 babuit
1667 5284 1808 5364 Abram,
1849 5281 1933 5368 quod
1967 5303 2020 5348 res
2052 5289 2125 5357 abs-

118 5375 234 5457 itaque
257 5371 343 5436 vitae
365 5392 462 5437 cursu
484 5372 583 5437 orbus
605 5374 735 5438 moriar.
776 5372 940 5457 Adiungit
960 5370 1102 5458 indigni·
1150 5373 1297 5439 oenditas
1325 5373 1433 5457 palam
1456 5378 1662 5437 monstraret.
1700 5369 1817 5455 Itaque
1838 5369 1988 5453 quamvis
2009 5373 2128 5455 pedem

227 5471 340 5529 Oetaei
354 5487 445 5544 opero.
486 5475 541 5530 Vel.
561 5473 683 5530 XXIII.
1888 5467 1924 5524 14
