5022 6192
158 415 217 480 145

157 625 226 669 esse
247 607 384 672 traditos
411 605 602 690 cognoscit?
630 606 742 687 Quare
769 603 893 690 (eodem
917 605 1021 669 Paulo
1044 615 1126 668 teste

158 690 184 753 1.
209 693 291 756 Tim.
315 692 344 769 4,
367 691 400 777 5)
423 693 558 756 verbum
586 691 650 756 Dei
674 690 767 755 nobis
797 701 962 756 creaturas
985 692 1125 754 sanctifi·

157 787 216 854 cat,
239 793 277 840 ut
298 799 379 860 pure
400 778 466 842 illis
488 789 521 842 et
543 777 631 842 licite
661 796 839 842 vescamur.
884 776 1032 841 Tollatur
1054 797 1127 840 ver-

156 863 330 928 bumillnd
352 862 514 940 emedio,
543 863 636 927 nulla
662 863 755 944 panis
783 861 925 927 buccella
955 863 1125 944 quiequam

158 971 274 1030 corpus
296 971 392 1015 suum
415 957 525 1034 pascet
546 969 584 1012 ao
615 950 736 1014 reficiet
763 951 841 1030 quin
866 948 961 1013 simul
985 948 1127 1011 animam

157 1037 313 1117 inquinet.
358 1036 447 1120 Ergo
469 1057 536 1098 non
565 1035 698 1098 dubium
720 1043 770 1098 est
798 1034 878 1115 quin
900 1033 976 1098 fidei
998 1040 1128 1097 nostrae

158 1123 326 1186 consulere
347 1122 489 1185 voluerit
510 1121 686 1197 Dominus,
716 1139 816 1201 quum
847 1119 967 1184 diserte
990 1125 1128 1182 testatus

160 1217 207 1271 est
235 1228 294 1290 per
316 1207 448 1284 Mosen,
479 1205 616 1269 liberum
644 1226 679 1269 se
708 1207 856 1270 earnium
887 1225 982 1268 usum
1012 1203 1128 1267 fecisse

158 1293 354 1369 hominibus,
377 1313 418 1356 ne
439 1291 538 1356 dubia
559 1301 591 1353 et
611 1289 735 1372 trepida
752 1291 949 1356 conscientia
967 1288 1032 1352 illis
1055 1308 1128 1352 ves·

159 1399 280 1442 camur.
314 1377 420 1442 Simul
439 1392 549 1441 tarnen
568 1397 627 1441 nos
645 1375 686 1440 ad
703 1376 883 1460 gratiarum
903 1375 1062 1439 actionem
1082 1376 1128 1437 in·

159 1466 250 1528 vitat.
286 1461 364 1527 ldeo
386 1472 419 1526 ct
436 1463 560 1527 Paulus
579 1462 679 1526 verbo
697 1464 915 1545 precationem
938 1459 1037 1537 addit,
1059 1479 1128 1522 mo·

160 1551 235 1613 dum
247 1549 513 1614 sanctificationis
531 1547 698 1626 definiens,
719 1548 776 1610 illo
795 1567 890 1628 quem
909 1567 1014 1629 nuper
1030 1545 1129 1610 citavi

158 1637 235 1701 loco.
282 1635 354 1698 Iam
372 1655 450 1698 vero
472 1634 552 1697 haec
575 1632 669 1697 nobis
686 1654 705 1697 a
723 1633 867 1696 Domino
889 1633 964 1696 data
988 1630 1128 1704 libertas,

159 1741 255 1802 quam
281 1721 418 1804 publicis
441 1719 558 1784 tabulis
581 1719 802 1801 consignatam
826 1739 896 1782 esse
913 1718 1029 1795 voluit,
1052 1737 1128 1782 con·

160 1815 285 1872 stanter
315 1806 407 1871 nobis
435 1802 606 1870 retinenda
631 1813 688 1869 est.
733 1804 887 1869 Posteros
917 1805 1003 1867 enim
1033 1801 1129 1866 Noah

160 1913 273 1956 omnes
306 1892 368 1956 hac
402 1911 477 1956 voce
510 1889 701 1971 alloquitur,
743 1901 779 1953 nt
810 1889 1001 1954 beneficium
1035 1908 1129 1952 suum

160 1999 332 2044 commune
361 1976 511 2042 omnibus
540 1975 676 2040 saeculis
705 1976 810 2040 faciat.
862 1973 1025 2055 Quorsum
1059 1975 1129 2049 hoo,

161 2066 223 2128 nisi
255 2073 292 2127 ut
320 2061 379 2127 sibi
406 2061 535 2125 fortiter
567 2061 739 2126 vendicent
767 2060 879 2125 fideles
908 2059 993 2141 quod
1017 2082 1038 2124 a
1059 2057 1130 2122 Deo

161 2161 272 2214 autore
295 2149 473 2231 profectum
500 2167 570 2212 esse
600 2145 743 2210 norunt?
767 2147 932 2230 Tyrannio
960 2146 1045 2210 enim
1070 2145 1130 2208 mi-

160 2237 248 2299 nime
278 2231 412 2300 ferenda
434 2247 497 2297 cst:
527 2242 700 2315 postquam
731 2233 821 2296 Deus
851 2233 995 2295 omnium
1024 2230 1131 2313 opifex

161 2331 280 2386 terram
305 2331 336 2383 et
358 2332 465 2384 aorem
489 2318 580 2383 nobis
602 2318 739 2399 aperuit,
761 2325 799 2381 ut
820 2317 896 2381 inde
916 2329 1069 2399 tanquam
1091 2337 1133 2379 ex

161 2408 228 2469 eius
250 2404 482 2486 'promptuariis
505 2403 660 2467 alimenta
682 2423 810 2466 sumere
834 2403 945 2479 liceat,
976 2401 1069 2465 nobis
1091 2402 1131 2465 ab

161 2491 291 2554 homine
315 2489 443 2554 mortali
464 2489 580 2564 claudi,
605 2487 659 2569 qni
683 2509 724 2552 ne
744 2487 894 2552 limacem
914 2489 1053 2568 quidem,
1077 2487 1131 2551 vel

161 2597 305 2641 muscam
326 2595 436 2640 creare
454 2585 568 2656 potest.
605 2574 655 2637 De
674 2584 810 2638 externa
828 2573 1043 2656 prohibitione
1065 2594 1131 2636 non

160 2663 288 2744 loquor:
309 2660 366 2725 sed
388 2671 527 2724 atrocem
551 2658 624 2723 Deo
646 2659 799 2723 iniuriam
821 2659 892 2723 fieri
915 2657 1003 2737 dico,
1029 2679 1131 2741 quum

161 2761 288 2811 tantum
311 2747 462 2810 licentiae
483 2746 598 2808 damus
616 2743 813 2820 hominibus,
836 2757 873 2808 ut
894 2743 1042 2808 illicitum
1062 2765 1132 2808 esse

161 2832 380 2914 pronuncient
400 2831 485 2914 quod
498 2829 589 2895 Deus
612 2830 709 2896 licere
732 2830 842 2906 voluit,
866 2843 898 2895 et
917 2831 1131 2895 conscientias

162 2919 260 2984 verbo
279 2917 343 2981 Dei
366 2916 487 2982 solutas
515 2914 637 2981 fictitiis
659 2915 727 2980 suis
757 2916 882 2999 legibus
915 2915 1129 2998 obstringant.

162 3003 256 3084 Quod
286 3015 395 3068 autem
416 3001 508 3067 Deus
536 3014 681 3066 veterem
708 3005 863 3084 populum
886 3000 926 3065 ab
952 3001 1130 3065 immundis

162 3088 356 3155 animalibus
387 3087 567 3172 prohibuit,
596 3089 669 3170 quia
700 3087 887 3169 temporalis
914 3087 978 3151 fuit
995 3088 1051 3152 illa
1072 3109 1129 3150 ex·

162 3176 274 3258 ceptio,
298 3175 346 3238 hio
369 3187 492 3239 tacetur
514 3195 534 3238 a
557 3173 656 3237 Mose.

246 3261 276 3325 4.
308 3259 523 3324 Veruntamen
545 3279 667 3324 caraem
691 3259 726 3323 ia
748 3259 858 3324 aalma
881 3277 948 3322 sao.
986 3257 1130 3338 Quidam

161 3349 205 3410 ita
228 3356 411 3429 exponunt:
435 3344 619 3410 Membrum
643 3365 683 3408 ex
704 3345 783 3409 vivo
805 3343 936 3407 animali
954 3343 1132 3429 abscissum

162 3455 202 3496 ne
224 3430 416 3507 comedatis,
443 3429 527 3512 quod
556 3430 653 3498 nimis
686 3430 831 3494 ieiunum
853 3441 912 3493 est.
957 3427 1131 3494 Caeterum

161 3539 260 3602 quum
283 3516 397 3600 copula
418 3516 509 3581 nulla
530 3517 574 3580 sit
593 3517 681 3579 inter
700 3516 781 3579 duas
800 3515 880 3578 istas
898 3535 993 3578 voces
1015 3515 1133 3591 media,

162 3603 333 3687 sanguinis
362 3613 394 3664 st
426 3603 571 3684 animae,
607 3623 671 3665 non
705 3601 818 3666 dubito
852 3600 928 3682 quin
953 3601 1063 3664 Moses
1092 3600 1131 3664 de

161 3689 270 3753 snima
288 3689 439 3770 loquutus
457 3687 650 3770 sanguinem
663 3687 828 3770 exegetica
842 3685 1015 3750 addiderit:
1037 3690 1131 3767 quasi

161 3775 297 3852 diceret,
326 3794 457 3840 carnem
487 3794 559 3838 oum
582 3774 726 3837 suavita
748 3769 981 3853 quodammodo
1012 3773 1130 3849 vorari,

161 3861 216 3924 ubi
236 3861 396 3943 sanguine
418 3878 477 3924 suo
500 3859 625 3922 imbuta
646 3858 833 3922 comeditur.
879 3855 991 3936 Quare
1013 3857 1081 3920 vita
1099 3871 1132 3921 et

160 3947 308 4029 sanguis,
337 3966 400 4010 non
429 3959 597 4027 ponuntur
625 3954 778 4025 tanquam
805 3965 856 4007 res
885 3943 1050 4020 diversae,
1072 3943 1130 4007 sed

160 4053 263 4096 unum
286 4031 480 4115 significant,
504 4049 570 4092 non
593 4028 676 4111 quod
698 4029 832 4112 sanguis
850 4049 908 4112 per
929 4048 963 4092 se
985 4029 1053 4092 vita
1070 4029 1128 4092 sit:

160 4119 215 4182 sed
246 4119 321 4199 quia
352 4117 386 4180 in
419 4136 456 4180 eo
490 4116 660 4197 praecipue
692 4116 804 4196 vigent
837 4114 969 4197 spiritus
1001 4113 1129 4190 vitales,

160 4205 263 4284 quoad
275 4222 406 4266 sensum
419 4213 564 4264 nostrum
577 4202 667 4281 quasi
679 4211 802 4265 tessera
820 4203 921 4264 vitam
939 4219 1128 4282 repraesen-

160 4301 213 4353 tat.
260 4289 305 4352 Et
327 4287 387 4351 hoc
410 4287 528 4350 diserte
555 4307 746 4366 expressum
773 4299 837 4364 est,
859 4306 922 4367 quo
944 4284 1049 4367 magis
1072 4284 1127 4349 ab·

160 4374 331 4438 horrerent
357 4372 505 4435 homines
534 4371 574 4434 ab
602 4392 659 4435 esu
688 4371 864 4446 sanguinis.
909 4370 994 4434 Nam
1016 4371 1045 4434 si
1067 4372 1127 4434 im·

810 415 1178 483 COMMENTARIUS
1200 415 1250 480 IN
1269 415 1484 486 GENESIN.

2084 419 2146 486 146

1179 607 1285 670 tianos
1316 605 1479 689 pecudum
1512 607 1705 690 sanguinem
1742 615 1884 690 gustare.
1942 608 2028 672 Nam
2062 608 2148 691 quod

1178 693 1314 774 apostoli
1336 705 1451 775 gentes
1472 693 1513 757 ad
1545 693 1642 756 breve
1671 707 1799 776 tempus
1828 695 1992 758 iusserunt
2017 715 2148 760 servare

1177 777 1266 842 huno
1299 778 1416 855 ritum,
1450 799 1516 842 non
1548 778 1622 843 ideo
1655 778 1776 844 factum
1809 790 1859 845 est
1891 793 1927 844 ut
1958 780 2149 863 scrupulum

1177 863 1348 927 iniicerent
1380 865 1600 942 conscientiis,
1636 863 1693 928 sed
1726 885 1767 929 ne
1799 865 2029 930 offendiculum
2061 866 2148 949 apud

1178 946 1276 1012 rudes
1298 958 1331 1011 et
1352 948 1500 1013 infirmos
1521 961 1651 1032 pareret
1672 959 1787 1014 saneta
1807 950 1928 1034 alioqui
1950 951 2093 1017 libertas.

1264 1032 1293 1098 5.
1319 1033 1362 1098 tt
1394 1036 1500 1116 utiquc
1537 1036 1721 1117 scapulares
1753 1040 1895 1101 veebum
1945 1037 2009 1102 His
2044 1037 2150 1102 verbis

1178 1119 1298 1184 clarius
1316 1130 1456 1184 testatur
1473 1119 1637 1185 Dominus
1655 1141 1690 1184 se
1708 1141 1774 1184 non
1792 1122 1983 1186 animalium
2002 1143 2054 1187 res
2096 1135 2151 1189 otu

1179 1213 1290 1269 vetare
1313 1226 1407 1268 usum
1429 1207 1615 1288 sanguinis,
1638 1204 1695 1270 sed
1717 1207 1792 1288 quia
1813 1209 1987 1290 pretiosam
2011 1209 2055 1273 ha
2095 1207 2151 1272 bat

1179 1291 1349 1374 hominnm
1367 1292 1525 1354 animam:
1549 1303 1582 1354 et
1603 1292 1685 1375 legis
1708 1313 1785 1356 suae
1803 1293 1901 1357 finem
1920 1294 2052 1360 unicum
2070 1313 2150 1370 esse,

1179 1389 1216 1439 ut
1234 1397 1439 1440 communem
1457 1376 1522 1440 illis
1538 1379 1670 1442 intereo
1687 1376 1920 1442 humanitatem
1938 1378 2150 1444 commendet.

1179 1462 1301 1527 Melius
1330 1481 1408 1544 ergo
1430 1462 1653 1546 Hieronymus
1680 1483 1738 1544 pro
1765 1463 1926 1545 particula
1946 1479 1989 1554 'pt
2012 1463 2154 1530 reddidit

1180 1548 1277 1626 caim,
1300 1557 1339 1610 ut
1360 1549 1403 1612 sit
1424 1567 1540 1612 causae
1563 1548 1718 1624 redditio,
1740 1569 1837 1630 quam
1860 1551 1914 1631 qui
1945 1549 2152 1616 adversative

1180 1632 1306 1716 legunt:
1326 1633 1456 1716 Alioqui
1475 1635 1667 1718 sanguinem
1689 1646 1847 1712 vestrum,
1868 1643 1928 1700 etc.
1951 1635 1991 1700 ad
2015 1639 2152 1703 verbum

1180 1730 1291 1783 tamen
1312 1719 1433 1801 optime
1455 1719 1503 1783 sio
1521 1727 1647 1783 vertere
1669 1719 1758 1785 licet:
1795 1721 1840 1784 Et
1861 1741 1939 1785 sane
1961 1724 2154 1804 sanguinem

1180 1817 1335 1868 vestrum.
1380 1805 1482 1869 Totus
1505 1811 1614 1867 autem
1644 1813 1816 1870 contextus
1843 1805 2084 1894 (meoiudicio)
2106 1810 2154 1873 ita

1180 1888 1340 1973 legendus
1361 1905 1426 1954 est:
1450 1891 1495 1954 Et
1516 1891 1627 1972 ntique
1644 1892 1838 1973 sanguinem
1858 1902 2011 1970 vestrum,
2031 1897 2085 1975 qui
2104 1903 2154 1959 est

1181 1977 1216 2039 in
1239 1977 1364 2039 animas
1386 1987 1521 2051 vestras,
1547 1975 1599 2041 vel
1622 1976 1656 2039 in
1679 1975 1849 2041 animabus
1870 1980 1998 2058 vestris,
2022 1980 2073 2044 rel
2096 1981 2153 2066 qui

1180 2061 1283 2125 vobis
1304 2073 1352 2125 est
1374 2061 1408 2124 in
1438 2061 1580 2137 animas,
1614 2062 1676 2127 hoo
1698 2074 1759 2138 est,
1788 2063 1841 2143 qui
1863 2083 1924 2127 vos
1953 2065 2098 2130 vivificat
2119 2074 2154 2130 et

1182 2157 1215 2210 et
1236 2157 1368 2230 vegetat
1389 2156 1548 2229 quantum
1568 2145 1608 2210 ad
1631 2167 1760 2229 eorpus,
1790 2149 1967 2230 requiram:
1991 2149 2031 2214 de
2053 2171 2153 2216 manu

1181 2241 1373 2298 cunctorum
1395 2232 1593 2310 animalium,
1615 2233 1778 2315 requiram
1795 2253 1886 2297 eum:
1908 2233 1948 2298 de
1970 2255 2079 2315 manu,
2102 2236 2153 2300 in·

1183 2338 1299 2400 quam,
1323 2319 1384 2381 viri
1408 2319 1518 2382 fratris
1540 2318 1610 2382 eius
1638 2320 1800 2402 requiram
1829 2321 1970 2384 animam
2002 2320 2151 2388 hominis.

1183 2404 1359 2467 Distinotio
1380 2424 1444 2485 qua
1466 2405 1669 2468 constituunt
1690 2402 1805 2467 Iudaei
1827 2415 1964 2486 quatuor
1986 2406 2154 2472 homicidii

1183 2490 1322 2571 speeies,
1351 2489 1471 2553 frivola
1492 2501 1551 2553 est.
1601 2489 1685 2552 Nam
1708 2490 1887 2574 simplicem
1917 2501 1951 2555 et
1973 2493 2152 2575 genuinum

1184 2594 1316 2639 sensum
1345 2575 1497 2656 exposui,
1526 2573 1610 2658 quod
1639 2573 1731 2639 Deus
1760 2577 1845 2639 tanti
1876 2577 1977 2641 vitam
2007 2589 2153 2642 nostram

1183 2661 1294 2736 faciat,
1328 2670 1366 2724 ut
1392 2661 1514 2724 inultas
1542 2680 1695 2742 passurus
1724 2681 1789 2725 non
1818 2661 1862 2726 sit
1888 2662 2011 2728 caedes.
2056 2664 2153 2728 Hanc

1183 2765 1262 2809 vero
1285 2766 1354 2808 rem
1382 2745 1531 2828 pluribus
1560 2745 1669 2810 verbis
1697 2746 1852 2826 inculcat,
1880 2749 1943 2829 qno
1971 2752 2075 2833 magis
2097 2749 2153 2814 de·

1183 2831 1365 2895 testabilem
1382 2831 1498 2896 reddat
1516 2851 1630 2896 eorum
1647 2832 1816 2896 saevitiam
1837 2835 1895 2914 qui
1912 2834 1980 2898 vim
1991 2844 2153 2899 ermanus

1182 2918 1340 2999 proximis
1361 2917 1430 2982 suis
1451 2917 1604 2981 afferunt.
1639 2917 1702 2982 Est
1719 2926 1828 2982 antem
1847 2918 1908 2984 hoe
1928 2939 1995 2982 non
2015 2921 2154 3004 vulgare

1184 3003 1286 3066 divini
1318 3003 1353 3066 in
1385 3023 1445 3067 nos
1477 3005 1596 3067 amoris
1629 3004 1865 3082 testimonium,
1901 3003 1985 3085 quod
2017 3007 2152 3070 tutelam

1182 3089 1270 3152 vitae
1298 3095 1428 3152 nostrae
1457 3088 1608 3170 suscipit,
1638 3099 1671 3152 st
1693 3109 1727 3152 se
1750 3089 1864 3154 mortis
1892 3090 1960 3153 fore
1989 3089 2152 3157 vindicem

1183 3172 1335 3238 declarat.
1372 3172 1467 3254 Quod
1485 3193 1608 3256 poenas
1626 3194 1660 3237 se
1678 3173 1718 3237 de
1735 3174 1929 3240 animalibus
1946 3187 2152 3258 sumpturum

1183 3260 1269 3336 dicit,
1292 3281 1351 3344 pro
1373 3259 1495 3323 violata
1515 3259 1686 3323 hominum
1707 3260 1784 3336 vita,
1807 3259 1849 3323 ad
1871 3261 2056 3344 exemplum
2080 3285 2153 3346 per·

1182 3344 1274 3408 tinet.
1315 3345 1400 3408 Nam
1422 3345 1449 3408 si
1472 3346 1506 3408 in
1528 3342 1697 3408 hominum
1719 3345 1856 3426 gratiam
1875 3346 2026 3411 irascitur
2049 3349 2152 3414 brutis

1183 3430 1377 3495 animalibus
1400 3451 1482 3512 quae
1504 3449 1598 3494 caeco
1619 3430 1742 3512 impetu
1769 3431 1920 3495 feruntur
1941 3431 1982 3495 ad
2010 3445 2151 3517 pastum,

1182 3515 1258 3597 quid
1287 3516 1432 3580 futurum
1463 3514 1504 3579 de
1532 3514 1664 3580 homins
1691 3525 1859 3599 putamus,
1892 3519 1946 3599 qui
1975 3517 2097 3583 iniuste
2118 3529 2153 3586 et

1181 3601 1355 3665 crudeliter
1388 3623 1425 3666 ac
1455 3613 1586 3684 praeter
1618 3611 1754 3666 naturae
1788 3621 1918 3666 sensum
1947 3603 1981 3664 in
2016 3604 2149 3669 fratrem

1180 3707 1277 3751 suum
1295 3686 1413 3751 irruit?

1266 3774 1295 3837 6.
1330 3773 1392 3853 Qut
1419 3772 1560 3853 effuderit
1585 3771 1769 3854 sanquinem
1793 3771 1935 3838 homiues
1981 3773 2150 3841 Particula

1181 3878 1264 3939 qnae
1285 3879 1362 3921 mox
1385 3858 1568 3936 subiicitur,
1591 3858 1626 3920 ia
1646 3856 1776 3936 bomine,
1800 3856 1840 3920 ad
1863 3859 2148 3940 amplificationem

1181 3943 1276 4008 valet.
1321 3941 1461 4023 Quidam
1487 3952 1654 4024 exponunt
1672 3941 1790 4006 (loram
1818 3943 1964 4009 testibus.
2010 3947 2075 4010 Alii
2098 3969 2147 4011 re-

1178 4028 1292 4092 ferunt
1316 4027 1356 4093 ad
1384 4028 1567 4110 sequentia,
1592 4026 1688 4107 Quod
1716 4048 1774 4110 per
1801 4027 1966 4093 hominem
1994 4031 2149 4098 fundetur

1180 4115 1330 4197 sanguis,
1364 4113 1419 4177 sed
1452 4133 1564 4177 omnes
1592 4114 1673 4176 istae
1704 4114 1989 4194 interpretationes
2021 4128 2148 4182 coactae

1179 4209 1264 4264 sunt.
1310 4197 1501 4263 Tenendum
1522 4219 1600 4281 ergo
1622 4198 1706 4279 quod
1727 4199 1792 4262 iam
1812 4201 1888 4276 dixi,
1907 4200 2037 4266 sceleris
2060 4217 2147 4268 atro-

1179 4284 1309 4349 citatem
1322 4285 1426 4368 magis
1445 4285 1583 4365 exprimi
1600 4284 1661 4348 hac
1678 4285 1877 4365 loquutione,
1899 4284 1983 4366 quod
2001 4288 2148 4370 quisquis

1179 4370 1343 4435 hominem
1372 4368 1502 4445 occidit,
1536 4370 1729 4452 sanguinem
1759 4379 1792 4433 et
1817 4370 1920 4435 vitam
1950 4371 2059 4438 fratris
2095 4375 2148 4438 sui

160 4481 254 4524 mane
277 4469 311 4523 et
332 4458 505 4522 barbarum
530 4465 580 4520 est
602 4457 727 4520 animas
745 4476 870 4532 vorare,
894 4468 950 4519 aut
968 4455 1128 4538 deglutire
1179 4455 1289 4519 haurit
1310 4456 1343 4519 in
1367 4456 1446 4538 ipso.
1491 4453 1587 4534 Quod
1610 4453 1651 4518 ad
1680 4475 1840 4519 summam
1864 4457 1910 4519 rei
1933 4465 2064 4537 spectat,
2087 4459 2147 4523 fal·

161 4546 250 4610 uvas
272 4563 397 4618 carnes,
420 4543 581 4606 feritatem
604 4560 696 4606 snam
719 4539 861 4624 produnt
881 4540 1030 4605 homines
1052 4561 1127 4606 sau·
1179 4540 1293 4604 luntur
1323 4540 1408 4626 (meo
1437 4539 1567 4625 iudicio)
1596 4539 1652 4622 qui
1680 4551 1797 4620 putant
1825 4540 2014 4623 simpliciter
2041 4544 2146 4627 legem

160 4631 290 4712 guinem
312 4626 446 4692 edendo.
491 4627 592 4691 Porro
613 4627 748 4690 minime
768 4627 940 4692 obscurum
963 4637 1013 4691 est
1033 4647 1129 4709 quor·
1179 4625 1343 4708 politicam
1366 4625 1419 4689 hio
1440 4625 1528 4703 ferri,
1550 4636 1588 4690 nt
1607 4625 1790 4706 plectantur
1812 4624 2000 4692 homicidae.
2044 4629 2147 4713 Equi-

159 4737 230 4779 sum
253 4713 365 4778 tendat
388 4713 467 4777 haec
489 4712 679 4794 prohibitio,
708 4733 823 4795 nempe
841 4711 943 4777 voluit
965 4709 1127 4777 Dominus
1179 4711 1252 4776 dem
1282 4733 1346 4775 non
1369 4732 1452 4794 nego
1470 4713 1505 4774 in
1528 4710 1588 4774 hac
1611 4709 1673 4774 Dei
1696 4713 1856 4775 sententia
1883 4712 2050 4777 fundatam
2075 4737 2146 4782 esse

159 4799 413 4865 inabstinentia
442 4799 572 4880 pecuini
597 4798 767 4880 sanguinis
795 4797 942 4861 homines
970 4796 1011 4860 ad
1033 4819 1126 4863 man·
1178 4818 1333 4880 poenum,
1366 4817 1462 4878 quam
1486 4811 1518 4860 et
1547 4795 1637 4878 leges
1658 4805 1821 4875 statuunt,
1853 4805 1886 4860 et
1906 4797 2029 4862 iudices
2052 4821 2144 4866 exse-

159 4885 363 4950 suetudinem
403 4884 615 4948 assuefacere:
657 4905 698 4948 ne
731 4884 759 4948 si
794 4883 827 4946 in
867 4883 956 4946 victu
994 4883 1061 4946 fero
1094 4894 1128 4946 et
1177 4895 1338 4964 quuntur:
1369 4883 1426 4945 sed
1448 4880 1547 4945 verba
1569 4881 1642 4964 plus
1664 4882 1834 4965 complecti
1856 4880 1936 4946 dico.
1979 4882 2144 4967 Scriptum

159 4972 292 5036 effraeni
331 4969 469 5033 nimium
508 4966 648 5034 audaces
687 4979 811 5043 esseut,
851 4989 915 5032 non
955 4981 1127 5049 parcerent
1176 4979 1242 5046 est,
1274 4967 1348 5030 Viri
1381 4967 1579 5051 sanguinum
1616 4985 1682 5030 non
1719 4967 1935 5032 dimidiabunt
1967 4968 2036 5034 dies
2069 4991 2145 5036 suos

159 5059 255 5121 etiam
292 5053 422 5120 tandem
456 5055 610 5138 sanguini
646 5055 798 5119 humano.
850 5053 1043 5116 Tenendum
1076 5066 1125 5116 ta·
1175 5052 1273 5139 (Psal.
1297 5051 1348 5130 55,
1369 5051 1434 5137 25).
1478 5051 1523 5116 Ilt
1545 5051 1693 5117 videmus
1719 5052 1798 5116 alios
1820 5053 1855 5116 in
1876 5056 2039 5135 compitis,
2064 5057 2145 5124 alios

158 5163 233 5206 men
255 5152 322 5216 est,
345 5139 581 5204 restrictionem
603 5139 688 5205 hanc
709 5141 808 5204 fuisse
830 5137 1046 5222 paedagogiae
1070 5160 1124 5202 ve·
1175 5141 1210 5202 in
1231 5137 1460 5220 lupanaribus,
1485 5138 1652 5220 plerosque
1674 5139 1707 5200 in
1739 5137 1829 5202 bellis
1859 5139 1949 5203 mori.
1994 5139 2084 5223 Ergo
2106 5151 2147 5207 ut

159 5229 245 5292 teris.
291 5225 400 5307 Quare
424 5225 657 5309 superstitione
686 5245 750 5289 non
777 5226 883 5290 caruit
911 5223 995 5306 qnod
1025 5225 1125 5288 refert
1174 5225 1373 5290 conniveant
1393 5221 1603 5306 magistratus
1620 5220 1749 5286 aliunde
1766 5224 1916 5287 immittit
1934 5224 2024 5290 Deus
2041 5229 2150 5292 carni-

158 5313 392 5388 Tertullianus‚
422 5332 481 5376 suo
504 5325 648 5393 temporo
670 5309 761 5375 nefas
784 5311 880 5376 fnisse
901 5308 987 5392 apud
1009 5307 1125 5375 Chris·
1175 5310 1251 5374 ficos
1283 5308 1339 5392 qui
1371 5309 1590 5392 sanguinariis
1622 5307 1806 5374 hominibus
1838 5309 2018 5374 mercedem
2048 5332 2148 5381 suom

225 5413 336 5470 Oetaei
350 5427 442 5482 opero.
485 5413 541 5468 Vol.
559 5411 682 5468 XXIII.
1907 5409 1942 5462 10
