5022 6192
298 3099 303 3110 ’
402 3090 499 3154 dubie
527 3086 613 3172 quod
636 3108 695 3170 per
717 3107 834 3151 manus
864 3109 883 3152 a
915 3088 1062 3169 patribus
1092 3087 1249 3152 traditum
1278 3097 1371 3154 esset.

396 421 437 485 aa
1050 391 1423 486 commaneamus
1446 419 1496 485 m
1519 419 1732 486 cannam.
1797 371 1800 383 ’
2335 423 2366 486 re

395 615 577 692 praestare:
612 607 639 670 si
675 605 805 688 quidem
839 605 944 670 crucis
972 607 1164 672 tolerantiae
1193 609 1366 673 coniuncta
1417 609 1553 690 aenlpa
1575 609 1731 682 homines,
1755 619 1792 672 nt
1809 627 1946 689 poenam
1965 608 2111 683 retineat,
2134 627 2194 690 pro
2211 607 2312 672 iudicii
2332 611 2366 672 ri·

396 695 438 759 sit
467 704 670 775 peccatorum
700 692 853 774 cognitio,
884 712 966 772 quae
996 711 1051 757 eos
1080 693 1120 756 ad
1144 693 1364 757 humilitatem
1418 715 1589 776 geresam
1614 709 1813 774 sumpturus,
1837 693 1950 756 saltem
1975 693 2196 774 temporalem.
2244 690 2304 758 Sed
2323 698 2367 775 qui

395 778 530 844 erudiat.
567 776 694 840 Verum
712 777 782 840 sola
805 785 855 842 est
876 777 956 841 fidas
979 799 1061 860 quae
1083 778 1148 842 talc
1170 779 1366 842 sacrificium
1418 799 1539 860 poenas
1562 781 1649 863 exigi
1673 789 1831 861 putarunt
1852 782 1886 840 in
1910 779 2218 858 compensationem,
2240 798 2368 861 praepos·

395 865 509 929 offerat
523 864 606 926 Deo:
625 862 681 926 sed
702 862 822 938 fideles,
842 883 906 944 quo
924 865 1029 945 magis
1047 863 1197 928 laborant
1215 865 1249 928 in
1268 885 1365 946 quae·
1417 865 1479 928 teri
1498 866 1631 928 luerunt.
1649 865 1841 930 indiciorum
1861 865 1922 927 Dei
1940 863 2144 944 interpretes.
2174 864 2280 944 Neque
2297 867 2367 928 enin

395 949 495 1015 rende
516 949 613 1024 victu,
633 949 755 1012 maiore
774 949 919 1029 profectu
940 947 981 1010 ad
999 951 1230 1030 poenitentiam
1250 951 1365 1013 stimu-
1418 949 1493 1031 quid
1524 951 1633 1014 meriti
1662 951 1728 1014 sint
1758 949 1879 1022 fideles,
1909 949 1942 1012 in
1972 949 2053 1029 ipsis
2077 949 2273 1032 castigandis
2294 951 2369 1014 Deus

394 1037 514 1113 lentur,
533 1055 631 1115 seque
652 1033 692 1096 ad
711 1034 819 1098 carnis
832 1034 1114 1098 mortificationem
1133 1035 1365 1099 assuefaciunt:
1419 1047 1558 1117 reputat,
1582 1035 1638 1098 sed
1657 1035 1734 1117 quid
1752 1035 1818 1098 illis
1840 1037 1875 1097 in
1893 1047 2057 1115 posterum
2081 1035 2162 1098 utile
2180 1035 2238 1098 sit:
2263 1056 2297 1100 ac
2316 1057 2370 1098 mo·

395 1140 580 1204 quenquam
602 1141 697 1200 saepo
720 1119 794 1182 liliis
816 1120 883 1182 suis
906 1117 1012 1194 Dens,
1043 1141 1084 1183 ne
1105 1120 1197 1184 oneri
1219 1141 1367 1186 succum·
1419 1121 1482 1185 dici
1512 1123 1619 1202 potius
1649 1139 1747 1202 quam
1776 1119 1893 1183 iudicis
1917 1121 2064 1200 partibus
2087 1121 2243 1192 iungitur.
2285 1121 2372 1184 Plena

396 1206 490 1280 bant,
529 1215 654 1288 partem
690 1205 786 1267 huius
823 1205 1059 1269 maledictionis
1089 1206 1235 1269 remittit.
1291 1205 1366 1285 Quo
1419 1207 1518 1287 igitur
1540 1227 1605 1270 non
1624 1203 1758 1270 dimidia
1780 1217 1830 1269 est
1848 1204 2005 1269 absolutio
2026 1225 2122 1286 qnam
2146 1207 2221 1270 filiis
2238 1207 2302 1270 suis
2322 1208 2370 1268 im·

396 1294 495 1357 etiam
525 1291 666 1374 pertinet
694 1290 777 1370 illud
806 1287 907 1374 (Psal.
932 1291 1008 1372 127,
1037 1289 1084 1376 2):
1135 1291 1279 1370 Sur-gent
1312 1292 1366 1354 alii
1419 1293 1527 1374 partit.
1579 1290 1677 1371 Quod
1706 1303 1851 1372 receptos
1875 1291 1910 1355 in
1934 1291 2071 1373 gratiam
2095 1291 2304 1355 nihilominus
2323 1313 2372 1374 pu·

395 1399 501 1459 mane,
523 1396 596 1440 sero
619 1374 764 1440 cubitum
787 1375 889 1452 ibunt,
913 1375 1083 1440 comedent
1109 1395 1226 1459 panem
1248 1397 1366 1460 angus·
1421 1379 1483 1452 uit,
1514 1376 1673 1441 eiusmodi
1701 1377 1869 1460 castigatio
1896 1376 2077 1440 medicinae
2104 1398 2200 1441 usum
2233 1376 2321 1440 habet
2344 1377 2372 1438 in

396 1464 477 1528 tiae:
507 1461 597 1526 dabit
625 1470 733 1525 autom
757 1459 919 1524 Dominus
948 1460 1073 1527 dilectis
1103 1463 1170 1526 suis
1198 1481 1367 1526 somnum:
1419 1463 1568 1526 futurum
1590 1473 1727 1544 tempus,
1758 1483 1823 1526 non
1851 1471 1959 1525 eutem
1988 1463 2150 1526 commissi
2178 1463 2296 1544 pcccati
2317 1464 2373 1524 vin·

396 1558 555 1632 quatenus
573 1548 697 1612 scilicet
714 1567 772 1627 per
784 1545 908 1610 Ohristi
923 1548 1061 1622 gratiam
1072 1558 1267 1629 reparantur
1285 1568 1369 1630 quae
1420 1547 1507 1613 dieta
1530 1549 1658 1631 proprie
1687 1549 1812 1612 censeri
1837 1548 1940 1612 debet.
1993 1545 2029 1612 Si
2059 1549 2121 1610 rite
2148 1547 2374 1611 consideremus

397 1636 432 1699 in
451 1634 558 1698 Adam
578 1634 693 1699 vitiata
713 1633 856 1695 fuerant:
880 1632 927 1714 pii
940 1631 1045 1695 Deum
1065 1633 1169 1714 magis
1187 1634 1368 1698 beneficum
1420 1647 1563 1716 quantus
1593 1635 1636 1698 sit
1665 1633 1801 1698 humani
1830 1634 1952 1716 ingenii
1984 1641 2104 1715 torpor,
2130 1647 2254 1715 quanta
2275 1631 2374 1696 deinde

398 1721 558 1786 sentiunt.
596 1739 632 1782 ae
663 1729 817 1801 paternae
850 1718 919 1782 eins
946 1717 1170 1800 indulgentiae
1199 1719 1369 1782 dulcedine
1421 1719 1562 1796 lascivia,
1584 1729 1705 1801 quanta
1723 1719 1933 1792 contumacia,
1957 1718 2223 1800 quantalevitas
2247 1733 2375 1801 etquam

398 1808 564 1870 fruuntur.
616 1804 683 1868 Scd
711 1805 788 1885 qnia
817 1802 852 1866 in
881 1803 1012 1884 optimis
1039 1825 1165 1886 quoque
1190 1803 1369 1886 subigenda
1422 1806 1524 1870 facilis
1546 1805 1674 1882 oblivio,
1699 1825 1763 1869 non
1789 1805 1980 1868 mirabimur
2009 1806 2043 1867 in
2067 1824 2104 1866 ao
2127 1803 2305 1888 subigendo
2328 1805 2376 1866 Dei

399 1904 449 1958 est
476 1913 566 1965 caro,
600 1911 666 1952 non
696 1906 770 1953 raro
803 1889 965 1971 contingit
991 1889 1061 1970 pios
1089 1889 1178 1953 duris
1208 1887 1370 1953 laboribus
1422 1893 1653 1955 austeritatem.
1705 1891 1742 1955 si
1772 1889 1878 1954 verbis
1897 1889 2079 1965 admoneat,
2109 1910 2174 1954 non
2196 1889 2336 1953 auditur:
2355 1889 2376 1951 si

321 2027 323 2032 -
400 1977 568 2052 macerari,
589 1985 622 2038 et
638 1975 765 2039 interea
784 1975 916 2038 esurire.
941 1974 1018 2038 Ideo
1037 1975 1117 2038 nihil
1138 1975 1254 2040 melius
1273 1995 1371 2056 quam
1423 1976 1521 2041 addat
1541 1979 1683 2045 verbera,
1702 1997 1744 2040 no
1761 1976 1808 2040 sic
1826 1975 1957 2058 quidem
1976 1973 2116 2038 multum
2135 1986 2315 2056 promovet:
2332 1974 2377 2037 ubi

399 2061 582 2146 praesentis
600 2061 688 2124 vitae
713 2061 879 2124 aerumnis
899 2060 1083 2124 admonitos
1106 2071 1237 2143 peccata
1261 2071 1372 2124 nostra
1422 2062 1529 2126 audiri
1548 2062 1717 2144 contingit,
1740 2082 1814 2126 earo
1833 2060 2047 2124 nihilominus
2069 2073 2221 2142 proterva
2239 2060 2377 2125 calcitrat.

399 2151 527 2222 deflere,
551 2158 584 2211 et
605 2145 802 2210 lavationem
824 2153 935 2226 petere
958 2167 999 2208 ex
1017 2145 1142 2210 Ohristi
1164 2147 1271 2230 gratia
1289 2167 1372 2227 quae
1424 2148 1576 2212 Lascivis
1605 2147 1747 2210 deterior
1777 2158 1825 2210 est
1852 2147 2016 2210 obstinata
2044 2146 2102 2210 illa
2131 2145 2284 2220 durities,
2311 2165 2379 2228 qnae

399 2235 519 2299 doloris
547 2232 754 2297 acerbitatem
782 2252 848 2295 non
878 2231 1006 2312 mitiget
1035 2230 1156 2315 solum,
1185 2232 1242 2296 aed
1272 2232 1371 2296 etiam
1424 2234 1500 2296 data
1521 2253 1671 2314 operase
1695 2231 1765 2296 Deo
1787 2232 1928 2314 opponit.
1975 2229 2097 2314 Siquis
2119 2253 2158 2296 ea
2179 2233 2223 2294 sit
2245 2251 2379 2294 mansue

400 2320 486 2386 dulci
516 2329 773 2400 temperamento
802 2316 941 2382 condiet.
975 2317 1077 2379 Porro
1101 2339 1166 2382 non
1189 2317 1299 2381 omnia
1320 2317 1371 2380 in·
1424 2318 1538 2382 tudine
1556 2318 1732 2401 praeditus,
1756 2328 1794 2381 ut
1812 2317 1883 2382 Deo
1907 2337 2029 2382 morsm
2048 2339 2161 2400 gerere
2182 2339 2248 2380 non
2272 2318 2379 2381 detrec·

399 2405 570 2471 commoda
592 2411 760 2466 enumerat
779 2402 897 2479 Moses,
920 2401 1035 2483 quibus
1053 2423 1087 2466 se
1105 2403 1203 2466 homo
1222 2423 1280 2485 per
1298 2424 1370 2484 pec·
1424 2413 1484 2468 tet:
1516 2415 1624 2467 tamen
1647 2415 1718 2486 post
1739 2425 1842 2468 uuum
1864 2413 2030 2486 peecatum
2053 2402 2243 2481 admissum,
2268 2403 2380 2485 elapsus

400 2501 509 2557 catum
535 2489 709 2570 implicuit:
739 2495 866 2552 constat
895 2487 983 2551 enim
1011 2509 1053 2552 ex
1079 2490 1192 2552 eodem
1216 2487 1372 2570 prodiisse
1424 2488 1523 2554 eDei
1547 2510 1657 2562 manu,
1680 2509 1757 2552 mox
1775 2489 1888 2552 eodem
1908 2489 2029 2552 recidet
2053 2488 2115 2552 nisi
2134 2488 2281 2554 violenta
2296 2509 2381 2552 manu

399 2576 491 2641 fonte
513 2595 626 2640 omncs
648 2574 830 2656 praesentis
854 2575 939 2636 vitae
961 2594 1141 2650 aerumnas,
1170 2595 1251 2656 quas
1273 2594 1371 2656 expe·
1408 2575 1621 2640 retrahatur.
1672 2574 1783 2654 Quare
1812 2573 1991 2638 tenendum
2020 2582 2069 2638 est
2090 2576 2221 2639 axioma
2238 2573 2381 2657 generale,

400 2663 519 2727 rieutia
541 2661 731 2724 innumeras
754 2680 823 2724 esso
846 2659 997 2723 ostendit.
1041 2661 1136 2724 Aeris
1153 2661 1372 2742 intemperies,
1424 2660 1571 2725 miserias
1600 2679 1711 2725 ornnes
1741 2659 1856 2741 quibus
1877 2660 2022 2725 subiecta
2045 2669 2096 2724 est
2118 2681 2155 2725 ae
2177 2658 2316 2723 obnoxia
2335 2659 2382 2722 ho·

399 2747 490 2833 gelu,
513 2747 671 2820 tonitrua,
695 2745 826 2827 pluviae
848 2745 1112 2827 intempestivae,
1136 2745 1245 2828 uredo,
1276 2765 1372 2825 gran·
1424 2747 1551 2810 minum
1580 2746 1663 2824 vita,
1694 2746 1875 2810 necessaria
1905 2767 1975 2810 esse
1998 2746 2169 2826 exercitia,
2200 2745 2314 2826 quibus
2335 2765 2382 2806 nos

401 2834 508 2910 dines,
539 2841 572 2896 et
593 2828 747 2914 quidquid
769 2830 991 2895 inordinatum
1016 2832 1123 2895 estin
1146 2830 1276 2908 mundo,
1299 2851 1371 2913 pee-
1426 2831 1518 2896 Deus
1546 2833 1665 2914 partim
1695 2830 1734 2894 ad
1758 2833 1988 2913 poenitentiam
2019 2829 2181 2909 sollicitat,
2210 2831 2323 2912 partim
2350 2827 2382 2892 ad

400 2921 464 2986 eati
492 2924 571 2983 sunt
599 2918 734 2982 fruetus.
785 2915 853 2982 Nec
881 2915 947 2979 alia
975 2915 1163 2980 morborum
1192 2916 1298 2998 prima
1323 2927 1373 2982 est
1425 2917 1643 2982 humilitatem
1669 2916 1793 2995 erudit,
1824 2917 1942 3000 partim
1972 2915 2134 2981 redditio
2157 2931 2321 2998 posterum
2343 2935 2383 2978 oa

400 3023 515 3071 causa:
539 3002 636 3084 idque
659 3001 793 3084 poeticis
820 3001 938 3067 fabulis
961 3000 1159 3066 celebratum
1182 3002 1254 3065 luit:
1285 3001 1372 3066 haud
1426 3002 1543 3068 eandm
1561 3005 1683 3084 peceati
1702 3002 1861 3066 illecebris
1880 3003 2049 3080 cautiores,
2068 3011 2102 3066 st
2119 3003 2227 3084 magis
2246 3010 2381 3066 attentos.

1511 3088 1616 3154 Donec
1654 3089 1830 3153 revertaris.
1898 3087 2091 3153 Clausulam
2134 3089 2275 3152 miserae
2313 3089 2383 3150 vitae

1427 3181 1564 3241 mortem
1588 3177 1653 3237 lbra
1677 3174 1866 3238 denunciat:
1891 3175 1973 3238 acsi
1997 3173 2127 3250 diecret,
2152 3194 2211 3254 per
2235 3175 2338 3238 varies
2357 3184 2382 3233 st

1427 3264 1597 3325 continuas
1616 3260 1775 3324 malorum
1799 3260 1922 3341 speeies
1941 3258 2048 3323 Adam
2071 3257 2112 3322 ad
2128 3269 2315 3324 extremum
2331 3279 2386 3320 ma-

1426 3347 1531 3410 lorum
1563 3346 1708 3409 omnium
1739 3345 1870 3409 tandem
1898 3355 2082 3410 venturum.
2139 3344 2193 3409 Ita
2230 3345 2384 3427 impletum

1427 3432 1489 3496 luit
1511 3431 1596 3514 quod
1621 3441 1696 3495 aute
1719 3431 1871 3505 diximus,
1893 3432 2003 3495 statim
2022 3450 2043 3493 a
2061 3430 2112 3494 die
2131 3431 2385 3514 transgressionis

1426 3517 1613 3583 inchoatam
1643 3517 1743 3582 fuisse
1767 3514 1857 3580 Adae
1887 3529 2035 3580 mortem.
2086 3515 2177 3580 Nihil
2202 3518 2290 3582 onim
2312 3512 2385 3578 aliud

1427 3625 1498 3668 esse
1521 3604 1624 3685 potuit
1648 3603 1819 3666 maledieta
1841 3602 1982 3667 hominis
2001 3603 2069 3666 vita
2090 3622 2188 3683 quam
2206 3602 2320 3668 mortis
2338 3599 2387 3664 ini-

489 3688 555 3755 Sed
578 3688 688 3752 Moses
717 3686 772 3768 qui
803 3685 954 3750 brevitati
983 3686 1094 3752 studet
1123 3707 1181 3751 suo
1204 3707 1294 3750 more
1318 3707 1375 3768 pro
1428 3691 1518 3754 tium.
1567 3687 1632 3754 Sed
1662 3687 1717 3752 ubi
1739 3696 1853 3753 contra
1874 3699 2057 3770 serpentem
2082 3690 2234 3752 victoria:
2265 3689 2292 3752 si
2313 3705 2387 3750 mors

402 3775 568 3842 communi
592 3772 682 3856 vulgi
705 3779 802 3854 captu
830 3773 993 3855 attingere
1014 3781 1188 3837 contentus
1207 3771 1269 3835 fnit
1290 3771 1374 3854 quod
1428 3785 1574 3839 extrema
1592 3773 1751 3856 occupat?
1798 3773 1912 3856 Neque
1940 3774 2027 3837 euim
2055 3772 2143 3837 alind
2161 3789 2279 3839 sonant
2301 3773 2387 3836 verba

402 3861 508 3945 magis
530 3871 679 3944 apparet:
703 3868 742 3922 ut
763 3857 823 3922 snb
852 3858 1001 3941 exemplo
1025 3878 1090 3922 uno
1113 3858 1288 3932 diseamus,
1317 3859 1375 3922 ho·
1429 3882 1525 3942 qnam
1548 3859 1796 3942 opprimandum
1828 3862 1974 3924 amorts
1996 3880 2066 3923 esse
2090 3860 2267 3924 hominem.
2312 3860 2387 3938 Ergo

403 3947 501 4011 minis
523 3947 604 4010 vitio
625 3944 794 4008 inversum
815 3943 915 4010 fnisse
938 3953 1041 4008 totum
1062 3953 1198 4008 naturae
1218 3943 1374 4008 ordinem.
1429 3948 1595 4011 evanescit
1617 3945 1787 4028 promissio
1817 3966 1921 4027 nuper
1943 3945 2027 4021 data,
2051 3946 2181 4027 quando
2204 3946 2296 4010 Adae
2317 3941 2385 4007 nihil

403 4032 441 4098 Si
464 4033 537 4114 quis
560 4049 691 4095 rursum
710 4029 849 4105 obiiciat,
873 4027 956 4093 nihil
978 4031 1045 4092 fere
1068 4029 1273 4094 miseriarum
1296 4030 1376 4094 viris
1427 4045 1568 4096 amorte
1590 4033 1634 4094 sit
1652 4031 1828 4112 reliquum:
1852 4029 1933 4095 adde
1956 4031 2041 4113 quod
2065 4051 2140 4112 spes
2161 4029 2388 4114 recuperandae

402 4119 527 4201 imponi
550 4115 634 4199 quod
657 4136 722 4178 non
745 4114 786 4178 ad
807 4113 960 4179 mulieres
982 4115 1162 4196 pertineat:
1186 4114 1375 4197 respondeo,
1431 4118 1544 4183 salutis
1591 4137 1745 4199 perquam
1794 4119 1903 4181 tenuis
1948 4129 1980 4179 at
2024 4116 2160 4182 obscura
2202 4117 2278 4182 data
2320 4125 2386 4179 erat

401 3174 498 3242 Unde
520 3173 600 3240 illud
623 3174 753 3237 Horatii
777 3171 841 3259 [lib.
867 3173 895 3236 I.
922 3172 979 3237 oc.
1001 3171 1051 3259 3]:

684 3293 750 3346 Post
768 3293 856 3360 ignem
875 3291 1003 3344 aetherea
1020 3291 1100 3344 domo

610 3363 786 3416 Subduotnm.
804 3362 905 3413 macies
924 3367 951 3413 et
970 3377 1039 3413 nora
1056 3361 1170 3414 febrium

709 3430 803 3483 Terris
821 3430 945 3482 incubuit
963 3429 1074 3482 cohors:

635 3500 792 3566 semotique
810 3499 884 3566 prius
903 3497 981 3552 tarda
999 3497 1145 3550 necessitas

708 3567 787 3620 Lethi
805 3566 937 3633 corripuit
954 3567 1074 3635 gradum.

403 4203 435 4268 id
459 4202 606 4269 consulto
629 4201 708 4278 fieri,
732 4210 770 4263 ut
787 4199 951 4266 diseamus
972 4221 1013 4264 ex
1031 4200 1124 4264 Adae
1142 4212 1272 4283 peccato
1290 4221 1375 4266 com-

404 4290 547 4354 muniter
566 4286 607 4351 ad
625 4296 800 4368 utrumque
819 4307 933 4350 sexum
945 4287 1082 4351 fluxisse
1101 4286 1374 4351 maledictionem:

404 4375 500 4441 sicuti
524 4384 663 4440 testatur
683 4371 819 4446 Paulus,
843 4393 956 4436 omncs
978 4373 1012 4435 in
1026 4369 1133 4436 Adam
1147 4393 1218 4436 esse
1230 4384 1376 4438 mortuos

404 4460 513 4546 (Rom.
543 4459 579 4538 5,
612 4456 673 4542 12).
729 4458 846 4521 Restat
878 4479 942 4521 una
976 4457 1121 4538 quaestio
1152 4457 1375 4541 expedienda:

404 4567 504 4630 quum
523 4545 622 4626 prins,
645 4541 722 4607 data
739 4563 796 4624 spe
816 4543 938 4620 veniae,
958 4542 1048 4608 Deus
1067 4565 1102 4607 se
1121 4545 1212 4608 Adae
1231 4558 1264 4608 et
1283 4546 1376 4607 uxori

404 4633 581 4716 propitium
597 4627 784 4704 ostenderit,
809 4650 866 4692 our
889 4628 928 4693 do
950 4631 1078 4713 integro
1098 4649 1235 4710 poenam
1254 4631 1293 4694 ab
1312 4631 1377 4695 illis

405 4729 559 4800 expetere
586 4715 730 4797 incipiat.
782 4714 824 4779 In
846 4715 902 4780 illa
930 4725 1018 4781 certe
1047 4715 1223 4780 sententia:
1256 4713 1375 4780 Samen

405 4803 551 4868 mulieris
570 4802 728 4884 percutiet
745 4813 843 4884 caput
861 4802 1029 4882 serpentis,
1053 4801 1281 4864 continebatur
1303 4823 1375 4882 pec-

405 4901 550 4955 caterum
581 4887 730 4952 remissio
757 4895 790 4950 et
819 4896 970 4952 aeternae
993 4887 1109 4950 salutis
1138 4886 1251 4970 gratia.
1309 4888 1375 4951 Ab·

1434 4203 1590 4284 liquidem
1617 4224 1681 4266 nou
1720 4201 1831 4267 dubito
1860 4203 1936 4284 quin
1969 4204 2034 4266 ista
2061 4201 2234 4266 verborum
2265 4203 2388 4267 fulmina

1429 4290 1574 4374 grauiter
1607 4287 1784 4352 afflixerint
1817 4289 1881 4352 iam
1912 4288 2052 4352 deiectos
2085 4288 2205 4370 alioqui
2240 4287 2388 4352 moestitia

1430 4376 1570 4439 animos:
1595 4373 1651 4437 sed
1674 4395 1774 4456 quum
1794 4373 1901 4438 subita
1923 4374 2012 4437 clade
2035 4377 2180 4450 attoniti,
2205 4397 2268 4439 uon
2294 4384 2389 4438 auten

1429 4463 1553 4543 peccati
1577 4460 1693 4524 notitia
1713 4481 1787 4525 vere
1806 4459 1945 4541 perculsi
1970 4460 2091 4525 forent:
2115 4479 2183 4524 non
2206 4460 2325 4524 mirum
2341 4471 2387 4522 est

1432 4548 1537 4611 Deum
1550 4547 1653 4628 magis
1676 4546 1708 4609 in
1720 4566 1899 4627 poenarum
1916 4547 2223 4610 commemoratione
2235 4547 2389 4610 insistere:

1430 4645 1467 4696 ut
1501 4630 1637 4697 validius
1671 4653 1725 4696 eos
1754 4633 1844 4714 quasi
1877 4631 2023 4713 repetitis
2058 4632 2178 4696 ictibus
2214 4629 2388 4696 contundat.

1429 4718 1588 4798 Quamvis
1614 4720 1752 4782 obseura
1774 4738 1833 4799 per
1867 4739 1901 4780 se
1935 4731 1967 4780 et
1996 4715 2110 4780 debilis
2137 4719 2182 4780 sit
2210 4715 2389 4784 consolatio:

1430 4805 1503 4868 fecit·
1525 4803 1616 4868 Deus
1639 4815 1675 4866 nt
1704 4803 1745 4866 ad
1767 4821 1856 4884 spem
1881 4821 1995 4866 eornm
2020 4801 2225 4878 fulciendam,
2248 4825 2291 4866 ne
2313 4821 2389 4884 pror·

1429 4910 1485 4955 sus
1506 4911 1561 4954 eos
1589 4889 1740 4953 obrueret
1768 4889 1927 4952 malorum
1949 4889 2104 4971 gravitas,
2126 4889 2300 4954 sufficeret.
2344 4887 2390 4948 ln-

406 4974 540 5040 surdnm
569 4994 649 5037 vero
677 4981 742 5050 est,
772 4973 881 5037 Deum
905 4995 947 5035 ex
975 4992 1038 5053 quo
1066 4973 1291 5038 reconciliatus
1319 4981 1376 5051 est,
1430 4989 1520 5039 terea
1555 4974 1727 5056 multiplici
1765 4973 1925 5038 malorum
1960 4977 2110 5056 congerie
2143 4973 2230 5056 ipsos
2263 4971 2391 5055 deprimi

406 5063 490 5125 iram
512 5079 603 5123 snam
622 5059 773 5140 prosequi
797 5059 930 5140 reipsa.
983 5058 1036 5121 Ad
1060 5057 1145 5122 huno
1170 5057 1289 5120 nodum
1313 5060 1376 5122 sol·
1429 5062 1579 5142 oportuit,
1603 5061 1705 5124 donec
1728 5081 1838 5124 veram
1861 5073 1894 5124 et
1916 5059 2034 5124 seriam
2058 5061 2292 5140 poenitentiam
2312 5057 2391 5121 Deus

407 5145 551 5212 vandum
575 5146 710 5207 inventa
739 5153 789 5207 est
817 5143 981 5208 distinctio
1009 5143 1146 5224 duplicis
1168 5143 1377 5220 remissionis,
1429 5148 1635 5228 exprimeret.
1680 5146 1852 5210 Caeterum
1870 5165 2065 5228 quamquam
2089 5145 2141 5210 hio
2164 5148 2295 5226 ponitur
2317 5163 2392 5208 mors

407 5231 520 5312 culpae
543 5239 576 5293 et
597 5249 735 5312 poenae:
760 5231 810 5292 cui
829 5250 993 5293 annexum
1017 5237 1128 5310 postea
1150 5230 1212 5292 fuit
1233 5230 1377 5293 satisfac·
1429 5234 1520 5314 quasi
1550 5233 1665 5295 ultima
1693 5231 1796 5305 linea,
1826 5231 1859 5294 id
1889 5231 2004 5296 referri
2034 5229 2075 5294 ad
2103 5231 2268 5296 hominem
2300 5230 2392 5294 deber.

407 5317 533 5380 tionum
553 5325 783 5379 commentum.
813 5315 1002 5379 Finxerunt
1021 5316 1127 5379 Deum
1146 5317 1192 5380 sio
1210 5315 1377 5379 absolvere
1430 5319 1506 5399 quia
1524 5318 1558 5380 in
1582 5315 1689 5381 Adam
1711 5316 1795 5381 nihil
1818 5325 1948 5400 praeter
1966 5329 2104 5382 mortem
2128 5319 2323 5400 reperietur:
2346 5312 2393 5380 aod
