<?xml version="1.0" encoding="UTF-8"?>
<!DOCTYPE html PUBLIC "-//W3C//DTD XHTML 1.0 Transitional//EN"
    "http://www.w3.org/TR/xhtml1/DTD/xhtml1-transitional.dtd">
<html xmlns="http://www.w3.org/1999/xhtml" xml:lang="en" lang="en">
 <head>
  <title>
</title>
<meta http-equiv="Content-Type" content="text/html;charset=utf-8" />
  <meta name='ocr-system' content='tesseract 3.04.00' />
  <meta name='ocr-capabilities' content='ocr_page ocr_carea ocr_par ocr_line ocrx_word'/>
</head>
<body>
  <div class='ocr_page' id='page_1' title='image "./ioanniscalvinio06reusgoog/ioanniscalvinio06reusgoog_0338.png"; bbox 0 0 4962 6192; ppageno 0'>
   <div class='ocr_carea' id='block_1_1' title="bbox 302 406 2315 478">
    <p class='ocr_par' dir='ltr' id='par_1_1' title="bbox 302 406 2315 478">
     <span class='ocr_line' id='line_1_1' title="bbox 302 406 2315 478; baseline -0.001 -1"><span class='ocrx_word' id='word_1_1' title='bbox 302 411 372 478; x_wconf 70' lang='lat'><strong>603</strong></span> <span class='ocrx_word' id='word_1_2' title='bbox 974 406 1344 476; x_wconf 76' lang='lat' dir='ltr'>COMMENTARIUS</span> <span class='ocrx_word' id='word_1_3' title='bbox 1367 407 1417 472; x_wconf 94' lang='lat' dir='ltr'><strong>IN</strong></span> <span class='ocrx_word' id='word_1_4' title='bbox 1439 407 1654 475; x_wconf 80' lang='lat' dir='ltr'><strong>GENESIN.</strong></span> <span class='ocrx_word' id='word_1_5' title='bbox 2244 407 2315 474; x_wconf 83' lang='lat'><strong>604</strong></span> 
     </span>
    </p>
   </div>
   <div class='ocr_carea' id='block_1_2' title="bbox 304 593 2317 5398">
    <p class='ocr_par' dir='ltr' id='par_1_2' title="bbox 304 593 2317 5398">
     <span class='ocr_line' id='line_1_2' title="bbox 307 593 2310 685; baseline -0.001 -21"><span class='ocrx_word' id='word_1_6' title='bbox 307 599 376 685; x_wconf 89' lang='lat' dir='ltr'><strong>gati</strong></span> <span class='ocrx_word' id='word_1_7' title='bbox 408 608 485 664; x_wconf 89' lang='lat' dir='ltr'><strong>sunt</strong></span> <span class='ocrx_word' id='word_1_8' title='bbox 516 596 571 680; x_wconf 91' lang='lat' dir='ltr'><strong>qui</strong></span> <span class='ocrx_word' id='word_1_9' title='bbox 603 596 694 680; x_wconf 90' lang='lat' dir='ltr'><strong>prius</strong></span> <span class='ocrx_word' id='word_1_10' title='bbox 726 597 858 661; x_wconf 85' lang='lat' dir='ltr'><strong>inerant</strong></span> <span class='ocrx_word' id='word_1_11' title='bbox 891 593 1040 680; x_wconf 88' lang='lat' dir='ltr'><strong>dispersi.</strong></span> <span class='ocrx_word' id='word_1_12' title='bbox 1090 595 1193 660; x_wconf 89' lang='lat' dir='ltr'><strong>Porro</strong></span> <span class='ocrx_word' id='word_1_13' title='bbox 1225 593 1279 660; x_wconf 91' lang='lat' dir='ltr'><strong>hio</strong></span> <span class='ocrx_word' id='word_1_14' title='bbox 1330 595 1437 661; x_wconf 92' lang='lat' dir='ltr'><strong>solum</strong></span> <span class='ocrx_word' id='word_1_15' title='bbox 1458 595 1529 661; x_wconf 87' lang='lat' dir='ltr'><strong>fore</strong></span> <span class='ocrx_word' id='word_1_16' title='bbox 1556 595 1723 661; x_wconf 90' lang='lat' dir='ltr'><strong>maritima</strong></span> <span class='ocrx_word' id='word_1_17' title='bbox 1751 593 1885 673; x_wconf 87' lang='lat' dir='ltr'><strong>dieitur,</strong></span> <span class='ocrx_word' id='word_1_18' title='bbox 1918 596 1976 660; x_wconf 92' lang='lat' dir='ltr'><strong>sed</strong></span> <span class='ocrx_word' id='word_1_19' title='bbox 2006 595 2106 660; x_wconf 89' lang='lat' dir='ltr'><strong>etiam</strong></span> <span class='ocrx_word' id='word_1_20' title='bbox 2135 605 2310 678; x_wconf 76' lang='lat' dir='ltr'>portuosa:</span> 
     </span>
     <span class='ocr_line' id='line_1_3' title="bbox 306 678 2310 766; baseline -0.002 -15"><span class='ocrx_word' id='word_1_21' title='bbox 306 683 515 751; x_wconf 88' lang='lat' dir='ltr'><strong>memorabile</strong></span> <span class='ocrx_word' id='word_1_22' title='bbox 527 681 748 748; x_wconf 89' lang='lat' dir='ltr'><strong>testimouium</strong></span> <span class='ocrx_word' id='word_1_23' title='bbox 766 681 866 748; x_wconf 89' lang='lat' dir='ltr'><strong>habet</strong></span> <span class='ocrx_word' id='word_1_24' title='bbox 877 682 1025 766; x_wconf 86' lang='lat' dir='ltr'><strong>gentium</strong></span> <span class='ocrx_word' id='word_1_25' title='bbox 1039 682 1174 761; x_wconf 78' lang='lat' dir='ltr'><strong>vocatio,</strong></span> <span class='ocrx_word' id='word_1_26' title='bbox 1193 678 1280 763; x_wconf 91' lang='lat' dir='ltr'><strong>quod</strong></span> <span class='ocrx_word' id='word_1_27' title='bbox 1331 701 1408 746; x_wconf 91' lang='lat' dir='ltr'><strong>nam</strong></span> <span class='ocrx_word' id='word_1_28' title='bbox 1430 681 1501 748; x_wconf 89' lang='lat' dir='ltr'><strong>eius</strong></span> <span class='ocrx_word' id='word_1_29' title='bbox 1524 682 1703 746; x_wconf 89' lang='lat' dir='ltr'><strong>terminum</strong></span> <span class='ocrx_word' id='word_1_30' title='bbox 1732 681 1904 764; x_wconf 87' lang='lat' dir='ltr'><strong>eoniungit</strong></span> <span class='ocrx_word' id='word_1_31' title='bbox 1925 679 2023 754; x_wconf 74' lang='lat' dir='ltr'><strong>Iarob</strong></span> <span class='ocrx_word' id='word_1_32' title='bbox 2052 700 2131 766; x_wconf 86' lang='lat' dir='ltr'><strong>agro</strong></span> <span class='ocrx_word' id='word_1_33' title='bbox 2152 679 2310 747; x_wconf 81' lang='lat' dir='ltr'><strong>Sidonio:</strong></span> 
     </span>
     <span class='ocr_line' id='line_1_4' title="bbox 306 765 2312 851; baseline -0.002 -14"><span class='ocrx_word' id='word_1_34' title='bbox 306 773 341 837; x_wconf 93' lang='lat' dir='ltr'><strong>in</strong></span> <span class='ocrx_word' id='word_1_35' title='bbox 374 768 511 836; x_wconf 79' lang='lat' dir='ltr'><strong>foederis</strong></span> <span class='ocrx_word' id='word_1_36' title='bbox 543 768 731 834; x_wconf 83' lang='lat' dir='ltr'><strong>sociotatem</strong></span> <span class='ocrx_word' id='word_1_37' title='bbox 771 766 962 832; x_wconf 80' lang='lat' dir='ltr'><strong>inserendae</strong></span> <span class='ocrx_word' id='word_1_38' title='bbox 994 768 1117 832; x_wconf 85' lang='lat' dir='ltr'><strong>fuerint</strong></span> <span class='ocrx_word' id='word_1_39' title='bbox 1150 775 1187 831; x_wconf 93' lang='grc' dir='ltr'><strong>ιιι</strong></span> <span class='ocrx_word' id='word_1_40' title='bbox 1218 766 1280 831; x_wconf 91' lang='lat' dir='ltr'><strong>sub</strong></span> <span class='ocrx_word' id='word_1_41' title='bbox 1330 768 1364 831; x_wconf 94' lang='lat' dir='ltr'><strong>in</strong></span> <span class='ocrx_word' id='word_1_42' title='bbox 1394 788 1457 851; x_wconf 89' lang='lat' dir='ltr'><strong>quo</strong></span> <span class='ocrx_word' id='word_1_43' title='bbox 1485 776 1594 834; x_wconf 90' lang='lat' dir='ltr'><strong>traotu</strong></span> <span class='ocrx_word' id='word_1_44' title='bbox 1622 768 1742 833; x_wconf 90' lang='lat' dir='ltr'><strong>seimus</strong></span> <span class='ocrx_word' id='word_1_45' title='bbox 1774 765 1961 832; x_wconf 88' lang='lat' dir='ltr'><strong>eommodos</strong></span> <span class='ocrx_word' id='word_1_46' title='bbox 1989 775 2024 832; x_wconf 90' lang='lat' dir='ltr'><strong>et</strong></span> <span class='ocrx_word' id='word_1_47' title='bbox 2051 766 2177 832; x_wconf 88' lang='lat' dir='ltr'><strong>nobiles</strong></span> <span class='ocrx_word' id='word_1_48' title='bbox 2206 767 2312 833; x_wconf 85' lang='lat' dir='ltr'><strong>luisse</strong></span> 
     </span>
     <span class='ocr_line' id='line_1_5' title="bbox 306 851 2310 940; baseline -0.001 -18"><span class='ocrx_word' id='word_1_49' title='bbox 306 857 413 940; x_wconf 87' lang='lat' dir='ltr'><strong>eapite</strong></span> <span class='ocrx_word' id='word_1_50' title='bbox 443 875 510 920; x_wconf 93' lang='lat' dir='ltr'><strong>uno</strong></span> <span class='ocrx_word' id='word_1_51' title='bbox 539 855 657 918; x_wconf 84' lang='lat' dir='ltr'><strong>tierent</strong></span> <span class='ocrx_word' id='word_1_52' title='bbox 684 875 770 919; x_wconf 89' lang='lat' dir='ltr'><strong>unus</strong></span> <span class='ocrx_word' id='word_1_53' title='bbox 798 853 939 936; x_wconf 90' lang='lat' dir='ltr'><strong>populus</strong></span> <span class='ocrx_word' id='word_1_54' title='bbox 969 873 1044 919; x_wconf 86' lang='lat' dir='ltr'><strong>eum</strong></span> <span class='ocrx_word' id='word_1_55' title='bbox 1076 851 1281 917; x_wconf 87' lang='lat' dir='ltr'><strong>naturalibus</strong></span> <span class='ocrx_word' id='word_1_56' title='bbox 1331 863 1455 935; x_wconf 90' lang='lat' dir='ltr'><strong>portus.</strong></span> <span class='ocrx_word' id='word_1_57' title='bbox 1491 853 1564 917; x_wconf 88' lang='lat' dir='ltr'><strong>Iam</strong></span> <span class='ocrx_word' id='word_1_58' title='bbox 1588 871 1656 917; x_wconf 93' lang='lat' dir='ltr'><strong>non</strong></span> <span class='ocrx_word' id='word_1_59' title='bbox 1685 851 1789 918; x_wconf 89' lang='lat' dir='ltr'><strong>solum</strong></span> <span class='ocrx_word' id='word_1_60' title='bbox 1820 852 1882 917; x_wconf 92' lang='lat' dir='ltr'><strong>hoo</strong></span> <span class='ocrx_word' id='word_1_61' title='bbox 1911 852 2036 918; x_wconf 81' lang='lat' dir='ltr'><strong>vatinio</strong></span> <span class='ocrx_word' id='word_1_62' title='bbox 2055 853 2200 918; x_wconf 84' lang='lat' dir='ltr'><strong>exaitare</strong></span> <span class='ocrx_word' id='word_1_63' title='bbox 2222 851 2310 920; x_wconf 86' lang='lat' dir='ltr'><strong>lilios</strong></span> 
     </span>
     <span class='ocr_line' id='line_1_6' title="bbox 305 937 2310 1022; baseline -0.002 -14"><span class='ocrx_word' id='word_1_64' title='bbox 305 943 462 1008; x_wconf 87' lang='lat' dir='ltr'><strong>Abrabae</strong></span> <span class='ocrx_word' id='word_1_65' title='bbox 483 939 570 1006; x_wconf 91' lang='lat' dir='ltr'><strong>filiis.</strong></span> <span class='ocrx_word' id='word_1_66' title='bbox 1331 937 1477 1004; x_wconf 82' lang='lat' dir='ltr'><strong>Zabulon</strong></span> <span class='ocrx_word' id='word_1_67' title='bbox 1500 938 1605 1004; x_wconf 81' lang='lat' dir='ltr'><strong>voluit</strong></span> <span class='ocrx_word' id='word_1_68' title='bbox 1626 940 1732 1018; x_wconf 89' lang='lat' dir='ltr'><strong>Deus,</strong></span> <span class='ocrx_word' id='word_1_69' title='bbox 1761 958 1824 1021; x_wconf 92' lang='lat' dir='ltr'><strong>quo</strong></span> <span class='ocrx_word' id='word_1_70' title='bbox 1851 937 1957 1022; x_wconf 88' lang='lat' dir='ltr'><strong>magis</strong></span> <span class='ocrx_word' id='word_1_71' title='bbox 1985 947 2119 1003; x_wconf 87' lang='lat' dir='ltr'><strong>strenue</strong></span> <span class='ocrx_word' id='word_1_72' title='bbox 2140 959 2177 1004; x_wconf 91' lang='lat' dir='ltr'><strong>se</strong></span> <span class='ocrx_word' id='word_1_73' title='bbox 2198 940 2310 1004; x_wconf 73' lang='lat' dir='ltr'><strong>aemn-</strong></span> 
     </span>
     <span class='ocr_line' id='line_1_7' title="bbox 396 1021 2310 1110; baseline 0 -19"><span class='ocrx_word' id='word_1_74' title='bbox 396 1027 447 1092; x_wconf 90' lang='lat'><strong>11.</strong></span> <span class='ocrx_word' id='word_1_75' title='bbox 472 1027 594 1110; x_wconf 73' lang='lat' dir='ltr'><strong>Liparas</strong></span> <span class='ocrx_word' id='word_1_76' title='bbox 621 1025 663 1090; x_wconf 82' lang='lat' dir='ltr'><strong>ad</strong></span> <span class='ocrx_word' id='word_1_77' title='bbox 688 1025 780 1088; x_wconf 80' lang='lat' dir='ltr'><strong>vitem</strong></span> <span class='ocrx_word' id='word_1_78' title='bbox 802 1023 929 1106; x_wconf 84' lang='lat' dir='ltr'><strong>pallum</strong></span> <span class='ocrx_word' id='word_1_79' title='bbox 957 1043 1068 1104; x_wconf 79' lang='lat' dir='ltr'><strong>suam,</strong></span> <span class='ocrx_word' id='word_1_80' title='bbox 1097 1023 1204 1102; x_wconf 80' lang='lat' dir='ltr'><strong>etad,</strong></span> <span class='ocrx_word' id='word_1_81' title='bbox 1228 1028 1280 1088; x_wconf 76' lang='lat' dir='ltr'><strong>ete.</strong></span> <span class='ocrx_word' id='word_1_82' title='bbox 1332 1033 1449 1108; x_wconf 79' lang='lat' dir='ltr'><strong>gerent</strong></span> <span class='ocrx_word' id='word_1_83' title='bbox 1470 1022 1512 1088; x_wconf 92' lang='lat' dir='ltr'><strong>ad</strong></span> <span class='ocrx_word' id='word_1_84' title='bbox 1534 1032 1657 1090; x_wconf 89' lang='lat' dir='ltr'><strong>terram</strong></span> <span class='ocrx_word' id='word_1_85' title='bbox 1678 1021 1877 1088; x_wconf 73' lang='lat' dir='ltr'><strong>adeundam:</strong></span> <span class='ocrx_word' id='word_1_86' title='bbox 1901 1022 2079 1088; x_wconf 88' lang='lat' dir='ltr'><strong>sedetiam</strong></span> <span class='ocrx_word' id='word_1_87' title='bbox 2101 1026 2310 1105; x_wconf 86' lang='lat' dir='ltr'><strong>oeulirmara‚</strong></span> 
     </span>
     <span class='ocr_line' id='line_1_8' title="bbox 307 1108 2310 1195; baseline -0.001 -17"><span class='ocrx_word' id='word_1_88' title='bbox 307 1114 379 1179; x_wconf 93' lang='lat' dir='ltr'><strong>Iam</strong></span> <span class='ocrx_word' id='word_1_89' title='bbox 397 1114 437 1178; x_wconf 93' lang='lat' dir='ltr'><strong>de</strong></span> <span class='ocrx_word' id='word_1_90' title='bbox 459 1114 525 1178; x_wconf 93' lang='lat' dir='ltr'><strong>situ</strong></span> <span class='ocrx_word' id='word_1_91' title='bbox 546 1111 690 1195; x_wconf 88' lang='lat' dir='ltr'><strong>regionis</strong></span> <span class='ocrx_word' id='word_1_92' title='bbox 711 1109 856 1192; x_wconf 90' lang='lat' dir='ltr'><strong>loquitur</strong></span> <span class='ocrx_word' id='word_1_93' title='bbox 877 1131 960 1194; x_wconf 88' lang='lat' dir='ltr'><strong>quae</strong></span> <span class='ocrx_word' id='word_1_94' title='bbox 981 1115 1069 1175; x_wconf 89' lang='lat' dir='ltr'><strong>sorte</strong></span> <span class='ocrx_word' id='word_1_95' title='bbox 1087 1109 1163 1175; x_wconf 88' lang='lat' dir='ltr'><strong>filiis</strong></span> <span class='ocrx_word' id='word_1_96' title='bbox 1180 1108 1282 1174; x_wconf 89' lang='lat' dir='ltr'><strong>Indae</strong></span> <span class='ocrx_word' id='word_1_97' title='bbox 1334 1130 1458 1192; x_wconf 90' lang='lat' dir='ltr'><strong>exque</strong></span> <span class='ocrx_word' id='word_1_98' title='bbox 1480 1120 1613 1193; x_wconf 88' lang='lat' dir='ltr'><strong>sperata</strong></span> <span class='ocrx_word' id='word_1_99' title='bbox 1634 1110 1774 1174; x_wconf 90' lang='lat' dir='ltr'><strong>statione</strong></span> <span class='ocrx_word' id='word_1_100' title='bbox 1795 1108 1892 1191; x_wconf 89' lang='lat' dir='ltr'><strong>potiti</strong></span> <span class='ocrx_word' id='word_1_101' title='bbox 1914 1117 2004 1184; x_wconf 87' lang='lat' dir='ltr'><strong>suut,</strong></span> <span class='ocrx_word' id='word_1_102' title='bbox 2027 1129 2070 1174; x_wconf 92' lang='lat' dir='ltr'><strong>ne</strong></span> <span class='ocrx_word' id='word_1_103' title='bbox 2092 1110 2227 1175; x_wconf 88' lang='lat' dir='ltr'><strong>fortuito</strong></span> <span class='ocrx_word' id='word_1_104' title='bbox 2244 1109 2310 1176; x_wconf 89' lang='lat' dir='ltr'><strong>sibi</strong></span> 
     </span>
     <span class='ocr_line' id='line_1_9' title="bbox 304 1193 2310 1283; baseline -0.001 -18"><span class='ocrx_word' id='word_1_105' title='bbox 304 1198 437 1283; x_wconf 80' lang='lat' dir='ltr'><strong>obtigit,</strong></span> <span class='ocrx_word' id='word_1_106' title='bbox 470 1199 634 1282; x_wconf 87' lang='lat' dir='ltr'><strong>signifieat</strong></span> <span class='ocrx_word' id='word_1_107' title='bbox 665 1204 775 1261; x_wconf 89' lang='lat' dir='ltr'><strong>autem</strong></span> <span class='ocrx_word' id='word_1_108' title='bbox 807 1203 933 1260; x_wconf 87' lang='lat' dir='ltr'><strong>tantam</strong></span> <span class='ocrx_word' id='word_1_109' title='bbox 966 1195 1034 1261; x_wconf 93' lang='lat' dir='ltr'><strong>illio</strong></span> <span class='ocrx_word' id='word_1_110' title='bbox 1066 1195 1135 1260; x_wconf 85' lang='lat' dir='ltr'><strong>fore</strong></span> <span class='ocrx_word' id='word_1_111' title='bbox 1165 1195 1282 1259; x_wconf 89' lang='lat' dir='ltr'><strong>vitium</strong></span> <span class='ocrx_word' id='word_1_112' title='bbox 1334 1195 1489 1261; x_wconf 89' lang='lat' dir='ltr'><strong>aooidisse</strong></span> <span class='ocrx_word' id='word_1_113' title='bbox 1520 1207 1643 1262; x_wconf 89' lang='lat' dir='ltr'><strong>sortem</strong></span> <span class='ocrx_word' id='word_1_114' title='bbox 1676 1203 1848 1277; x_wconf 89' lang='lat' dir='ltr'><strong>putarent,</strong></span> <span class='ocrx_word' id='word_1_115' title='bbox 1888 1193 1945 1259; x_wconf 92' lang='lat' dir='ltr'><strong>sed</strong></span> <span class='ocrx_word' id='word_1_116' title='bbox 1978 1193 2042 1259; x_wconf 92' lang='lat' dir='ltr'><strong>Dei</strong></span> <span class='ocrx_word' id='word_1_117' title='bbox 2076 1194 2212 1262; x_wconf 89' lang='lat' dir='ltr'><strong>arbitrio</strong></span> <span class='ocrx_word' id='word_1_118' title='bbox 2244 1198 2310 1262; x_wconf 91' lang='lat' dir='ltr'><strong>sibi</strong></span> 
     </span>
     <span class='ocr_line' id='line_1_10' title="bbox 307 1278 2309 1370; baseline -0.002 -17"><span class='ocrx_word' id='word_1_119' title='bbox 307 1286 435 1370; x_wconf 81' lang='lat' dir='ltr'><strong>sopiam</strong></span> <span class='ocrx_word' id='word_1_120' title='bbox 457 1293 495 1349; x_wconf 92' lang='lat' dir='ltr'><strong>ut</strong></span> <span class='ocrx_word' id='word_1_121' title='bbox 517 1283 638 1366; x_wconf 90' lang='lat' dir='ltr'><strong>passim</strong></span> <span class='ocrx_word' id='word_1_122' title='bbox 667 1281 781 1346; x_wconf 88' lang='lat' dir='ltr'><strong>obviae</strong></span> <span class='ocrx_word' id='word_1_123' title='bbox 814 1291 962 1365; x_wconf 78' lang='lat' dir='ltr'><strong>prostent</strong></span> <span class='ocrx_word' id='word_1_124' title='bbox 983 1302 1050 1348; x_wconf 90' lang='lat' dir='ltr'><strong>nou</strong></span> <span class='ocrx_word' id='word_1_125' title='bbox 1068 1300 1162 1346; x_wconf 90' lang='lat' dir='ltr'><strong>seous</strong></span> <span class='ocrx_word' id='word_1_126' title='bbox 1184 1289 1282 1366; x_wconf 90' lang='lat' dir='ltr'><strong>atque</strong></span> <span class='ocrx_word' id='word_1_127' title='bbox 1334 1280 1485 1347; x_wconf 87' lang='lat' dir='ltr'><strong>distinete</strong></span> <span class='ocrx_word' id='word_1_128' title='bbox 1504 1289 1710 1364; x_wconf 90' lang='lat' dir='ltr'><strong>prospeotum</strong></span> <span class='ocrx_word' id='word_1_129' title='bbox 1732 1289 1767 1347; x_wconf 93' lang='lat' dir='ltr'><strong>et</strong></span> <span class='ocrx_word' id='word_1_130' title='bbox 1787 1278 1975 1346; x_wconf 85' lang='lat' dir='ltr'><strong>ordinatum</strong></span> <span class='ocrx_word' id='word_1_131' title='bbox 1996 1279 2098 1347; x_wconf 86' lang='lat' dir='ltr'><strong>fuisse</strong></span> <span class='ocrx_word' id='word_1_132' title='bbox 2115 1281 2309 1364; x_wconf 81' lang='lat' dir='ltr'><strong>hospitium.</strong></span> 
     </span>
     <span class='ocr_line' id='line_1_11' title="bbox 308 1365 2310 1453; baseline -0.002 -15"><span class='ocrx_word' id='word_1_133' title='bbox 308 1371 385 1438; x_wconf 91' lang='lat' dir='ltr'><strong>alibi</strong></span> <span class='ocrx_word' id='word_1_134' title='bbox 414 1390 549 1453; x_wconf 82' lang='lat' dir='ltr'><strong>vepres,</strong></span> <span class='ocrx_word' id='word_1_135' title='bbox 579 1367 630 1434; x_wconf 84' lang='lat' dir='ltr'><strong>vel</strong></span> <span class='ocrx_word' id='word_1_136' title='bbox 659 1366 855 1450; x_wconf 76' lang='lat' dir='ltr'><strong>infrugifera</strong></span> <span class='ocrx_word' id='word_1_137' title='bbox 883 1368 1026 1433; x_wconf 86' lang='lat' dir='ltr'><strong>arbusta.</strong></span> <span class='ocrx_word' id='word_1_138' title='bbox 1071 1366 1158 1431; x_wconf 90' lang='lat' dir='ltr'><strong>Nam</strong></span> <span class='ocrx_word' id='word_1_139' title='bbox 1180 1386 1282 1447; x_wconf 90' lang='lat' dir='ltr'><strong>quum</strong></span> <span class='ocrx_word' id='word_1_140' title='bbox 1420 1367 1470 1432; x_wconf 87' lang='lat'><strong>14.</strong></span> <span class='ocrx_word' id='word_1_141' title='bbox 1494 1367 1653 1432; x_wconf 72' lang='lat' dir='ltr'><strong>Intuebor.</strong></span> <span class='ocrx_word' id='word_1_142' title='bbox 1698 1365 1764 1431; x_wconf 89' lang='lat' dir='ltr'><strong>Hie</strong></span> <span class='ocrx_word' id='word_1_143' title='bbox 1790 1365 1912 1448; x_wconf 89' lang='lat' dir='ltr'><strong>partim</strong></span> <span class='ocrx_word' id='word_1_144' title='bbox 1939 1366 2062 1432; x_wconf 89' lang='lat' dir='ltr'><strong>mentio</strong></span> <span class='ocrx_word' id='word_1_145' title='bbox 2091 1368 2129 1432; x_wconf 86' lang='lat' dir='ltr'><strong>fit</strong></span> <span class='ocrx_word' id='word_1_146' title='bbox 2157 1367 2310 1434; x_wconf 81' lang='lat' dir='ltr'><strong>haeredi·</strong></span> 
     </span>
     <span class='ocr_line' id='line_1_12' title="bbox 307 1451 2310 1540; baseline -0.002 -17"><span class='ocrx_word' id='word_1_147' title='bbox 307 1457 350 1523; x_wconf 92' lang='lat' dir='ltr'><strong>ad</strong></span> <span class='ocrx_word' id='word_1_148' title='bbox 368 1477 460 1540; x_wconf 86' lang='lat' dir='ltr'><strong>sepes</strong></span> <span class='ocrx_word' id='word_1_149' title='bbox 478 1455 574 1538; x_wconf 88' lang='lat' dir='ltr'><strong>ligari</strong></span> <span class='ocrx_word' id='word_1_150' title='bbox 592 1453 718 1519; x_wconf 76' lang='lat' dir='ltr'><strong>soleant</strong></span> <span class='ocrx_word' id='word_1_151' title='bbox 735 1453 827 1532; x_wconf 89' lang='lat' dir='ltr'><strong>asini,</strong></span> <span class='ocrx_word' id='word_1_152' title='bbox 846 1453 931 1518; x_wconf 84' lang='lat' dir='ltr'><strong>vites</strong></span> <span class='ocrx_word' id='word_1_153' title='bbox 948 1453 990 1518; x_wconf 90' lang='lat' dir='ltr'><strong>ad</strong></span> <span class='ocrx_word' id='word_1_154' title='bbox 1007 1453 1096 1519; x_wconf 92' lang='lat' dir='ltr'><strong>huno</strong></span> <span class='ocrx_word' id='word_1_155' title='bbox 1113 1459 1281 1534; x_wconf 84' lang='lat' dir='ltr'><strong>oontemp·</strong></span> <span class='ocrx_word' id='word_1_156' title='bbox 1334 1451 1429 1531; x_wconf 88' lang='lat' dir='ltr'><strong>tntis,</strong></span> <span class='ocrx_word' id='word_1_157' title='bbox 1458 1454 1577 1536; x_wconf 91' lang='lat' dir='ltr'><strong>partim</strong></span> <span class='ocrx_word' id='word_1_158' title='bbox 1607 1451 1771 1517; x_wconf 89' lang='lat' dir='ltr'><strong>indiuatur</strong></span> <span class='ocrx_word' id='word_1_159' title='bbox 1797 1451 1903 1534; x_wconf 88' lang='lat' dir='ltr'><strong>qualis</strong></span> <span class='ocrx_word' id='word_1_160' title='bbox 1932 1451 2045 1517; x_wconf 83' lang='lat' dir='ltr'><strong>futura</strong></span> <span class='ocrx_word' id='word_1_161' title='bbox 2073 1452 2116 1518; x_wconf 92' lang='lat' dir='ltr'><strong>sit</strong></span> <span class='ocrx_word' id='word_1_162' title='bbox 2138 1453 2237 1519; x_wconf 88' lang='lat' dir='ltr'><strong>huius</strong></span> <span class='ocrx_word' id='word_1_163' title='bbox 2259 1454 2310 1519; x_wconf 81' lang='lat' dir='ltr'><strong>ia-</strong></span> 
     </span>
     <span class='ocr_line' id='line_1_13' title="bbox 307 1536 2311 1622; baseline -0.001 -14"><span class='ocrx_word' id='word_1_164' title='bbox 307 1543 432 1608; x_wconf 89' lang='lat' dir='ltr'><strong>tibilem</strong></span> <span class='ocrx_word' id='word_1_165' title='bbox 464 1561 561 1606; x_wconf 89' lang='lat' dir='ltr'><strong>usum</strong></span> <span class='ocrx_word' id='word_1_166' title='bbox 595 1540 739 1621; x_wconf 87' lang='lat' dir='ltr'><strong>deputat.</strong></span> <span class='ocrx_word' id='word_1_167' title='bbox 783 1538 908 1604; x_wconf 82' lang='lat' dir='ltr'><strong>Eodem</strong></span> <span class='ocrx_word' id='word_1_168' title='bbox 941 1539 1083 1622; x_wconf 86' lang='lat' dir='ltr'><strong>pertinet</strong></span> <span class='ocrx_word' id='word_1_169' title='bbox 1116 1559 1199 1622; x_wconf 92' lang='lat' dir='ltr'><strong>quae</strong></span> <span class='ocrx_word' id='word_1_170' title='bbox 1231 1557 1281 1602; x_wconf 90' lang='lat' dir='ltr'><strong>se-</strong></span> <span class='ocrx_word' id='word_1_171' title='bbox 1334 1539 1445 1603; x_wconf 87' lang='lat' dir='ltr'><strong>miliae</strong></span> <span class='ocrx_word' id='word_1_172' title='bbox 1476 1538 1626 1604; x_wconf 90' lang='lat' dir='ltr'><strong>oouditio.</strong></span> <span class='ocrx_word' id='word_1_173' title='bbox 1671 1536 1869 1619; x_wconf 75' lang='lat' dir='ltr'><strong>Quanquam</strong></span> <span class='ocrx_word' id='word_1_174' title='bbox 1891 1547 2028 1602; x_wconf 83' lang='lat' dir='ltr'><strong>sonatur</strong></span> <span class='ocrx_word' id='word_1_175' title='bbox 2049 1539 2163 1604; x_wconf 84' lang='lat' dir='ltr'><strong>asinus</strong></span> <span class='ocrx_word' id='word_1_176' title='bbox 2195 1559 2311 1605; x_wconf 74' lang='lat' dir='ltr'><strong>omens</strong></span> 
     </span>
     <span class='ocr_line' id='line_1_14' title="bbox 309 1622 2311 1712; baseline -0 -19"><span class='ocrx_word' id='word_1_177' title='bbox 309 1636 457 1712; x_wconf 92' lang='lat' dir='ltr'><strong>quuntur</strong></span> <span class='ocrx_word' id='word_1_178' title='bbox 479 1625 707 1710; x_wconf 76' lang='lat' dir='ltr'><strong>hyperbolicae</strong></span> <span class='ocrx_word' id='word_1_179' title='bbox 728 1623 883 1707; x_wconf 89' lang='lat' dir='ltr'><strong>loquendi</strong></span> <span class='ocrx_word' id='word_1_180' title='bbox 903 1624 1043 1702; x_wconf 87' lang='lat' dir='ltr'><strong>formae,</strong></span> <span class='ocrx_word' id='word_1_181' title='bbox 1073 1623 1160 1706; x_wconf 91' lang='lat' dir='ltr'><strong>quod</strong></span> <span class='ocrx_word' id='word_1_182' title='bbox 1182 1623 1282 1688; x_wconf 90' lang='lat' dir='ltr'><strong>Iudas</strong></span> <span class='ocrx_word' id='word_1_183' title='bbox 1333 1623 1375 1689; x_wconf 94' lang='lat' dir='ltr'><strong>ob</strong></span> <span class='ocrx_word' id='word_1_184' title='bbox 1397 1623 1632 1704; x_wconf 86' lang='lat' dir='ltr'><strong>fortitudinem,</strong></span> <span class='ocrx_word' id='word_1_185' title='bbox 1654 1624 1730 1706; x_wconf 90' lang='lat' dir='ltr'><strong>quia</strong></span> <span class='ocrx_word' id='word_1_186' title='bbox 1752 1622 1897 1688; x_wconf 79' lang='lat' dir='ltr'><strong>ferendis</strong></span> <span class='ocrx_word' id='word_1_187' title='bbox 1913 1623 2079 1690; x_wconf 82' lang='lat' dir='ltr'><strong>laboribus</strong></span> <span class='ocrx_word' id='word_1_188' title='bbox 2097 1624 2247 1702; x_wconf 88' lang='lat' dir='ltr'><strong>suffioiet,</strong></span> <span class='ocrx_word' id='word_1_189' title='bbox 2271 1647 2311 1692; x_wconf 87' lang='lat' dir='ltr'><strong>ao</strong></span> 
     </span>
     <span class='ocr_line' id='line_1_15' title="bbox 308 1709 2310 1795; baseline 0 -17"><span class='ocrx_word' id='word_1_190' title='bbox 308 1712 432 1780; x_wconf 87' lang='lat' dir='ltr'><strong>lavabit</strong></span> <span class='ocrx_word' id='word_1_191' title='bbox 460 1719 586 1780; x_wconf 88' lang='lat' dir='ltr'><strong>vestem</strong></span> <span class='ocrx_word' id='word_1_192' title='bbox 615 1731 708 1777; x_wconf 89' lang='lat' dir='ltr'><strong>suam</strong></span> <span class='ocrx_word' id='word_1_193' title='bbox 729 1711 765 1775; x_wconf 94' lang='lat' dir='ltr'><strong>in</strong></span> <span class='ocrx_word' id='word_1_194' title='bbox 794 1711 890 1790; x_wconf 83' lang='lat' dir='ltr'><strong>vino,</strong></span> <span class='ocrx_word' id='word_1_195' title='bbox 923 1719 957 1775; x_wconf 90' lang='lat' dir='ltr'><strong>et</strong></span> <span class='ocrx_word' id='word_1_196' title='bbox 985 1710 1088 1776; x_wconf 90' lang='lat' dir='ltr'><strong>oeulis</strong></span> <span class='ocrx_word' id='word_1_197' title='bbox 1109 1710 1172 1775; x_wconf 93' lang='lat' dir='ltr'><strong>erit</strong></span> <span class='ocrx_word' id='word_1_198' title='bbox 1192 1709 1282 1774; x_wconf 91' lang='lat' dir='ltr'><strong>rubi·</strong></span> <span class='ocrx_word' id='word_1_199' title='bbox 1333 1711 1526 1792; x_wconf 88' lang='lat' dir='ltr'><strong>praesertim</strong></span> <span class='ocrx_word' id='word_1_200' title='bbox 1555 1711 1704 1776; x_wconf 89' lang='lat' dir='ltr'><strong>rustiois:</strong></span> <span class='ocrx_word' id='word_1_201' title='bbox 1732 1709 1831 1775; x_wconf 89' lang='lat' dir='ltr'><strong>simul</strong></span> <span class='ocrx_word' id='word_1_202' title='bbox 1860 1717 1973 1774; x_wconf 90' lang='lat' dir='ltr'><strong>tamen</strong></span> <span class='ocrx_word' id='word_1_203' title='bbox 2001 1717 2135 1774; x_wconf 91' lang='lat' dir='ltr'><strong>notatur</strong></span> <span class='ocrx_word' id='word_1_204' title='bbox 2162 1713 2196 1795; x_wconf 89' lang='lat' dir='ltr'><strong>pi</strong></span> <span class='ocrx_word' id='word_1_205' title='bbox 2242 1713 2310 1780; x_wconf 78' lang='lat' dir='ltr'><strong>tia.</strong></span> 
     </span>
     <span class='ocr_line' id='line_1_16' title="bbox 307 1731 2312 1880; baseline -0.002 -13"><span class='ocrx_word' id='word_1_206' title='bbox 307 1800 434 1867; x_wconf 89' lang='lat' dir='ltr'><strong>eundis.</strong></span> <span class='ocrx_word' id='word_1_207' title='bbox 479 1799 618 1863; x_wconf 64' lang='lat' dir='ltr'><strong>Tantam</strong></span> <span class='ocrx_word' id='word_1_208' title='bbox 641 1797 728 1860; x_wconf 86' lang='lat' dir='ltr'><strong>enim</strong></span> <span class='ocrx_word' id='word_1_209' title='bbox 750 1796 820 1860; x_wconf 90' lang='lat' dir='ltr'><strong>vini</strong></span> <span class='ocrx_word' id='word_1_210' title='bbox 843 1796 1077 1862; x_wconf 90' lang='lat' dir='ltr'><strong>abundantiam</strong></span> <span class='ocrx_word' id='word_1_211' title='bbox 1098 1797 1166 1861; x_wconf 82' lang='lat' dir='ltr'><strong>fore</strong></span> <span class='ocrx_word' id='word_1_212' title='bbox 1188 1794 1283 1860; x_wconf 87' lang='lat' dir='ltr'><strong>intel-</strong></span> <span class='ocrx_word' id='word_1_213' title='bbox 1333 1795 1419 1861; x_wconf 91' lang='lat' dir='ltr'><strong>Nam</strong></span> <span class='ocrx_word' id='word_1_214' title='bbox 1437 1797 1534 1879; x_wconf 89' lang='lat' dir='ltr'><strong>paulo</strong></span> <span class='ocrx_word' id='word_1_215' title='bbox 1551 1806 1626 1880; x_wconf 91' lang='lat' dir='ltr'><strong>post</strong></span> <span class='ocrx_word' id='word_1_216' title='bbox 1643 1794 1784 1874; x_wconf 91' lang='lat' dir='ltr'><strong>additur,</strong></span> <span class='ocrx_word' id='word_1_217' title='bbox 1803 1794 1917 1860; x_wconf 87' lang='lat' dir='ltr'><strong>servili</strong></span> <span class='ocrx_word' id='word_1_218' title='bbox 1933 1795 2003 1860; x_wconf 86' lang='lat' dir='ltr'><strong>fore</strong></span> <span class='ocrx_word' id='word_1_219' title='bbox 2020 1795 2160 1880; x_wconf 88' lang='lat' dir='ltr'><strong>ingenio.</strong></span> <span class='ocrx_word' id='word_1_220' title='bbox 2195 1731 2312 1876; x_wconf 49' lang='lat' dir='ltr'><strong>{liare</strong></span> 
     </span>
     <span class='ocr_line' id='line_1_17' title="bbox 308 1880 2311 1970; baseline -0.001 -19"><span class='ocrx_word' id='word_1_221' title='bbox 308 1887 400 1970; x_wconf 89' lang='lat' dir='ltr'><strong>ligit,</strong></span> <span class='ocrx_word' id='word_1_222' title='bbox 430 1893 468 1949; x_wconf 89' lang='lat' dir='ltr'><strong>ut</strong></span> <span class='ocrx_word' id='word_1_223' title='bbox 495 1884 679 1967; x_wconf 79' lang='lat' dir='ltr'><strong>promiscue</strong></span> <span class='ocrx_word' id='word_1_224' title='bbox 707 1883 748 1948; x_wconf 91' lang='lat' dir='ltr'><strong>ad</strong></span> <span class='ocrx_word' id='word_1_225' title='bbox 776 1880 931 1959; x_wconf 90' lang='lat' dir='ltr'><strong>lotiones,</strong></span> <span class='ocrx_word' id='word_1_226' title='bbox 960 1881 1095 1966; x_wconf 87' lang='lat' dir='ltr'><strong>perinde</strong></span> <span class='ocrx_word' id='word_1_227' title='bbox 1123 1889 1161 1945; x_wconf 91' lang='lat' dir='ltr'><strong>ut</strong></span> <span class='ocrx_word' id='word_1_228' title='bbox 1188 1900 1282 1963; x_wconf 88' lang='lat' dir='ltr'><strong>aqua,</strong></span> <span class='ocrx_word' id='word_1_229' title='bbox 1334 1902 1451 1948; x_wconf 89' lang='lat' dir='ltr'><strong>sensus</strong></span> <span class='ocrx_word' id='word_1_230' title='bbox 1484 1892 1550 1962; x_wconf 90' lang='lat' dir='ltr'><strong>est,</strong></span> <span class='ocrx_word' id='word_1_231' title='bbox 1584 1882 1669 1946; x_wconf 92' lang='lat' dir='ltr'><strong>filios</strong></span> <span class='ocrx_word' id='word_1_232' title='bbox 1698 1880 1866 1961; x_wconf 88' lang='lat' dir='ltr'><strong>Issaohar,</strong></span> <span class='ocrx_word' id='word_1_233' title='bbox 1898 1881 1976 1946; x_wconf 90' lang='lat' dir='ltr'><strong>lioet</strong></span> <span class='ocrx_word' id='word_1_234' title='bbox 2006 1881 2122 1946; x_wconf 87' lang='lat' dir='ltr'><strong>robore</strong></span> <span class='ocrx_word' id='word_1_235' title='bbox 2155 1881 2311 1963; x_wconf 86' lang='lat' dir='ltr'><strong>polleant,</strong></span> 
     </span>
     <span class='ocr_line' id='line_1_18' title="bbox 309 1965 2312 2054; baseline -0.001 -17"><span class='ocrx_word' id='word_1_236' title='bbox 309 1969 435 2038; x_wconf 86' lang='lat' dir='ltr'><strong>effundi</strong></span> <span class='ocrx_word' id='word_1_237' title='bbox 456 1979 554 2054; x_wconf 88' lang='lat' dir='ltr'><strong>queat</strong></span> <span class='ocrx_word' id='word_1_238' title='bbox 576 1969 647 2033; x_wconf 87' lang='lat' dir='ltr'><strong>sins</strong></span> <span class='ocrx_word' id='word_1_239' title='bbox 669 1988 790 2051; x_wconf 86' lang='lat' dir='ltr'><strong>magno</strong></span> <span class='ocrx_word' id='word_1_240' title='bbox 812 1966 996 2050; x_wconf 90' lang='lat' dir='ltr'><strong>dispendio:</strong></span> <span class='ocrx_word' id='word_1_241' title='bbox 1019 1965 1150 2034; x_wconf 91' lang='lat' dir='ltr'><strong>assiduo</strong></span> <span class='ocrx_word' id='word_1_242' title='bbox 1172 1975 1282 2031; x_wconf 88' lang='lat' dir='ltr'><strong>autem</strong></span> <span class='ocrx_word' id='word_1_243' title='bbox 1333 1968 1458 2050; x_wconf 90' lang='lat' dir='ltr'><strong>quietos</strong></span> <span class='ocrx_word' id='word_1_244' title='bbox 1481 1977 1592 2032; x_wconf 89' lang='lat' dir='ltr'><strong>tamen</strong></span> <span class='ocrx_word' id='word_1_245' title='bbox 1610 1967 1715 2050; x_wconf 85' lang='lat' dir='ltr'><strong>magis</strong></span> <span class='ocrx_word' id='word_1_246' title='bbox 1732 1986 1830 2049; x_wconf 91' lang='lat' dir='ltr'><strong>quam</strong></span> <span class='ocrx_word' id='word_1_247' title='bbox 1848 1965 1997 2032; x_wconf 88' lang='lat' dir='ltr'><strong>oordatos</strong></span> <span class='ocrx_word' id='word_1_248' title='bbox 2015 1967 2083 2032; x_wconf 86' lang='lat' dir='ltr'><strong>fore</strong></span> <span class='ocrx_word' id='word_1_249' title='bbox 2103 1973 2138 2032; x_wconf 87' lang='lat' dir='ltr'><strong>et</strong></span> <span class='ocrx_word' id='word_1_250' title='bbox 2154 1967 2312 2035; x_wconf 79' lang='lat' dir='ltr'><strong>ferendae</strong></span> 
     </span>
     <span class='ocr_line' id='line_1_19' title="bbox 308 2052 2313 2142; baseline -0.001 -20"><span class='ocrx_word' id='word_1_251' title='bbox 308 2058 513 2142; x_wconf 89' lang='lat' dir='ltr'><strong>largioreque</strong></span> <span class='ocrx_word' id='word_1_252' title='bbox 539 2055 627 2119; x_wconf 87' lang='lat' dir='ltr'><strong>illius</strong></span> <span class='ocrx_word' id='word_1_253' title='bbox 655 2063 733 2137; x_wconf 93' lang='lat' dir='ltr'><strong>potu</strong></span> <span class='ocrx_word' id='word_1_254' title='bbox 761 2053 951 2120; x_wconf 89' lang='lat' dir='ltr'><strong>rubedinem</strong></span> <span class='ocrx_word' id='word_1_255' title='bbox 985 2053 1183 2120; x_wconf 90' lang='lat' dir='ltr'><strong>oontraoturi</strong></span> <span class='ocrx_word' id='word_1_256' title='bbox 1216 2053 1283 2118; x_wconf 91' lang='lat' dir='ltr'><strong>sint</strong></span> <span class='ocrx_word' id='word_1_257' title='bbox 1334 2053 1489 2119; x_wconf 81' lang='lat' dir='ltr'><strong>servituti</strong></span> <span class='ocrx_word' id='word_1_258' title='bbox 1506 2060 1637 2135; x_wconf 88' lang='lat' dir='ltr'><strong>paratos</strong></span> <span class='ocrx_word' id='word_1_259' title='bbox 1654 2073 1721 2117; x_wconf 91' lang='lat' dir='ltr'><strong>non</strong></span> <span class='ocrx_word' id='word_1_260' title='bbox 1739 2071 1836 2118; x_wconf 89' lang='lat' dir='ltr'><strong>seous</strong></span> <span class='ocrx_word' id='word_1_261' title='bbox 1857 2061 1956 2135; x_wconf 89' lang='lat' dir='ltr'><strong>atque</strong></span> <span class='ocrx_word' id='word_1_262' title='bbox 1976 2052 2082 2118; x_wconf 90' lang='lat' dir='ltr'><strong>latera</strong></span> <span class='ocrx_word' id='word_1_263' title='bbox 2098 2062 2158 2118; x_wconf 84' lang='lat' dir='ltr'><strong>sua</strong></span> <span class='ocrx_word' id='word_1_264' title='bbox 2179 2053 2313 2120; x_wconf 91' lang='lat' dir='ltr'><strong>olitellis</strong></span> 
     </span>
     <span class='ocr_line' id='line_1_20' title="bbox 309 2136 2313 2223; baseline -0.001 -15"><span class='ocrx_word' id='word_1_265' title='bbox 309 2142 405 2208; x_wconf 90' lang='lat' dir='ltr'><strong>oouli.</strong></span> <span class='ocrx_word' id='word_1_266' title='bbox 462 2139 529 2208; x_wconf 82' lang='lat' dir='ltr'><strong>Sed</strong></span> <span class='ocrx_word' id='word_1_267' title='bbox 568 2140 702 2206; x_wconf 91' lang='lat' dir='ltr'><strong>minime</strong></span> <span class='ocrx_word' id='word_1_268' title='bbox 738 2149 993 2206; x_wconf 75' lang='lat' dir='ltr'><strong>consentaneum</strong></span> <span class='ocrx_word' id='word_1_269' title='bbox 1033 2160 1104 2204; x_wconf 91' lang='lat' dir='ltr'><strong>esse</strong></span> <span class='ocrx_word' id='word_1_270' title='bbox 1142 2136 1281 2216; x_wconf 89' lang='lat' dir='ltr'><strong>videtur,</strong></span> <span class='ocrx_word' id='word_1_271' title='bbox 1334 2147 1366 2204; x_wconf 90' lang='lat' dir='ltr'><strong>et</strong></span> <span class='ocrx_word' id='word_1_272' title='bbox 1388 2139 1526 2205; x_wconf 88' lang='lat' dir='ltr'><strong>saroinis</strong></span> <span class='ocrx_word' id='word_1_273' title='bbox 1546 2139 1630 2204; x_wconf 91' lang='lat' dir='ltr'><strong>muli</strong></span> <span class='ocrx_word' id='word_1_274' title='bbox 1658 2137 1912 2205; x_wconf 89' lang='lat' dir='ltr'><strong>aooommodant.</strong></span> <span class='ocrx_word' id='word_1_275' title='bbox 1956 2138 2057 2204; x_wconf 88' lang='lat' dir='ltr'><strong>Ratio</strong></span> <span class='ocrx_word' id='word_1_276' title='bbox 2078 2138 2177 2203; x_wconf 88' lang='lat' dir='ltr'><strong>etiam</strong></span> <span class='ocrx_word' id='word_1_277' title='bbox 2200 2143 2313 2223; x_wconf 88' lang='lat' dir='ltr'><strong>expri-</strong></span> 
     </span>
     <span class='ocr_line' id='line_1_21' title="bbox 308 2220 2311 2313; baseline -0.001 -19"><span class='ocrx_word' id='word_1_278' title='bbox 308 2229 476 2313; x_wconf 89' lang='lat' dir='ltr'><strong>profusam</strong></span> <span class='ocrx_word' id='word_1_279' title='bbox 497 2227 724 2309; x_wconf 90' lang='lat' dir='ltr'><strong>intemperiem</strong></span> <span class='ocrx_word' id='word_1_280' title='bbox 746 2225 800 2291; x_wconf 80' lang='lat' dir='ltr'><strong>rel</strong></span> <span class='ocrx_word' id='word_1_281' title='bbox 822 2225 1053 2307; x_wconf 78' lang='lat' dir='ltr'><strong>proiectionem</strong></span> <span class='ocrx_word' id='word_1_282' title='bbox 1076 2224 1112 2288; x_wconf 94' lang='lat' dir='ltr'><strong>in</strong></span> <span class='ocrx_word' id='word_1_283' title='bbox 1134 2220 1282 2290; x_wconf 86' lang='lat' dir='ltr'><strong>benedio·</strong></span> <span class='ocrx_word' id='word_1_284' title='bbox 1334 2225 1451 2304; x_wconf 89' lang='lat' dir='ltr'><strong>mitur,</strong></span> <span class='ocrx_word' id='word_1_285' title='bbox 1483 2224 1566 2308; x_wconf 93' lang='lat' dir='ltr'><strong>quod</strong></span> <span class='ocrx_word' id='word_1_286' title='bbox 1600 2223 1700 2290; x_wconf 86' lang='lat' dir='ltr'><strong>fertili</strong></span> <span class='ocrx_word' id='word_1_287' title='bbox 1729 2235 1763 2289; x_wconf 89' lang='lat' dir='ltr'><strong>et</strong></span> <span class='ocrx_word' id='word_1_288' title='bbox 1794 2244 1930 2289; x_wconf 89' lang='lat' dir='ltr'><strong>amoeno</strong></span> <span class='ocrx_word' id='word_1_289' title='bbox 1957 2244 2016 2289; x_wconf 86' lang='lat' dir='ltr'><strong>suo</strong></span> <span class='ocrx_word' id='word_1_290' title='bbox 2045 2245 2124 2308; x_wconf 89' lang='lat' dir='ltr'><strong>agro</strong></span> <span class='ocrx_word' id='word_1_291' title='bbox 2153 2228 2311 2302; x_wconf 85' lang='lat' dir='ltr'><strong>eontenti,</strong></span> 
     </span>
     <span class='ocr_line' id='line_1_22' title="bbox 308 2309 2313 2395; baseline -0 -15"><span class='ocrx_word' id='word_1_292' title='bbox 308 2315 398 2380; x_wconf 71' lang='lat' dir='ltr'><strong>none</strong></span> <span class='ocrx_word' id='word_1_293' title='bbox 416 2312 551 2380; x_wconf 87' lang='lat' dir='ltr'><strong>oenseri.</strong></span> <span class='ocrx_word' id='word_1_294' title='bbox 585 2310 789 2395; x_wconf 89' lang='lat' dir='ltr'><strong>Respondeo,</strong></span> <span class='ocrx_word' id='word_1_295' title='bbox 812 2311 963 2394; x_wconf 90' lang='lat' dir='ltr'><strong>quamvis</strong></span> <span class='ocrx_word' id='word_1_296' title='bbox 980 2309 1134 2376; x_wconf 89' lang='lat' dir='ltr'><strong>laudetur</strong></span> <span class='ocrx_word' id='word_1_297' title='bbox 1151 2310 1283 2375; x_wconf 87' lang='lat' dir='ltr'><strong>ubertas</strong></span> <span class='ocrx_word' id='word_1_298' title='bbox 1335 2311 1430 2375; x_wconf 90' lang='lat' dir='ltr'><strong>modo</strong></span> <span class='ocrx_word' id='word_1_299' title='bbox 1458 2311 1566 2393; x_wconf 88' lang='lat' dir='ltr'><strong>quiete</strong></span> <span class='ocrx_word' id='word_1_300' title='bbox 1598 2311 1767 2389; x_wconf 83' lang='lat' dir='ltr'><strong>fruantur,</strong></span> <span class='ocrx_word' id='word_1_301' title='bbox 1800 2328 1867 2374; x_wconf 91' lang='lat' dir='ltr'><strong>non</strong></span> <span class='ocrx_word' id='word_1_302' title='bbox 1900 2309 2066 2394; x_wconf 80' lang='lat' dir='ltr'><strong>refugient</strong></span> <span class='ocrx_word' id='word_1_303' title='bbox 2094 2311 2214 2378; x_wconf 82' lang='lat' dir='ltr'><strong>vieinis</strong></span> <span class='ocrx_word' id='word_1_304' title='bbox 2243 2314 2313 2379; x_wconf 88' lang='lat' dir='ltr'><strong>suis</strong></span> 
     </span>
     <span class='ocr_line' id='line_1_23' title="bbox 309 2394 2314 2479; baseline -0.001 -14"><span class='ocrx_word' id='word_1_305' title='bbox 309 2408 343 2466; x_wconf 91' lang='lat' dir='ltr'><strong>et</strong></span> <span class='ocrx_word' id='word_1_306' title='bbox 365 2398 542 2476; x_wconf 89' lang='lat' dir='ltr'><strong>affluentia,</strong></span> <span class='ocrx_word' id='word_1_307' title='bbox 564 2418 630 2462; x_wconf 91' lang='lat' dir='ltr'><strong>non</strong></span> <span class='ocrx_word' id='word_1_308' title='bbox 653 2407 763 2463; x_wconf 89' lang='lat' dir='ltr'><strong>tamen</strong></span> <span class='ocrx_word' id='word_1_309' title='bbox 786 2397 924 2463; x_wconf 91' lang='lat' dir='ltr'><strong>abusum</strong></span> <span class='ocrx_word' id='word_1_310' title='bbox 945 2396 1101 2479; x_wconf 83' lang='lat' dir='ltr'><strong>permitti.</strong></span> <span class='ocrx_word' id='word_1_311' title='bbox 1146 2394 1185 2460; x_wconf 83' lang='lat' dir='ltr'><strong>Si</strong></span> <span class='ocrx_word' id='word_1_312' title='bbox 1206 2394 1280 2460; x_wconf 81' lang='lat' dir='ltr'><strong>libe</strong></span> <span class='ocrx_word' id='word_1_313' title='bbox 1334 2395 1477 2479; x_wconf 89' lang='lat' dir='ltr'><strong>pendere</strong></span> <span class='ocrx_word' id='word_1_314' title='bbox 1494 2395 1662 2461; x_wconf 92' lang='lat' dir='ltr'><strong>tributum.</strong></span> <span class='ocrx_word' id='word_1_315' title='bbox 1696 2394 1894 2478; x_wconf 76' lang='lat' dir='ltr'><strong>Quanquam</strong></span> <span class='ocrx_word' id='word_1_316' title='bbox 1911 2405 2021 2462; x_wconf 89' lang='lat' dir='ltr'><strong>autern</strong></span> <span class='ocrx_word' id='word_1_317' title='bbox 2039 2396 2120 2462; x_wconf 87' lang='lat' dir='ltr'><strong>haee</strong></span> <span class='ocrx_word' id='word_1_318' title='bbox 2137 2397 2314 2464; x_wconf 83' lang='lat' dir='ltr'><strong>tolerantia</strong></span> 
     </span>
     <span class='ocr_line' id='line_1_24' title="bbox 309 2479 2314 2568; baseline -0 -17"><span class='ocrx_word' id='word_1_319' title='bbox 309 2486 412 2552; x_wconf 90' lang='lat' dir='ltr'><strong>ralins</strong></span> <span class='ocrx_word' id='word_1_320' title='bbox 434 2484 604 2550; x_wconf 85' lang='lat' dir='ltr'><strong>nobiseum</strong></span> <span class='ocrx_word' id='word_1_321' title='bbox 634 2484 704 2568; x_wconf 90' lang='lat' dir='ltr'><strong>agit</strong></span> <span class='ocrx_word' id='word_1_322' title='bbox 725 2482 904 2562; x_wconf 86' lang='lat' dir='ltr'><strong>Dominus,</strong></span> <span class='ocrx_word' id='word_1_323' title='bbox 934 2503 975 2548; x_wconf 89' lang='lat' dir='ltr'><strong>ns</strong></span> <span class='ocrx_word' id='word_1_324' title='bbox 1004 2483 1112 2548; x_wconf 88' lang='lat' dir='ltr'><strong>earnis</strong></span> <span class='ocrx_word' id='word_1_325' title='bbox 1144 2479 1283 2546; x_wconf 84' lang='lat' dir='ltr'><strong>insonti·</strong></span> <span class='ocrx_word' id='word_1_326' title='bbox 1336 2503 1440 2565; x_wconf 88' lang='lat' dir='ltr'><strong>nsque</strong></span> <span class='ocrx_word' id='word_1_327' title='bbox 1462 2481 1560 2560; x_wconf 90' lang='lat' dir='ltr'><strong>laudi,</strong></span> <span class='ocrx_word' id='word_1_328' title='bbox 1583 2501 1688 2564; x_wconf 89' lang='lat' dir='ltr'><strong>neque</strong></span> <span class='ocrx_word' id='word_1_329' title='bbox 1705 2481 1786 2548; x_wconf 87' lang='lat' dir='ltr'><strong>vitio</strong></span> <span class='ocrx_word' id='word_1_330' title='bbox 1805 2480 1912 2562; x_wconf 89' lang='lat' dir='ltr'><strong>palam</strong></span> <span class='ocrx_word' id='word_1_331' title='bbox 1930 2481 1997 2547; x_wconf 91' lang='lat' dir='ltr'><strong>illis</strong></span> <span class='ocrx_word' id='word_1_332' title='bbox 2014 2480 2122 2560; x_wconf 91' lang='lat' dir='ltr'><strong>datur,</strong></span> <span class='ocrx_word' id='word_1_333' title='bbox 2143 2481 2314 2566; x_wconf 89' lang='lat' dir='ltr'><strong>probabile</strong></span> 
     </span>
     <span class='ocr_line' id='line_1_25' title="bbox 311 2566 2315 2654; baseline -0.001 -17"><span class='ocrx_word' id='word_1_334' title='bbox 311 2571 458 2637; x_wconf 81' lang='lat' dir='ltr'><strong>nentium</strong></span> <span class='ocrx_word' id='word_1_335' title='bbox 486 2578 664 2654; x_wconf 81' lang='lat' dir='ltr'><strong>prorooent</strong></span> <span class='ocrx_word' id='word_1_336' title='bbox 692 2589 753 2634; x_wconf 87' lang='lat' dir='ltr'><strong>sua</strong></span> <span class='ocrx_word' id='word_1_337' title='bbox 781 2568 881 2645; x_wconf 89' lang='lat' dir='ltr'><strong>dona,</strong></span> <span class='ocrx_word' id='word_1_338' title='bbox 913 2567 1061 2652; x_wconf 86' lang='lat' dir='ltr'><strong>regulam</strong></span> <span class='ocrx_word' id='word_1_339' title='bbox 1090 2566 1167 2631; x_wconf 87' lang='lat' dir='ltr'><strong>alibi</strong></span> <span class='ocrx_word' id='word_1_340' title='bbox 1189 2585 1282 2648; x_wconf 88' lang='lat' dir='ltr'><strong>prae·</strong></span> <span class='ocrx_word' id='word_1_341' title='bbox 1335 2575 1447 2632; x_wconf 89' lang='lat' dir='ltr'><strong>tamen</strong></span> <span class='ocrx_word' id='word_1_342' title='bbox 1464 2577 1515 2632; x_wconf 90' lang='lat' dir='ltr'><strong>est</strong></span> <span class='ocrx_word' id='word_1_343' title='bbox 1536 2567 1727 2650; x_wconf 86' lang='lat' dir='ltr'><strong>ingnaviam</strong></span> <span class='ocrx_word' id='word_1_344' title='bbox 1750 2566 1950 2649; x_wconf 85' lang='lat' dir='ltr'><strong>exprobrari,</strong></span> <span class='ocrx_word' id='word_1_345' title='bbox 1973 2567 2059 2650; x_wconf 92' lang='lat' dir='ltr'><strong>quod</strong></span> <span class='ocrx_word' id='word_1_346' title='bbox 2077 2587 2133 2634; x_wconf 89' lang='lat' dir='ltr'><strong>eos</strong></span> <span class='ocrx_word' id='word_1_347' title='bbox 2154 2569 2315 2652; x_wconf 87' lang='lat' dir='ltr'><strong>impediet</strong></span> 
     </span>
     <span class='ocr_line' id='line_1_26' title="bbox 310 2651 2316 2738; baseline -0 -13"><span class='ocrx_word' id='word_1_348' title='bbox 310 2657 427 2725; x_wconf 84' lang='lat' dir='ltr'><strong>scribit</strong></span> <span class='ocrx_word' id='word_1_349' title='bbox 457 2675 541 2737; x_wconf 91' lang='lat' dir='ltr'><strong>pure</strong></span> <span class='ocrx_word' id='word_1_350' title='bbox 574 2663 607 2719; x_wconf 90' lang='lat' dir='ltr'><strong>et</strong></span> <span class='ocrx_word' id='word_1_351' title='bbox 639 2653 810 2738; x_wconf 81' lang='lat' dir='ltr'><strong>frugaliter</strong></span> <span class='ocrx_word' id='word_1_352' title='bbox 842 2653 965 2720; x_wconf 84' lang='lat' dir='ltr'><strong>utendi.</strong></span> <span class='ocrx_word' id='word_1_353' title='bbox 1021 2651 1088 2719; x_wconf 84' lang='lat' dir='ltr'><strong>Sed</strong></span> <span class='ocrx_word' id='word_1_354' title='bbox 1120 2652 1182 2717; x_wconf 89' lang='lat' dir='ltr'><strong>hoo</strong></span> <span class='ocrx_word' id='word_1_355' title='bbox 1213 2651 1284 2716; x_wconf 87' lang='lat' dir='ltr'><strong>looo</strong></span> <span class='ocrx_word' id='word_1_356' title='bbox 1336 2653 1504 2731; x_wconf 88' lang='lat' dir='ltr'><strong>mollities,</strong></span> <span class='ocrx_word' id='word_1_357' title='bbox 1545 2674 1586 2718; x_wconf 91' lang='lat' dir='ltr'><strong>ue</strong></span> <span class='ocrx_word' id='word_1_358' title='bbox 1617 2654 1653 2718; x_wconf 90' lang='lat' dir='ltr'><strong>in</strong></span> <span class='ocrx_word' id='word_1_359' title='bbox 1689 2652 1840 2718; x_wconf 90' lang='lat' dir='ltr'><strong>libertate</strong></span> <span class='ocrx_word' id='word_1_360' title='bbox 1872 2651 1935 2719; x_wconf 89' lang='lat' dir='ltr'><strong>sibi</strong></span> <span class='ocrx_word' id='word_1_361' title='bbox 1967 2651 2127 2720; x_wconf 84' lang='lat' dir='ltr'><strong>divinitus</strong></span> <span class='ocrx_word' id='word_1_362' title='bbox 2159 2674 2316 2724; x_wconf 87' lang='lat' dir='ltr'><strong>oonoessa</strong></span> 
     </span>
     <span class='ocr_line' id='line_1_27' title="bbox 312 2735 1503 2824; baseline -0.003 -16"><span class='ocrx_word' id='word_1_363' title='bbox 312 2741 411 2810; x_wconf 89' lang='lat' dir='ltr'><strong>Iaeob</strong></span> <span class='ocrx_word' id='word_1_364' title='bbox 433 2741 512 2824; x_wconf 91' lang='lat' dir='ltr'><strong>quid</strong></span> <span class='ocrx_word' id='word_1_365' title='bbox 535 2740 630 2805; x_wconf 87' lang='lat' dir='ltr'><strong>lioeut</strong></span> <span class='ocrx_word' id='word_1_366' title='bbox 647 2741 811 2817; x_wconf 89' lang='lat' dir='ltr'><strong>omittens,</strong></span> <span class='ocrx_word' id='word_1_367' title='bbox 834 2740 960 2822; x_wconf 88' lang='lat' dir='ltr'><strong>eopiam</strong></span> <span class='ocrx_word' id='word_1_368' title='bbox 977 2737 1121 2805; x_wconf 77' lang='lat' dir='ltr'><strong>celebrat</strong></span> <span class='ocrx_word' id='word_1_369' title='bbox 1139 2757 1223 2822; x_wconf 89' lang='lat' dir='ltr'><strong>quae</strong></span> <span class='ocrx_word' id='word_1_370' title='bbox 1242 2735 1283 2801; x_wconf 88' lang='lat' dir='ltr'><strong>ad</strong></span> <span class='ocrx_word' id='word_1_371' title='bbox 1336 2747 1503 2805; x_wconf 89' lang='lat' dir='ltr'><strong>maneant.</strong></span> 
     </span>
     <span class='ocr_line' id='line_1_28' title="bbox 310 2821 2314 2907; baseline -0.001 -13"><span class='ocrx_word' id='word_1_372' title='bbox 310 2828 476 2894; x_wconf 85' lang='lat' dir='ltr'><strong>luxuriam</strong></span> <span class='ocrx_word' id='word_1_373' title='bbox 495 2835 528 2890; x_wconf 91' lang='lat' dir='ltr'><strong>et</strong></span> <span class='ocrx_word' id='word_1_374' title='bbox 545 2846 697 2891; x_wconf 82' lang='lat' dir='ltr'><strong>exeussus</strong></span> <span class='ocrx_word' id='word_1_375' title='bbox 716 2825 850 2890; x_wconf 88' lang='lat' dir='ltr'><strong>vitiosos</strong></span> <span class='ocrx_word' id='word_1_376' title='bbox 865 2846 903 2891; x_wconf 88' lang='lat' dir='ltr'><strong>ae</strong></span> <span class='ocrx_word' id='word_1_377' title='bbox 919 2845 1091 2907; x_wconf 86' lang='lat' dir='ltr'><strong>perversos</strong></span> <span class='ocrx_word' id='word_1_378' title='bbox 1109 2825 1283 2901; x_wconf 78' lang='lat' dir='ltr'><strong>sufficeret,</strong></span> <span class='ocrx_word' id='word_1_379' title='bbox 1423 2825 1473 2890; x_wconf 90' lang='lat'><strong>16.</strong></span> <span class='ocrx_word' id='word_1_380' title='bbox 1500 2824 1575 2891; x_wconf 80' lang='lat' dir='ltr'><strong>Dan</strong></span> <span class='ocrx_word' id='word_1_381' title='bbox 1594 2824 1755 2890; x_wconf 80' lang='lat' dir='ltr'><strong>iudicabit.</strong></span> <span class='ocrx_word' id='word_1_382' title='bbox 1792 2821 1921 2889; x_wconf 89' lang='lat' dir='ltr'><strong>Allusio</strong></span> <span class='ocrx_word' id='word_1_383' title='bbox 1943 2831 1994 2890; x_wconf 89' lang='lat' dir='ltr'><strong>ast</strong></span> <span class='ocrx_word' id='word_1_384' title='bbox 2009 2824 2050 2889; x_wconf 86' lang='lat' dir='ltr'><strong>ad</strong></span> <span class='ocrx_word' id='word_1_385' title='bbox 2072 2844 2211 2891; x_wconf 87' lang='lat' dir='ltr'><strong>noman:</strong></span> <span class='ocrx_word' id='word_1_386' title='bbox 2235 2847 2314 2892; x_wconf 90' lang='lat' dir='ltr'><strong>nam</strong></span> 
     </span>
     <span class='ocr_line' id='line_1_29' title="bbox 310 2909 2316 2994; baseline -0.001 -14"><span class='ocrx_word' id='word_1_387' title='bbox 310 2915 375 2980; x_wconf 93' lang='lat' dir='ltr'><strong>nisi</strong></span> <span class='ocrx_word' id='word_1_388' title='bbox 397 2913 485 2978; x_wconf 90' lang='lat' dir='ltr'><strong>ultro</strong></span> <span class='ocrx_word' id='word_1_389' title='bbox 507 2911 570 2977; x_wconf 90' lang='lat' dir='ltr'><strong>sibi</strong></span> <span class='ocrx_word' id='word_1_390' title='bbox 592 2921 776 2994; x_wconf 90' lang='lat' dir='ltr'><strong>temperent</strong></span> <span class='ocrx_word' id='word_1_391' title='bbox 795 2910 855 2977; x_wconf 89' lang='lat' dir='ltr'><strong>filii</strong></span> <span class='ocrx_word' id='word_1_392' title='bbox 875 2911 967 2976; x_wconf 90' lang='lat' dir='ltr'><strong>Iuda.</strong></span> <span class='ocrx_word' id='word_1_393' title='bbox 1003 2910 1178 2994; x_wconf 70' lang='lat' dir='ltr'><strong>allegoriis</strong></span> <span class='ocrx_word' id='word_1_394' title='bbox 1200 2929 1284 2992; x_wconf 87' lang='lat' dir='ltr'><strong>quae</strong></span> <span class='ocrx_word' id='word_1_395' title='bbox 1336 2931 1436 2993; x_wconf 88' lang='lat' dir='ltr'><strong>quum</strong></span> <span class='ocrx_word' id='word_1_396' title='bbox 1458 2910 1618 2976; x_wconf 88' lang='lat' dir='ltr'><strong>Hebraeis</strong></span> <span class='ocrx_word' id='word_1_397' title='bbox 1653 2923 1685 2978; x_wconf 74' lang='lat' dir='ltr'><strong>u</strong></span> <span class='ocrx_word' id='word_1_398' title='bbox 1709 2909 1852 2976; x_wconf 87' lang='lat' dir='ltr'><strong>iudiears</strong></span> <span class='ocrx_word' id='word_1_399' title='bbox 1878 2911 2053 2993; x_wconf 84' lang='lat' dir='ltr'><strong>signifieat:</strong></span> <span class='ocrx_word' id='word_1_400' title='bbox 2083 2910 2210 2978; x_wconf 87' lang='lat' dir='ltr'><strong>Raobsl</strong></span> <span class='ocrx_word' id='word_1_401' title='bbox 2240 2913 2316 2980; x_wconf 90' lang='lat' dir='ltr'><strong>Deo</strong></span> 
     </span>
     <span class='ocr_line' id='line_1_30' title="bbox 312 2993 2316 3081; baseline 0 -17"><span class='ocrx_word' id='word_1_402' title='bbox 312 2998 480 3064; x_wconf 89' lang='lat' dir='ltr'><strong>nonnullis</strong></span> <span class='ocrx_word' id='word_1_403' title='bbox 502 2997 611 3062; x_wconf 84' lang='lat' dir='ltr'><strong>forent</strong></span> <span class='ocrx_word' id='word_1_404' title='bbox 628 2998 732 3081; x_wconf 88' lang='lat' dir='ltr'><strong>magis</strong></span> <span class='ocrx_word' id='word_1_405' title='bbox 750 2996 937 3080; x_wconf 91' lang='lat' dir='ltr'><strong>plausibiles</strong></span> <span class='ocrx_word' id='word_1_406' title='bbox 948 2994 1021 3061; x_wconf 89' lang='lat' dir='ltr'><strong>ideo</strong></span> <span class='ocrx_word' id='word_1_407' title='bbox 1032 2996 1188 3073; x_wconf 90' lang='lat' dir='ltr'><strong>abstineo,</strong></span> <span class='ocrx_word' id='word_1_408' title='bbox 1208 2993 1285 3077; x_wconf 88' lang='lat' dir='ltr'><strong>qnia</strong></span> <span class='ocrx_word' id='word_1_409' title='bbox 1337 2995 1459 3080; x_wconf 84' lang='lat' dir='ltr'><strong>gratias</strong></span> <span class='ocrx_word' id='word_1_410' title='bbox 1481 3015 1592 3080; x_wconf 86' lang='lat' dir='ltr'><strong>agens,</strong></span> <span class='ocrx_word' id='word_1_411' title='bbox 1613 2996 1681 3060; x_wconf 89' lang='lat' dir='ltr'><strong>fiio</strong></span> <span class='ocrx_word' id='word_1_412' title='bbox 1701 2995 1763 3061; x_wconf 91' lang='lat' dir='ltr'><strong>sibi</strong></span> <span class='ocrx_word' id='word_1_413' title='bbox 1787 3017 1829 3061; x_wconf 92' lang='lat' dir='ltr'><strong>ex</strong></span> <span class='ocrx_word' id='word_1_414' title='bbox 1852 2996 1971 3062; x_wconf 88' lang='lat' dir='ltr'><strong>aneilla</strong></span> <span class='ocrx_word' id='word_1_415' title='bbox 1992 3004 2069 3063; x_wconf 88' lang='lat' dir='ltr'><strong>nato</strong></span> <span class='ocrx_word' id='word_1_416' title='bbox 2090 2997 2168 3064; x_wconf 89' lang='lat' dir='ltr'><strong>inde</strong></span> <span class='ocrx_word' id='word_1_417' title='bbox 2190 3019 2316 3064; x_wconf 90' lang='lat' dir='ltr'><strong>nomen</strong></span> 
     </span>
     <span class='ocr_line' id='line_1_31' title="bbox 311 3079 2316 3169; baseline 0 -19"><span class='ocrx_word' id='word_1_418' title='bbox 311 3086 347 3150; x_wconf 94' lang='lat' dir='ltr'><strong>in</strong></span> <span class='ocrx_word' id='word_1_419' title='bbox 376 3085 478 3149; x_wconf 88' lang='lat' dir='ltr'><strong>tantis</strong></span> <span class='ocrx_word' id='word_1_420' title='bbox 507 3083 570 3148; x_wconf 92' lang='lat' dir='ltr'><strong>Dei</strong></span> <span class='ocrx_word' id='word_1_421' title='bbox 599 3083 762 3162; x_wconf 84' lang='lat' dir='ltr'><strong>mysteriis</strong></span> <span class='ocrx_word' id='word_1_422' title='bbox 794 3082 907 3148; x_wconf 91' lang='lat' dir='ltr'><strong>ludere</strong></span> <span class='ocrx_word' id='word_1_423' title='bbox 940 3103 1007 3148; x_wconf 91' lang='lat' dir='ltr'><strong>non</strong></span> <span class='ocrx_word' id='word_1_424' title='bbox 1036 3082 1155 3166; x_wconf 81' lang='lat' dir='ltr'><strong>planet,</strong></span> <span class='ocrx_word' id='word_1_425' title='bbox 1189 3080 1284 3146; x_wconf 89' lang='lat' dir='ltr'><strong>sieuti</strong></span> <span class='ocrx_word' id='word_1_426' title='bbox 1336 3083 1546 3165; x_wconf 83' lang='lat' dir='ltr'><strong>imposuerat,</strong></span> <span class='ocrx_word' id='word_1_427' title='bbox 1563 3082 1655 3164; x_wconf 88' lang='lat' dir='ltr'><strong>quasi</strong></span> <span class='ocrx_word' id='word_1_428' title='bbox 1667 3079 1776 3146; x_wconf 89' lang='lat' dir='ltr'><strong>Deum</strong></span> <span class='ocrx_word' id='word_1_429' title='bbox 1794 3080 1929 3147; x_wconf 87' lang='lat' dir='ltr'><strong>haberet</strong></span> <span class='ocrx_word' id='word_1_430' title='bbox 1943 3102 2060 3148; x_wconf 82' lang='lat' dir='ltr'><strong>eaesae</strong></span> <span class='ocrx_word' id='word_1_431' title='bbox 2077 3103 2156 3149; x_wconf 88' lang='lat' dir='ltr'><strong>suae</strong></span> <span class='ocrx_word' id='word_1_432' title='bbox 2167 3085 2316 3169; x_wconf 88' lang='lat' dir='ltr'><strong>iurisque</strong></span> 
     </span>
     <span class='ocr_line' id='line_1_32' title="bbox 312 3167 2317 3252; baseline 0 -16"><span class='ocrx_word' id='word_1_433' title='bbox 312 3172 407 3236; x_wconf 89' lang='lat' dir='ltr'><strong>initio</strong></span> <span class='ocrx_word' id='word_1_434' title='bbox 435 3169 551 3252; x_wconf 89' lang='lat' dir='ltr'><strong>eapitis</strong></span> <span class='ocrx_word' id='word_1_435' title='bbox 578 3168 742 3252; x_wconf 83' lang='lat' dir='ltr'><strong>praefatus</strong></span> <span class='ocrx_word' id='word_1_436' title='bbox 769 3189 851 3235; x_wconf 90' lang='lat' dir='ltr'><strong>sum.</strong></span> <span class='ocrx_word' id='word_1_437' title='bbox 903 3169 989 3234; x_wconf 92' lang='lat' dir='ltr'><strong>Vilis</strong></span> <span class='ocrx_word' id='word_1_438' title='bbox 1018 3179 1052 3234; x_wconf 90' lang='lat' dir='ltr'><strong>at</strong></span> <span class='ocrx_word' id='word_1_439' title='bbox 1078 3168 1204 3234; x_wconf 90' lang='lat' dir='ltr'><strong>abieota</strong></span> <span class='ocrx_word' id='word_1_440' title='bbox 1232 3187 1285 3232; x_wconf 88' lang='lat' dir='ltr'><strong>res</strong></span> <span class='ocrx_word' id='word_1_441' title='bbox 1337 3168 1509 3234; x_wconf 80' lang='lat' dir='ltr'><strong>vindicem.</strong></span> <span class='ocrx_word' id='word_1_442' title='bbox 1559 3167 1657 3234; x_wconf 88' lang='lat' dir='ltr'><strong>Nune</strong></span> <span class='ocrx_word' id='word_1_443' title='bbox 1690 3168 1851 3232; x_wconf 88' lang='lat' dir='ltr'><strong>rationem</strong></span> <span class='ocrx_word' id='word_1_444' title='bbox 1884 3169 2028 3235; x_wconf 87' lang='lat' dir='ltr'><strong>nominis</strong></span> <span class='ocrx_word' id='word_1_445' title='bbox 2056 3168 2120 3235; x_wconf 91' lang='lat' dir='ltr'><strong>alio</strong></span> <span class='ocrx_word' id='word_1_446' title='bbox 2149 3173 2317 3237; x_wconf 81' lang='lat' dir='ltr'><strong>eonvertit</strong></span> 
     </span>
     <span class='ocr_line' id='line_1_33' title="bbox 313 3251 2316 3342; baseline -0 -19"><span class='ocrx_word' id='word_1_447' title='bbox 313 3256 389 3323; x_wconf 88' lang='lat' dir='ltr'><strong>altis</strong></span> <span class='ocrx_word' id='word_1_448' title='bbox 410 3255 476 3319; x_wconf 90' lang='lat' dir='ltr'><strong>illis</strong></span> <span class='ocrx_word' id='word_1_449' title='bbox 498 3253 752 3339; x_wconf 87' lang='lat' dir='ltr'><strong>speoulateribus</strong></span> <span class='ocrx_word' id='word_1_450' title='bbox 773 3255 846 3320; x_wconf 84' lang='lat' dir='ltr'><strong>visa</strong></span> <span class='ocrx_word' id='word_1_451' title='bbox 867 3261 934 3334; x_wconf 87' lang='lat' dir='ltr'><strong>est,</strong></span> <span class='ocrx_word' id='word_1_452' title='bbox 968 3261 1074 3320; x_wconf 86' lang='lat' dir='ltr'><strong>terrae</strong></span> <span class='ocrx_word' id='word_1_453' title='bbox 1097 3253 1228 3336; x_wconf 89' lang='lat' dir='ltr'><strong>partitio</strong></span> <span class='ocrx_word' id='word_1_454' title='bbox 1250 3252 1285 3316; x_wconf 93' lang='lat' dir='ltr'><strong>in</strong></span> <span class='ocrx_word' id='word_1_455' title='bbox 1337 3252 1451 3333; x_wconf 88' lang='lat' dir='ltr'><strong>Iaeob,</strong></span> <span class='ocrx_word' id='word_1_456' title='bbox 1473 3253 1559 3336; x_wconf 91' lang='lat' dir='ltr'><strong>quod</strong></span> <span class='ocrx_word' id='word_1_457' title='bbox 1582 3253 1643 3318; x_wconf 88' lang='lat' dir='ltr'><strong>lilii</strong></span> <span class='ocrx_word' id='word_1_458' title='bbox 1663 3251 1742 3318; x_wconf 91' lang='lat' dir='ltr'><strong>Dan</strong></span> <span class='ocrx_word' id='word_1_459' title='bbox 1764 3273 1829 3318; x_wconf 90' lang='lat' dir='ltr'><strong>non</strong></span> <span class='ocrx_word' id='word_1_460' title='bbox 1847 3254 2020 3338; x_wconf 83' lang='lat' dir='ltr'><strong>vulgarem</strong></span> <span class='ocrx_word' id='word_1_461' title='bbox 2043 3263 2171 3338; x_wconf 86' lang='lat' dir='ltr'><strong>partem</strong></span> <span class='ocrx_word' id='word_1_462' title='bbox 2192 3258 2316 3342; x_wconf 89' lang='lat' dir='ltr'><strong>guber-</strong></span> 
     </span>
     <span class='ocr_line' id='line_1_34' title="bbox 313 3338 2316 3426; baseline 0 -19"><span class='ocrx_word' id='word_1_463' title='bbox 313 3338 527 3426; x_wconf 88' lang='lat' dir='ltr'><strong>quaseDeus</strong></span> <span class='ocrx_word' id='word_1_464' title='bbox 545 3340 699 3420; x_wconf 87' lang='lat' dir='ltr'><strong>exseruit,</strong></span> <span class='ocrx_word' id='word_1_465' title='bbox 722 3341 857 3406; x_wconf 88' lang='lat' dir='ltr'><strong>utMosi</strong></span> <span class='ocrx_word' id='word_1_466' title='bbox 878 3360 975 3406; x_wconf 84' lang='lat' dir='ltr'><strong>servo</strong></span> <span class='ocrx_word' id='word_1_467' title='bbox 996 3361 1056 3406; x_wconf 89' lang='lat' dir='ltr'><strong>sno</strong></span> <span class='ocrx_word' id='word_1_468' title='bbox 1077 3340 1176 3405; x_wconf 88' lang='lat' dir='ltr'><strong>fidem</strong></span> <span class='ocrx_word' id='word_1_469' title='bbox 1198 3358 1285 3404; x_wconf 90' lang='lat' dir='ltr'><strong>asse-</strong></span> <span class='ocrx_word' id='word_1_470' title='bbox 1338 3340 1479 3406; x_wconf 88' lang='lat' dir='ltr'><strong>natieuis</strong></span> <span class='ocrx_word' id='word_1_471' title='bbox 1510 3339 1676 3405; x_wconf 88' lang='lat' dir='ltr'><strong>habebunt</strong></span> <span class='ocrx_word' id='word_1_472' title='bbox 1702 3339 1737 3404; x_wconf 91' lang='lat' dir='ltr'><strong>in</strong></span> <span class='ocrx_word' id='word_1_473' title='bbox 1766 3338 1893 3422; x_wconf 88' lang='lat' dir='ltr'><strong>populo.</strong></span> <span class='ocrx_word' id='word_1_474' title='bbox 1938 3339 2024 3405; x_wconf 91' lang='lat' dir='ltr'><strong>Nam</strong></span> <span class='ocrx_word' id='word_1_475' title='bbox 2053 3341 2171 3407; x_wconf 86' lang='lat' dir='ltr'><strong>inseite</strong></span> <span class='ocrx_word' id='word_1_476' title='bbox 2198 3342 2316 3408; x_wconf 91' lang='lat' dir='ltr'><strong>Iudaei</strong></span> 
     </span>
     <span class='ocr_line' id='line_1_35' title="bbox 312 3424 2316 3512; baseline 0 -18"><span class='ocrx_word' id='word_1_477' title='bbox 312 3436 413 3494; x_wconf 87' lang='lat' dir='ltr'><strong>reret:</strong></span> <span class='ocrx_word' id='word_1_478' title='bbox 436 3427 527 3510; x_wconf 90' lang='lat' dir='ltr'><strong>atqui</strong></span> <span class='ocrx_word' id='word_1_479' title='bbox 545 3426 610 3491; x_wconf 91' lang='lat' dir='ltr'><strong>uisi</strong></span> <span class='ocrx_word' id='word_1_480' title='bbox 627 3425 668 3490; x_wconf 89' lang='lat' dir='ltr'><strong>ad</strong></span> <span class='ocrx_word' id='word_1_481' title='bbox 690 3425 822 3491; x_wconf 90' lang='lat' dir='ltr'><strong>brutum</strong></span> <span class='ocrx_word' id='word_1_482' title='bbox 845 3433 1011 3509; x_wconf 90' lang='lat' dir='ltr'><strong>stuporem</strong></span> <span class='ocrx_word' id='word_1_483' title='bbox 1032 3426 1154 3512; x_wconf 84' lang='lat' dir='ltr'><strong>ingrati</strong></span> <span class='ocrx_word' id='word_1_484' title='bbox 1173 3426 1286 3502; x_wconf 87' lang='lat' dir='ltr'><strong>simus,</strong></span> <span class='ocrx_word' id='word_1_485' title='bbox 1338 3425 1379 3490; x_wconf 92' lang='lat' dir='ltr'><strong>ad</strong></span> <span class='ocrx_word' id='word_1_486' title='bbox 1406 3425 1597 3492; x_wconf 83' lang='lat' dir='ltr'><strong>Samsonem</strong></span> <span class='ocrx_word' id='word_1_487' title='bbox 1626 3424 1852 3510; x_wconf 85' lang='lat' dir='ltr'><strong>restringunt,</strong></span> <span class='ocrx_word' id='word_1_488' title='bbox 1885 3427 1961 3508; x_wconf 92' lang='lat' dir='ltr'><strong>quia</strong></span> <span class='ocrx_word' id='word_1_489' title='bbox 1988 3447 2074 3492; x_wconf 89' lang='lat' dir='ltr'><strong>unus</strong></span> <span class='ocrx_word' id='word_1_490' title='bbox 2102 3428 2165 3492; x_wconf 91' lang='lat' dir='ltr'><strong>toti</strong></span> <span class='ocrx_word' id='word_1_491' title='bbox 2193 3429 2316 3512; x_wconf 92' lang='lat' dir='ltr'><strong>populo</strong></span> 
     </span>
     <span class='ocr_line' id='line_1_36' title="bbox 313 3509 2315 3596; baseline 0.001 -18"><span class='ocrx_word' id='word_1_492' title='bbox 313 3522 400 3578; x_wconf 86' lang='lat' dir='ltr'><strong>totos</strong></span> <span class='ocrx_word' id='word_1_493' title='bbox 422 3511 457 3576; x_wconf 94' lang='lat' dir='ltr'><strong>in</strong></span> <span class='ocrx_word' id='word_1_494' title='bbox 484 3510 734 3577; x_wconf 90' lang='lat' dir='ltr'><strong>admirationem</strong></span> <span class='ocrx_word' id='word_1_495' title='bbox 760 3512 831 3594; x_wconf 86' lang='lat' dir='ltr'><strong>rapi</strong></span> <span class='ocrx_word' id='word_1_496' title='bbox 861 3511 968 3578; x_wconf 80' lang='lat' dir='ltr'><strong>decet:</strong></span> <span class='ocrx_word' id='word_1_497' title='bbox 991 3512 1077 3594; x_wconf 91' lang='lat' dir='ltr'><strong>quod</strong></span> <span class='ocrx_word' id='word_1_498' title='bbox 1100 3513 1209 3577; x_wconf 86' lang='lat' dir='ltr'><strong>Moses</strong></span> <span class='ocrx_word' id='word_1_499' title='bbox 1231 3509 1287 3594; x_wconf 93' lang='lat' dir='ltr'><strong>qui</strong></span> <span class='ocrx_word' id='word_1_500' title='bbox 1337 3511 1529 3594; x_wconf 81' lang='lat' dir='ltr'><strong>praefuerit,</strong></span> <span class='ocrx_word' id='word_1_501' title='bbox 1558 3532 1661 3594; x_wconf 90' lang='lat' dir='ltr'><strong>quum</strong></span> <span class='ocrx_word' id='word_1_502' title='bbox 1680 3510 1721 3576; x_wconf 91' lang='lat' dir='ltr'><strong>de</strong></span> <span class='ocrx_word' id='word_1_503' title='bbox 1751 3519 1908 3593; x_wconf 87' lang='lat' dir='ltr'><strong>perpetuo</strong></span> <span class='ocrx_word' id='word_1_504' title='bbox 1934 3513 2039 3596; x_wconf 87' lang='lat' dir='ltr'><strong>magis</strong></span> <span class='ocrx_word' id='word_1_505' title='bbox 2060 3512 2203 3578; x_wconf 81' lang='lat' dir='ltr'><strong>familiae</strong></span> <span class='ocrx_word' id='word_1_506' title='bbox 2223 3525 2315 3580; x_wconf 87' lang='lat' dir='ltr'><strong>statu</strong></span> 
     </span>
     <span class='ocr_line' id='line_1_37' title="bbox 314 3595 2314 3683; baseline 0.001 -18"><span class='ocrx_word' id='word_1_507' title='bbox 314 3600 486 3683; x_wconf 85' lang='lat' dir='ltr'><strong>regionem</strong></span> <span class='ocrx_word' id='word_1_508' title='bbox 509 3596 666 3664; x_wconf 83' lang='lat' dir='ltr'><strong>Obanaan</strong></span> <span class='ocrx_word' id='word_1_509' title='bbox 696 3617 867 3680; x_wconf 90' lang='lat' dir='ltr'><strong>nunquam</strong></span> <span class='ocrx_word' id='word_1_510' title='bbox 898 3597 1041 3677; x_wconf 85' lang='lat' dir='ltr'><strong>viderat,</strong></span> <span class='ocrx_word' id='word_1_511' title='bbox 1075 3597 1115 3663; x_wconf 90' lang='lat' dir='ltr'><strong>de</strong></span> <span class='ocrx_word' id='word_1_512' title='bbox 1147 3596 1286 3679; x_wconf 87' lang='lat' dir='ltr'><strong>singulis</strong></span> <span class='ocrx_word' id='word_1_513' title='bbox 1337 3596 1497 3662; x_wconf 91' lang='lat' dir='ltr'><strong>habeatur</strong></span> <span class='ocrx_word' id='word_1_514' title='bbox 1518 3616 1634 3662; x_wconf 88' lang='lat' dir='ltr'><strong>sermo.</strong></span> <span class='ocrx_word' id='word_1_515' title='bbox 1670 3595 1832 3680; x_wconf 89' lang='lat' dir='ltr'><strong>Intelligit</strong></span> <span class='ocrx_word' id='word_1_516' title='bbox 1853 3617 1930 3680; x_wconf 90' lang='lat' dir='ltr'><strong>ergo</strong></span> <span class='ocrx_word' id='word_1_517' title='bbox 1948 3596 2055 3676; x_wconf 88' lang='lat' dir='ltr'><strong>Iaoob,</strong></span> <span class='ocrx_word' id='word_1_518' title='bbox 2078 3598 2154 3666; x_wconf 88' lang='lat' dir='ltr'><strong>lieet</strong></span> <span class='ocrx_word' id='word_1_519' title='bbox 2174 3599 2251 3665; x_wconf 88' lang='lat' dir='ltr'><strong>Dan</strong></span> <span class='ocrx_word' id='word_1_520' title='bbox 2271 3623 2314 3666; x_wconf 89' lang='lat' dir='ltr'><strong>ex</strong></span> 
     </span>
     <span class='ocr_line' id='line_1_38' title="bbox 315 3682 2315 3768; baseline 0.001 -18"><span class='ocrx_word' id='word_1_521' title='bbox 315 3685 386 3750; x_wconf 90' lang='lat' dir='ltr'><strong>eius</strong></span> <span class='ocrx_word' id='word_1_522' title='bbox 408 3685 555 3768; x_wconf 88' lang='lat' dir='ltr'><strong>partibus</strong></span> <span class='ocrx_word' id='word_1_523' title='bbox 578 3682 712 3766; x_wconf 88' lang='lat' dir='ltr'><strong>perinde</strong></span> <span class='ocrx_word' id='word_1_524' title='bbox 734 3682 866 3750; x_wconf 88' lang='lat' dir='ltr'><strong>disserit</strong></span> <span class='ocrx_word' id='word_1_525' title='bbox 889 3705 926 3750; x_wconf 91' lang='lat' dir='ltr'><strong>ao</strong></span> <span class='ocrx_word' id='word_1_526' title='bbox 948 3683 978 3750; x_wconf 90' lang='lat' dir='ltr'><strong>si</strong></span> <span class='ocrx_word' id='word_1_527' title='bbox 1000 3682 1041 3749; x_wconf 89' lang='lat' dir='ltr'><strong>de</strong></span> <span class='ocrx_word' id='word_1_528' title='bbox 1062 3684 1172 3768; x_wconf 88' lang='lat' dir='ltr'><strong>pauais</strong></span> <span class='ocrx_word' id='word_1_529' title='bbox 1194 3685 1286 3766; x_wconf 88' lang='lat' dir='ltr'><strong>iuge·</strong></span> <span class='ocrx_word' id='word_1_530' title='bbox 1337 3683 1518 3749; x_wconf 87' lang='lat' dir='ltr'><strong>oonoubina</strong></span> <span class='ocrx_word' id='word_1_531' title='bbox 1539 3684 1583 3748; x_wconf 91' lang='lat' dir='ltr'><strong>sit</strong></span> <span class='ocrx_word' id='word_1_532' title='bbox 1604 3690 1711 3760; x_wconf 90' lang='lat' dir='ltr'><strong>natus,</strong></span> <span class='ocrx_word' id='word_1_533' title='bbox 1734 3702 1836 3747; x_wconf 89' lang='lat' dir='ltr'><strong>uuum</strong></span> <span class='ocrx_word' id='word_1_534' title='bbox 1859 3693 1970 3748; x_wconf 87' lang='lat' dir='ltr'><strong>tamen</strong></span> <span class='ocrx_word' id='word_1_535' title='bbox 1992 3683 2063 3750; x_wconf 87' lang='lat' dir='ltr'><strong>fore</strong></span> <span class='ocrx_word' id='word_1_536' title='bbox 2085 3704 2129 3748; x_wconf 89' lang='lat' dir='ltr'><strong>ex</strong></span> <span class='ocrx_word' id='word_1_537' title='bbox 2151 3685 2315 3752; x_wconf 78' lang='lat' dir='ltr'><strong>iuditibus</strong></span> 
     </span>
     <span class='ocr_line' id='line_1_39' title="bbox 315 3766 2314 3870; baseline 0.002 -36"><span class='ocrx_word' id='word_1_538' title='bbox 315 3770 404 3835; x_wconf 91' lang='lat' dir='ltr'><strong>ribus</strong></span> <span class='ocrx_word' id='word_1_539' title='bbox 426 3789 527 3834; x_wconf 90' lang='lat' dir='ltr'><strong>mann</strong></span> <span class='ocrx_word' id='word_1_540' title='bbox 550 3789 610 3834; x_wconf 87' lang='lat' dir='ltr'><strong>sua</strong></span> <span class='ocrx_word' id='word_1_541' title='bbox 629 3766 769 3835; x_wconf 81' lang='lat' dir='ltr'><strong>excultis</strong></span> <span class='ocrx_word' id='word_1_542' title='bbox 791 3771 892 3836; x_wconf 85' lang='lat' dir='ltr'><strong>rerba</strong></span> <span class='ocrx_word' id='word_1_543' title='bbox 919 3770 1047 3836; x_wconf 86' lang='lat' dir='ltr'><strong>faeeret.</strong></span> <span class='ocrx_word' id='word_1_544' title='bbox 1092 3769 1164 3834; x_wconf 89' lang='lat' dir='ltr'><strong>Iam</strong></span> <span class='ocrx_word' id='word_1_545' title='bbox 1187 3777 1223 3833; x_wconf 94' lang='lat' dir='ltr'><strong>ut</strong></span> <span class='ocrx_word' id='word_1_546' title='bbox 1245 3766 1286 3832; x_wconf 89' lang='lat' dir='ltr'><strong>de</strong></span> <span class='ocrx_word' id='word_1_547' title='bbox 1337 3768 1459 3834; x_wconf 88' lang='lat' dir='ltr'><strong>Israel:</strong></span> <span class='ocrx_word' id='word_1_548' title='bbox 1483 3770 1648 3851; x_wconf 92' lang='lat' dir='ltr'><strong>quianon</strong></span> <span class='ocrx_word' id='word_1_549' title='bbox 1666 3767 1762 3832; x_wconf 92' lang='lat' dir='ltr'><strong>modo</strong></span> <span class='ocrx_word' id='word_1_550' title='bbox 1784 3787 1884 3850; x_wconf 90' lang='lat' dir='ltr'><strong>penes</strong></span> <span class='ocrx_word' id='word_1_551' title='bbox 1905 3769 1976 3870; x_wconf 70' lang='lat' dir='ltr'><strong>pius</strong></span> <span class='ocrx_word' id='word_1_552' title='bbox 1997 3769 2142 3836; x_wconf 89' lang='lat' dir='ltr'><strong>sobolem</strong></span> <span class='ocrx_word' id='word_1_553' title='bbox 2164 3773 2200 3837; x_wconf 94' lang='lat' dir='ltr'><strong>in</strong></span> <span class='ocrx_word' id='word_1_554' title='bbox 2221 3792 2314 3838; x_wconf 90' lang='lat' dir='ltr'><strong>oom-</strong></span> 
     </span>
     <span class='ocr_line' id='line_1_40' title="bbox 314 3853 2314 3939; baseline 0.001 -17"><span class='ocrx_word' id='word_1_555' title='bbox 314 3855 435 3922; x_wconf 80' lang='lat' dir='ltr'><strong>vitibus</strong></span> <span class='ocrx_word' id='word_1_556' title='bbox 467 3856 553 3919; x_wconf 88' lang='lat' dir='ltr'><strong>fama</strong></span> <span class='ocrx_word' id='word_1_557' title='bbox 585 3854 626 3919; x_wconf 89' lang='lat' dir='ltr'><strong>ad</strong></span> <span class='ocrx_word' id='word_1_558' title='bbox 659 3875 734 3920; x_wconf 92' lang='lat' dir='ltr'><strong>eum</strong></span> <span class='ocrx_word' id='word_1_559' title='bbox 770 3856 897 3939; x_wconf 87' lang='lat' dir='ltr'><strong>perlata</strong></span> <span class='ocrx_word' id='word_1_560' title='bbox 928 3863 1030 3921; x_wconf 90' lang='lat' dir='ltr'><strong>esset:</strong></span> <span class='ocrx_word' id='word_1_561' title='bbox 1070 3854 1186 3920; x_wconf 92' lang='lat' dir='ltr'><strong>ludam</strong></span> <span class='ocrx_word' id='word_1_562' title='bbox 1219 3875 1286 3919; x_wconf 91' lang='lat' dir='ltr'><strong>non</strong></span> <span class='ocrx_word' id='word_1_563' title='bbox 1337 3854 1431 3920; x_wconf 91' lang='lat' dir='ltr'><strong>muni</strong></span> <span class='ocrx_word' id='word_1_564' title='bbox 1453 3855 1567 3938; x_wconf 91' lang='lat' dir='ltr'><strong>politia</strong></span> <span class='ocrx_word' id='word_1_565' title='bbox 1587 3873 1663 3937; x_wconf 87' lang='lat' dir='ltr'><strong>pars</strong></span> <span class='ocrx_word' id='word_1_566' title='bbox 1692 3853 1946 3937; x_wconf 77' lang='lat' dir='ltr'><strong>gubernationis</strong></span> <span class='ocrx_word' id='word_1_567' title='bbox 1960 3862 1995 3920; x_wconf 90' lang='lat' dir='ltr'><strong>st</strong></span> <span class='ocrx_word' id='word_1_568' title='bbox 2015 3856 2145 3938; x_wconf 88' lang='lat' dir='ltr'><strong>imperii</strong></span> <span class='ocrx_word' id='word_1_569' title='bbox 2166 3858 2246 3937; x_wconf 88' lang='lat' dir='ltr'><strong>erit,</strong></span> <span class='ocrx_word' id='word_1_570' title='bbox 2272 3867 2314 3924; x_wconf 91' lang='lat' dir='ltr'><strong>ut</strong></span> 
     </span>
     <span class='ocr_line' id='line_1_41' title="bbox 313 3938 2314 4027; baseline 0.002 -21"><span class='ocrx_word' id='word_1_571' title='bbox 313 3940 434 4024; x_wconf 91' lang='lat' dir='ltr'><strong>potuit,</strong></span> <span class='ocrx_word' id='word_1_572' title='bbox 462 3942 527 4006; x_wconf 90' lang='lat' dir='ltr'><strong>uisi</strong></span> <span class='ocrx_word' id='word_1_573' title='bbox 550 3939 631 4005; x_wconf 88' lang='lat' dir='ltr'><strong>duos</strong></span> <span class='ocrx_word' id='word_1_574' title='bbox 651 3941 786 4024; x_wconf 88' lang='lat' dir='ltr'><strong>spiritu,</strong></span> <span class='ocrx_word' id='word_1_575' title='bbox 814 3941 950 4024; x_wconf 88' lang='lat' dir='ltr'><strong>eopiosis</strong></span> <span class='ocrx_word' id='word_1_576' title='bbox 973 3940 1147 4006; x_wconf 85' lang='lat' dir='ltr'><strong>vindemiis</strong></span> <span class='ocrx_word' id='word_1_577' title='bbox 1169 3941 1286 4024; x_wconf 89' lang='lat' dir='ltr'><strong>praefi·</strong></span> <span class='ocrx_word' id='word_1_578' title='bbox 1335 3940 1444 4006; x_wconf 89' lang='lat' dir='ltr'><strong>tribus</strong></span> <span class='ocrx_word' id='word_1_579' title='bbox 1466 3941 1530 4006; x_wconf 90' lang='lat' dir='ltr'><strong>ista</strong></span> <span class='ocrx_word' id='word_1_580' title='bbox 1551 3949 1651 4023; x_wconf 89' lang='lat' dir='ltr'><strong>eaput</strong></span> <span class='ocrx_word' id='word_1_581' title='bbox 1672 3959 1777 4004; x_wconf 91' lang='lat' dir='ltr'><strong>unum</strong></span> <span class='ocrx_word' id='word_1_582' title='bbox 1799 3939 1933 4006; x_wconf 87' lang='lat' dir='ltr'><strong>sffioiat&#39;:</strong></span> <span class='ocrx_word' id='word_1_583' title='bbox 1967 3938 2024 4006; x_wconf 90' lang='lat' dir='ltr'><strong>sed</strong></span> <span class='ocrx_word' id='word_1_584' title='bbox 2046 3943 2168 4009; x_wconf 83' lang='lat' dir='ltr'><strong>vexillo</strong></span> <span class='ocrx_word' id='word_1_585' title='bbox 2189 3945 2314 4027; x_wconf 83' lang='lat' dir='ltr'><strong>praefi·</strong></span> 
     </span>
     <span class='ocr_line' id='line_1_42' title="bbox 314 4023 2314 4111; baseline 0.003 -19"><span class='ocrx_word' id='word_1_586' title='bbox 314 4047 400 4093; x_wconf 87' lang='lat' dir='ltr'><strong>uere:</strong></span> <span class='ocrx_word' id='word_1_587' title='bbox 432 4026 485 4092; x_wconf 87' lang='lat' dir='ltr'><strong>vel</strong></span> <span class='ocrx_word' id='word_1_588' title='bbox 511 4025 630 4109; x_wconf 88' lang='lat' dir='ltr'><strong>opimis</strong></span> <span class='ocrx_word' id='word_1_589' title='bbox 659 4027 803 4110; x_wconf 89' lang='lat' dir='ltr'><strong>pasouis,</strong></span> <span class='ocrx_word' id='word_1_590' title='bbox 830 4048 931 4111; x_wconf 89' lang='lat' dir='ltr'><strong>quum</strong></span> <span class='ocrx_word' id='word_1_591' title='bbox 960 4027 1075 4093; x_wconf 91' lang='lat' dir='ltr'><strong>dentes</strong></span> <span class='ocrx_word' id='word_1_592' title='bbox 1097 4027 1168 4092; x_wconf 89' lang='lat' dir='ltr'><strong>eius</strong></span> <span class='ocrx_word' id='word_1_593' title='bbox 1190 4026 1286 4091; x_wconf 87' lang='lat' dir='ltr'><strong>laetis</strong></span> <span class='ocrx_word' id='word_1_594' title='bbox 1336 4024 1441 4092; x_wconf 90' lang='lat' dir='ltr'><strong>oietur</strong></span> <span class='ocrx_word' id='word_1_595' title='bbox 1475 4026 1516 4090; x_wconf 89' lang='lat' dir='ltr'><strong>ad</strong></span> <span class='ocrx_word' id='word_1_596' title='bbox 1549 4023 1733 4092; x_wconf 80' lang='lat' dir='ltr'><strong>durandum</strong></span> <span class='ocrx_word' id='word_1_597' title='bbox 1766 4033 1921 4108; x_wconf 88' lang='lat' dir='ltr'><strong>quartum</strong></span> <span class='ocrx_word' id='word_1_598' title='bbox 1949 4025 2107 4094; x_wconf 90' lang='lat' dir='ltr'><strong>ordinem.</strong></span> <span class='ocrx_word' id='word_1_599' title='bbox 2158 4027 2314 4097; x_wconf 84' lang='lat' dir='ltr'><strong>Seoundo</strong></span> 
     </span>
     <span class='ocr_line' id='line_1_43' title="bbox 313 4109 2313 4200; baseline 0.002 -22"><span class='ocrx_word' id='word_1_600' title='bbox 313 4119 393 4196; x_wconf 92' lang='lat' dir='ltr'><strong>potu</strong></span> <span class='ocrx_word' id='word_1_601' title='bbox 415 4109 569 4178; x_wconf 87' lang='lat' dir='ltr'><strong>eandidos</strong></span> <span class='ocrx_word' id='word_1_602' title='bbox 590 4111 659 4177; x_wconf 89' lang='lat' dir='ltr'><strong>fore</strong></span> <span class='ocrx_word' id='word_1_603' title='bbox 681 4111 767 4178; x_wconf 89' lang='lat' dir='ltr'><strong>dieit.</strong></span> <span class='ocrx_word' id='word_1_604' title='bbox 1337 4113 1407 4179; x_wconf 91' lang='lat' dir='ltr'><strong>looo</strong></span> <span class='ocrx_word' id='word_1_605' title='bbox 1429 4121 1599 4178; x_wconf 80' lang='lat' dir='ltr'><strong>versutum</strong></span> <span class='ocrx_word' id='word_1_606' title='bbox 1616 4111 1685 4176; x_wconf 91' lang='lat' dir='ltr'><strong>eius</strong></span> <span class='ocrx_word' id='word_1_607' title='bbox 1707 4112 1875 4194; x_wconf 90' lang='lat' dir='ltr'><strong>ingenium</strong></span> <span class='ocrx_word' id='word_1_608' title='bbox 1893 4111 2097 4180; x_wconf 88' lang='lat' dir='ltr'><strong>deseribitur.</strong></span> <span class='ocrx_word' id='word_1_609' title='bbox 2132 4113 2313 4200; x_wconf 86' lang='lat' dir='ltr'><strong>Oomparat</strong></span> 
     </span>
     <span class='ocr_line' id='line_1_44' title="bbox 400 4196 2312 4284; baseline 0.003 -22"><span class='ocrx_word' id='word_1_610' title='bbox 400 4198 450 4262; x_wconf 87' lang='grc'><strong>13.</strong></span> <span class='ocrx_word' id='word_1_611' title='bbox 482 4197 616 4262; x_wconf 78' lang='lat' dir='ltr'><strong>Zebaloa</strong></span> <span class='ocrx_word' id='word_1_612' title='bbox 645 4199 680 4263; x_wconf 84' lang='lat' dir='ltr'><strong>in</strong></span> <span class='ocrx_word' id='word_1_613' title='bbox 707 4201 805 4279; x_wconf 74' lang='lat' dir='ltr'><strong>porta</strong></span> <span class='ocrx_word' id='word_1_614' title='bbox 831 4198 978 4264; x_wconf 76' lang='lat' dir='ltr'><strong>mariam,</strong></span> <span class='ocrx_word' id='word_1_615' title='bbox 1031 4197 1176 4264; x_wconf 69' lang='lat' dir='ltr'><strong>Tametsi</strong></span> <span class='ocrx_word' id='word_1_616' title='bbox 1205 4196 1286 4264; x_wconf 87' lang='lat' dir='ltr'><strong>haee</strong></span> <span class='ocrx_word' id='word_1_617' title='bbox 1337 4198 1424 4263; x_wconf 90' lang='lat' dir='ltr'><strong>enim</strong></span> <span class='ocrx_word' id='word_1_618' title='bbox 1442 4197 1539 4262; x_wconf 88' lang='lat' dir='ltr'><strong>Iaoob</strong></span> <span class='ocrx_word' id='word_1_619' title='bbox 1560 4196 1716 4280; x_wconf 90' lang='lat' dir='ltr'><strong>populum</strong></span> <span class='ocrx_word' id='word_1_620' title='bbox 1738 4197 1827 4262; x_wconf 89' lang='lat' dir='ltr'><strong>hune</strong></span> <span class='ocrx_word' id='word_1_621' title='bbox 1848 4198 2064 4283; x_wconf 88' lang='lat' dir='ltr'><strong>serpentibus,</strong></span> <span class='ocrx_word' id='word_1_622' title='bbox 2086 4202 2143 4284; x_wconf 91' lang='lat' dir='ltr'><strong>qui</strong></span> <span class='ocrx_word' id='word_1_623' title='bbox 2164 4223 2205 4267; x_wconf 88' lang='lat' dir='ltr'><strong>ex</strong></span> <span class='ocrx_word' id='word_1_624' title='bbox 2227 4202 2312 4268; x_wconf 84' lang='lat' dir='ltr'><strong>late-</strong></span> 
     </span>
     <span class='ocr_line' id='line_1_45' title="bbox 314 4282 2311 4368; baseline 0.004 -20"><span class='ocrx_word' id='word_1_625' title='bbox 314 4282 498 4350; x_wconf 85' lang='lat' dir='ltr'><strong>benedietio</strong></span> <span class='ocrx_word' id='word_1_626' title='bbox 520 4282 603 4347; x_wconf 92' lang='lat' dir='ltr'><strong>nihil</strong></span> <span class='ocrx_word' id='word_1_627' title='bbox 625 4303 736 4348; x_wconf 87' lang='lat' dir='ltr'><strong>rarum</strong></span> <span class='ocrx_word' id='word_1_628' title='bbox 755 4282 808 4349; x_wconf 88' lang='lat' dir='ltr'><strong>vel</strong></span> <span class='ocrx_word' id='word_1_629' title='bbox 831 4284 990 4348; x_wconf 88' lang='lat' dir='ltr'><strong>eximium</strong></span> <span class='ocrx_word' id='word_1_630' title='bbox 1012 4285 1166 4362; x_wconf 88' lang='lat' dir='ltr'><strong>eontinet,</strong></span> <span class='ocrx_word' id='word_1_631' title='bbox 1189 4285 1287 4350; x_wconf 90' lang='lat' dir='ltr'><strong>siouti</strong></span> <span class='ocrx_word' id='word_1_632' title='bbox 1337 4283 1405 4349; x_wconf 90' lang='lat' dir='ltr'><strong>bris</strong></span> <span class='ocrx_word' id='word_1_633' title='bbox 1426 4283 1541 4349; x_wconf 82' lang='lat' dir='ltr'><strong>furtim</strong></span> <span class='ocrx_word' id='word_1_634' title='bbox 1563 4282 1755 4348; x_wconf 88' lang='lat' dir='ltr'><strong>adoriuntur</strong></span> <span class='ocrx_word' id='word_1_635' title='bbox 1775 4284 1941 4364; x_wconf 86' lang='lat' dir='ltr'><strong>iuoautos,</strong></span> <span class='ocrx_word' id='word_1_636' title='bbox 1973 4285 2091 4368; x_wconf 89' lang='lat' dir='ltr'><strong>quibus</strong></span> <span class='ocrx_word' id='word_1_637' title='bbox 2112 4307 2229 4354; x_wconf 82' lang='lat' dir='ltr'><strong>nouere</strong></span> <span class='ocrx_word' id='word_1_638' title='bbox 2251 4309 2311 4356; x_wconf 89' lang='lat' dir='ltr'><strong>vo-</strong></span> 
     </span>
     <span class='ocr_line' id='line_1_46' title="bbox 314 4367 2314 4452; baseline 0.004 -18"><span class='ocrx_word' id='word_1_639' title='bbox 314 4391 375 4436; x_wconf 90' lang='lat' dir='ltr'><strong>neo</strong></span> <span class='ocrx_word' id='word_1_640' title='bbox 394 4369 476 4434; x_wconf 91' lang='lat' dir='ltr'><strong>aliae</strong></span> <span class='ocrx_word' id='word_1_641' title='bbox 498 4367 658 4452; x_wconf 89' lang='lat' dir='ltr'><strong>quaedam</strong></span> <span class='ocrx_word' id='word_1_642' title='bbox 676 4380 864 4452; x_wconf 88' lang='lat' dir='ltr'><strong>sequentes:</strong></span> <span class='ocrx_word' id='word_1_643' title='bbox 888 4369 950 4436; x_wconf 92' lang='lat' dir='ltr'><strong>hoo</strong></span> <span class='ocrx_word' id='word_1_644' title='bbox 968 4379 1078 4435; x_wconf 86' lang='lat' dir='ltr'><strong>tamen</strong></span> <span class='ocrx_word' id='word_1_645' title='bbox 1097 4370 1175 4436; x_wconf 90' lang='lat' dir='ltr'><strong>satis</strong></span> <span class='ocrx_word' id='word_1_646' title='bbox 1193 4390 1286 4452; x_wconf 86' lang='lat' dir='ltr'><strong>prae·</strong></span> <span class='ocrx_word' id='word_1_647' title='bbox 1338 4370 1418 4434; x_wconf 85' lang='lat' dir='ltr'><strong>lunt</strong></span> <span class='ocrx_word' id='word_1_648' title='bbox 1465 4367 1590 4435; x_wconf 83' lang='lat' dir='ltr'><strong>Sensus</strong></span> <span class='ocrx_word' id='word_1_649' title='bbox 1612 4389 1689 4452; x_wconf 88' lang='lat' dir='ltr'><strong>ergo</strong></span> <span class='ocrx_word' id='word_1_650' title='bbox 1711 4379 1770 4450; x_wconf 90' lang='lat' dir='ltr'><strong>est,</strong></span> <span class='ocrx_word' id='word_1_651' title='bbox 1795 4389 1862 4434; x_wconf 92' lang='lat' dir='ltr'><strong>nen</strong></span> <span class='ocrx_word' id='word_1_652' title='bbox 1885 4370 1953 4436; x_wconf 88' lang='lat' dir='ltr'><strong>fore</strong></span> <span class='ocrx_word' id='word_1_653' title='bbox 1975 4381 2043 4435; x_wconf 88' lang='lat' dir='ltr'><strong>tam</strong></span> <span class='ocrx_word' id='word_1_654' title='bbox 2065 4373 2250 4442; x_wconf 81' lang='lat' dir='ltr'><strong>animosum</strong></span> <span class='ocrx_word' id='word_1_655' title='bbox 2272 4385 2314 4442; x_wconf 88' lang='lat' dir='ltr'><strong>ut</strong></span> 
     </span>
     <span class='ocr_line' id='line_1_47' title="bbox 313 4453 2311 4542; baseline 0.002 -19"><span class='ocrx_word' id='word_1_656' title='bbox 313 4455 439 4523; x_wconf 84' lang='lat' dir='ltr'><strong>alarum</strong></span> <span class='ocrx_word' id='word_1_657' title='bbox 460 4455 554 4521; x_wconf 91' lang='lat' dir='ltr'><strong>nobis</strong></span> <span class='ocrx_word' id='word_1_658' title='bbox 575 4474 646 4520; x_wconf 90' lang='lat' dir='ltr'><strong>esse</strong></span> <span class='ocrx_word' id='word_1_659' title='bbox 668 4454 779 4533; x_wconf 91' lang='lat' dir='ltr'><strong>debet,</strong></span> <span class='ocrx_word' id='word_1_660' title='bbox 810 4453 897 4536; x_wconf 89' lang='lat' dir='ltr'><strong>quod</strong></span> <span class='ocrx_word' id='word_1_661' title='bbox 924 4455 1061 4538; x_wconf 90' lang='lat' dir='ltr'><strong>perinde</strong></span> <span class='ocrx_word' id='word_1_662' title='bbox 1082 4470 1160 4522; x_wconf 91' lang='lat' dir='ltr'><strong>tuno</strong></span> <span class='ocrx_word' id='word_1_663' title='bbox 1183 4456 1288 4521; x_wconf 83' lang='lat' dir='ltr'><strong>valuit</strong></span> <span class='ocrx_word' id='word_1_664' title='bbox 1337 4463 1470 4522; x_wconf 88' lang='lat' dir='ltr'><strong>strenue</strong></span> <span class='ocrx_word' id='word_1_665' title='bbox 1492 4463 1525 4520; x_wconf 91' lang='lat' dir='ltr'><strong>et</strong></span> <span class='ocrx_word' id='word_1_666' title='bbox 1546 4455 1688 4539; x_wconf 88' lang='lat' dir='ltr'><strong>ingenue</strong></span> <span class='ocrx_word' id='word_1_667' title='bbox 1705 4454 1740 4519; x_wconf 91' lang='lat' dir='ltr'><strong>in</strong></span> <span class='ocrx_word' id='word_1_668' title='bbox 1762 4463 1914 4539; x_wconf 89' lang='lat' dir='ltr'><strong>apertum</strong></span> <span class='ocrx_word' id='word_1_669' title='bbox 1935 4463 2102 4523; x_wconf 79' lang='lat' dir='ltr'><strong>certamen</strong></span> <span class='ocrx_word' id='word_1_670' title='bbox 2124 4459 2311 4542; x_wconf 87' lang='lat' dir='ltr'><strong>deseendat,</strong></span> 
     </span>
     <span class='ocr_line' id='line_1_48' title="bbox 314 4538 2313 4625; baseline 0.003 -17"><span class='ocrx_word' id='word_1_671' title='bbox 314 4561 353 4608; x_wconf 86' lang='lat' dir='ltr'><strong>aa</strong></span> <span class='ocrx_word' id='word_1_672' title='bbox 370 4540 503 4606; x_wconf 90' lang='lat' dir='ltr'><strong>siDens</strong></span> <span class='ocrx_word' id='word_1_673' title='bbox 521 4539 564 4606; x_wconf 89' lang='lat' dir='ltr'><strong>ad</strong></span> <span class='ocrx_word' id='word_1_674' title='bbox 582 4539 665 4606; x_wconf 90' lang='lat' dir='ltr'><strong>lilios</strong></span> <span class='ocrx_word' id='word_1_675' title='bbox 683 4539 788 4606; x_wconf 92' lang='lat' dir='ltr'><strong>Israel</strong></span> <span class='ocrx_word' id='word_1_676' title='bbox 806 4539 990 4606; x_wconf 87' lang='lat' dir='ltr'><strong>liberandos</strong></span> <span class='ocrx_word' id='word_1_677' title='bbox 1009 4562 1143 4606; x_wconf 90' lang='lat' dir='ltr'><strong>manum</strong></span> <span class='ocrx_word' id='word_1_678' title='bbox 1160 4561 1179 4606; x_wconf 89' lang='lat' dir='ltr'><strong>e</strong></span> <span class='ocrx_word' id='word_1_679' title='bbox 1197 4540 1286 4607; x_wconf 85' lang='lat' dir='ltr'><strong>eaelo</strong></span> <span class='ocrx_word' id='word_1_680' title='bbox 1337 4539 1394 4608; x_wconf 89' lang='lat' dir='ltr'><strong>sed</strong></span> <span class='ocrx_word' id='word_1_681' title='bbox 1423 4551 1496 4606; x_wconf 90' lang='lat' dir='ltr'><strong>astu</strong></span> <span class='ocrx_word' id='word_1_682' title='bbox 1524 4549 1558 4605; x_wconf 89' lang='lat' dir='ltr'><strong>et</strong></span> <span class='ocrx_word' id='word_1_683' title='bbox 1591 4538 1719 4607; x_wconf 89' lang='lat' dir='ltr'><strong>insidiis</strong></span> <span class='ocrx_word' id='word_1_684' title='bbox 1751 4549 1985 4625; x_wconf 89' lang='lat' dir='ltr'><strong>pugnaturum.</strong></span> <span class='ocrx_word' id='word_1_685' title='bbox 2036 4542 2172 4612; x_wconf 86' lang='lat' dir='ltr'><strong>Interea</strong></span> <span class='ocrx_word' id='word_1_686' title='bbox 2200 4557 2313 4614; x_wconf 85' lang='lat' dir='ltr'><strong>tamen</strong></span> 
     </span>
     <span class='ocr_line' id='line_1_49' title="bbox 314 4625 2314 4715; baseline 0.004 -24"><span class='ocrx_word' id='word_1_687' title='bbox 314 4626 510 4711; x_wconf 89' lang='lat' dir='ltr'><strong>porrigeret:</strong></span> <span class='ocrx_word' id='word_1_688' title='bbox 544 4645 581 4691; x_wconf 88' lang='lat' dir='ltr'><strong>ao</strong></span> <span class='ocrx_word' id='word_1_689' title='bbox 614 4625 751 4709; x_wconf 88' lang='lat' dir='ltr'><strong>singulis</strong></span> <span class='ocrx_word' id='word_1_690' title='bbox 785 4625 995 4692; x_wconf 88' lang='lat' dir='ltr'><strong>distribueret</strong></span> <span class='ocrx_word' id='word_1_691' title='bbox 1022 4647 1082 4692; x_wconf 90' lang='lat' dir='ltr'><strong>sua</strong></span> <span class='ocrx_word' id='word_1_692' title='bbox 1115 4625 1284 4693; x_wconf 88' lang='lat' dir='ltr'><strong>domioilia.</strong></span> <span class='ocrx_word' id='word_1_693' title='bbox 1336 4625 1479 4692; x_wconf 88' lang='lat' dir='ltr'><strong>ostendit</strong></span> <span class='ocrx_word' id='word_1_694' title='bbox 1500 4625 1703 4708; x_wconf 87' lang='lat' dir='ltr'><strong>superiorem</strong></span> <span class='ocrx_word' id='word_1_695' title='bbox 1724 4625 1793 4691; x_wconf 86' lang='lat' dir='ltr'><strong>fore</strong></span> <span class='ocrx_word' id='word_1_696' title='bbox 1815 4627 1884 4692; x_wconf 89' lang='lat' dir='ltr'><strong>suis</strong></span> <span class='ocrx_word' id='word_1_697' title='bbox 1906 4627 2071 4708; x_wconf 91' lang='lat' dir='ltr'><strong>hostibus,</strong></span> <span class='ocrx_word' id='word_1_698' title='bbox 2102 4651 2185 4715; x_wconf 91' lang='lat' dir='ltr'><strong>quos</strong></span> <span class='ocrx_word' id='word_1_699' title='bbox 2206 4636 2314 4700; x_wconf 89' lang='lat' dir='ltr'><strong>mani·</strong></span> 
     </span>
     <span class='ocr_line' id='line_1_50' title="bbox 315 4710 2313 4803; baseline 0.005 -26"><span class='ocrx_word' id='word_1_700' title='bbox 315 4714 504 4795; x_wconf 81' lang='lat' dir='ltr'><strong>Antequam</strong></span> <span class='ocrx_word' id='word_1_701' title='bbox 533 4711 629 4777; x_wconf 88' lang='lat' dir='ltr'><strong>sortis</strong></span> <span class='ocrx_word' id='word_1_702' title='bbox 651 4712 709 4776; x_wconf 83' lang='lat' dir='ltr'><strong>fist</strong></span> <span class='ocrx_word' id='word_1_703' title='bbox 729 4711 869 4792; x_wconf 90' lang='lat' dir='ltr'><strong>mentio,</strong></span> <span class='ocrx_word' id='word_1_704' title='bbox 892 4711 983 4796; x_wconf 83' lang='lat' dir='ltr'><strong>regio</strong></span> <span class='ocrx_word' id='word_1_705' title='bbox 1004 4712 1170 4779; x_wconf 88' lang='lat' dir='ltr'><strong>maritima</strong></span> <span class='ocrx_word' id='word_1_706' title='bbox 1190 4712 1287 4780; x_wconf 90' lang='lat' dir='ltr'><strong>datur</strong></span> <span class='ocrx_word' id='word_1_707' title='bbox 1336 4712 1396 4780; x_wconf 90' lang='lat' dir='ltr'><strong>bus</strong></span> <span class='ocrx_word' id='word_1_708' title='bbox 1428 4711 1589 4778; x_wconf 89' lang='lat' dir='ltr'><strong>oonsertis</strong></span> <span class='ocrx_word' id='word_1_709' title='bbox 1620 4710 1754 4795; x_wconf 87' lang='lat' dir='ltr'><strong>aggredi</strong></span> <span class='ocrx_word' id='word_1_710' title='bbox 1787 4732 1854 4777; x_wconf 90' lang='lat' dir='ltr'><strong>non</strong></span> <span class='ocrx_word' id='word_1_711' title='bbox 1886 4711 2037 4795; x_wconf 87' lang='lat' dir='ltr'><strong>auderet,</strong></span> <span class='ocrx_word' id='word_1_712' title='bbox 2069 4724 2109 4782; x_wconf 88' lang='lat' dir='ltr'><strong>nt</strong></span> <span class='ocrx_word' id='word_1_713' title='bbox 2141 4727 2313 4803; x_wconf 83' lang='lat' dir='ltr'><strong>serpentes</strong></span> 
     </span>
     <span class='ocr_line' id='line_1_51' title="bbox 315 4795 2313 4881; baseline 0.005 -20"><span class='ocrx_word' id='word_1_714' title='bbox 315 4797 416 4863; x_wconf 90' lang='lat' dir='ltr'><strong>tribui</strong></span> <span class='ocrx_word' id='word_1_715' title='bbox 444 4795 605 4876; x_wconf 82' lang='lat' dir='ltr'><strong>Zabulon,</strong></span> <span class='ocrx_word' id='word_1_716' title='bbox 639 4817 738 4880; x_wconf 90' lang='lat' dir='ltr'><strong>quam</strong></span> <span class='ocrx_word' id='word_1_717' title='bbox 769 4806 857 4864; x_wconf 89' lang='lat' dir='ltr'><strong>sorte</strong></span> <span class='ocrx_word' id='word_1_718' title='bbox 889 4806 962 4881; x_wconf 90' lang='lat' dir='ltr'><strong>post</strong></span> <span class='ocrx_word' id='word_1_719' title='bbox 993 4817 1097 4864; x_wconf 89' lang='lat' dir='ltr'><strong>annos</strong></span> <span class='ocrx_word' id='word_1_720' title='bbox 1130 4797 1287 4865; x_wconf 76' lang='lat' dir='ltr'><strong>ducentos</strong></span> <span class='ocrx_word' id='word_1_721' title='bbox 1336 4797 1463 4864; x_wconf 88' lang='lat' dir='ltr'><strong>ouenlto</strong></span> <span class='ocrx_word' id='word_1_722' title='bbox 1491 4817 1600 4862; x_wconf 89' lang='lat' dir='ltr'><strong>morsu</strong></span> <span class='ocrx_word' id='word_1_723' title='bbox 1630 4817 1749 4880; x_wconf 89' lang='lat' dir='ltr'><strong>equum</strong></span> <span class='ocrx_word' id='word_1_724' title='bbox 1772 4805 1806 4863; x_wconf 90' lang='lat' dir='ltr'><strong>et</strong></span> <span class='ocrx_word' id='word_1_725' title='bbox 1835 4818 1994 4864; x_wconf 87' lang='lat' dir='ltr'><strong>sessorem</strong></span> <span class='ocrx_word' id='word_1_726' title='bbox 2027 4800 2192 4870; x_wconf 88' lang='lat' dir='ltr'><strong>deiieiunt.</strong></span> <span class='ocrx_word' id='word_1_727' title='bbox 2237 4805 2313 4872; x_wconf 87' lang='lat' dir='ltr'><strong>Hoo</strong></span> 
     </span>
     <span class='ocr_line' id='line_1_52' title="bbox 315 4880 2314 4970; baseline 0.005 -22"><span class='ocrx_word' id='word_1_728' title='bbox 315 4880 435 4967; x_wconf 89' lang='lat' dir='ltr'><strong>adepta</strong></span> <span class='ocrx_word' id='word_1_729' title='bbox 461 4891 520 4948; x_wconf 90' lang='lat' dir='ltr'><strong>est.</strong></span> <span class='ocrx_word' id='word_1_730' title='bbox 564 4880 697 4949; x_wconf 82' lang='lat' dir='ltr'><strong>Soimus</strong></span> <span class='ocrx_word' id='word_1_731' title='bbox 724 4890 835 4948; x_wconf 89' lang='lat' dir='ltr'><strong>autem</strong></span> <span class='ocrx_word' id='word_1_732' title='bbox 863 4885 977 4967; x_wconf 90' lang='lat' dir='ltr'><strong>quanti</strong></span> <span class='ocrx_word' id='word_1_733' title='bbox 1004 4886 1161 4950; x_wconf 88' lang='lat' dir='ltr'><strong>momenti</strong></span> <span class='ocrx_word' id='word_1_734' title='bbox 1187 4885 1287 4951; x_wconf 85' lang='lat' dir='ltr'><strong>luerit</strong></span> <span class='ocrx_word' id='word_1_735' title='bbox 1336 4885 1434 4949; x_wconf 90' lang='lat' dir='ltr'><strong>etiam</strong></span> <span class='ocrx_word' id='word_1_736' title='bbox 1452 4883 1524 4948; x_wconf 91' lang='lat' dir='ltr'><strong>loeo</strong></span> <span class='ocrx_word' id='word_1_737' title='bbox 1540 4882 1698 4949; x_wconf 89' lang='lat' dir='ltr'><strong>iudioium</strong></span> <span class='ocrx_word' id='word_1_738' title='bbox 1716 4882 1913 4949; x_wconf 88' lang='lat' dir='ltr'><strong>disertsnon</strong></span> <span class='ocrx_word' id='word_1_739' title='bbox 1930 4885 2161 4970; x_wconf 89' lang='lat' dir='ltr'><strong>interponitur,</strong></span> <span class='ocrx_word' id='word_1_740' title='bbox 2179 4890 2314 4960; x_wconf 89' lang='lat' dir='ltr'><strong>laudine</strong></span> 
     </span>
     <span class='ocr_line' id='line_1_53' title="bbox 315 4967 2315 5056; baseline 0.006 -23"><span class='ocrx_word' id='word_1_741' title='bbox 315 4968 374 5034; x_wconf 88' lang='lat' dir='ltr'><strong>illa</strong></span> <span class='ocrx_word' id='word_1_742' title='bbox 401 4967 603 5047; x_wconf 86' lang='lat' dir='ltr'><strong>haereditas,</strong></span> <span class='ocrx_word' id='word_1_743' title='bbox 632 4989 715 5051; x_wconf 91' lang='lat' dir='ltr'><strong>quae</strong></span> <span class='ocrx_word' id='word_1_744' title='bbox 743 4969 850 5035; x_wconf 89' lang='lat' dir='ltr'><strong>instar</strong></span> <span class='ocrx_word' id='word_1_745' title='bbox 881 4969 999 5036; x_wconf 86' lang='lat' dir='ltr'><strong>arrhae</strong></span> <span class='ocrx_word' id='word_1_746' title='bbox 1031 4972 1136 5038; x_wconf 86' lang='lat' dir='ltr'><strong>veteri</strong></span> <span class='ocrx_word' id='word_1_747' title='bbox 1169 4972 1287 5055; x_wconf 90' lang='lat' dir='ltr'><strong>populo</strong></span> <span class='ocrx_word' id='word_1_748' title='bbox 1336 4992 1379 5035; x_wconf 92' lang='lat' dir='ltr'><strong>an</strong></span> <span class='ocrx_word' id='word_1_749' title='bbox 1411 4967 1529 5052; x_wconf 91' lang='lat' dir='ltr'><strong>probro</strong></span> <span class='ocrx_word' id='word_1_750' title='bbox 1562 4967 1710 5034; x_wconf 88' lang='lat' dir='ltr'><strong>duoenda</strong></span> <span class='ocrx_word' id='word_1_751' title='bbox 1742 4971 1785 5034; x_wconf 90' lang='lat' dir='ltr'><strong>sit</strong></span> <span class='ocrx_word' id='word_1_752' title='bbox 1817 4969 1938 5036; x_wconf 90' lang='lat' dir='ltr'><strong>astutia</strong></span> <span class='ocrx_word' id='word_1_753' title='bbox 1972 4973 2078 5041; x_wconf 89' lang='lat' dir='ltr'><strong>tribus</strong></span> <span class='ocrx_word' id='word_1_754' title='bbox 2112 4975 2205 5056; x_wconf 89' lang='lat' dir='ltr'><strong>Dan,</strong></span> <span class='ocrx_word' id='word_1_755' title='bbox 2244 4977 2315 5044; x_wconf 91' lang='lat' dir='ltr'><strong>huo</strong></span> 
     </span>
     <span class='ocr_line' id='line_1_54' title="bbox 316 5054 2312 5146; baseline 0.005 -26"><span class='ocrx_word' id='word_1_756' title='bbox 316 5065 422 5120; x_wconf 87' lang='lat' dir='ltr'><strong>ratam</strong></span> <span class='ocrx_word' id='word_1_757' title='bbox 450 5055 521 5121; x_wconf 90' lang='lat' dir='ltr'><strong>eius</strong></span> <span class='ocrx_word' id='word_1_758' title='bbox 549 5054 757 5138; x_wconf 88' lang='lat' dir='ltr'><strong>adoptionem</strong></span> <span class='ocrx_word' id='word_1_759' title='bbox 784 5055 868 5121; x_wconf 86' lang='lat' dir='ltr'><strong>feeit.</strong></span> <span class='ocrx_word' id='word_1_760' title='bbox 920 5056 1010 5140; x_wconf 84' lang='lat' dir='ltr'><strong>Ergo</strong></span> <span class='ocrx_word' id='word_1_761' title='bbox 1036 5056 1098 5124; x_wconf 92' lang='lat' dir='ltr'><strong>hoo</strong></span> <span class='ocrx_word' id='word_1_762' title='bbox 1130 5058 1287 5123; x_wconf 89' lang='lat' dir='ltr'><strong>vatioinio</strong></span> <span class='ocrx_word' id='word_1_763' title='bbox 1336 5063 1446 5122; x_wconf 72' lang='lat' dir='ltr'><strong>mmsn</strong></span> <span class='ocrx_word' id='word_1_764' title='bbox 1468 5054 1574 5138; x_wconf 89' lang='lat' dir='ltr'><strong>magis</strong></span> <span class='ocrx_word' id='word_1_765' title='bbox 1594 5054 1731 5120; x_wconf 89' lang='lat' dir='ltr'><strong>inolinat</strong></span> <span class='ocrx_word' id='word_1_766' title='bbox 1760 5055 1947 5122; x_wconf 86' lang='lat' dir='ltr'><strong>oonieotura</strong></span> <span class='ocrx_word' id='word_1_767' title='bbox 1968 5059 2055 5123; x_wconf 88' lang='lat' dir='ltr'><strong>inter</strong></span> <span class='ocrx_word' id='word_1_768' title='bbox 2077 5060 2161 5126; x_wconf 83' lang='lat' dir='ltr'><strong>vitia</strong></span> <span class='ocrx_word' id='word_1_769' title='bbox 2182 5062 2312 5146; x_wconf 76' lang='lat' dir='ltr'><strong>referri,</strong></span> 
     </span>
     <span class='ocr_line' id='line_1_55' title="bbox 316 5139 2315 5232; baseline 0.005 -26"><span class='ocrx_word' id='word_1_770' title='bbox 316 5141 456 5206; x_wconf 90' lang='lat' dir='ltr'><strong>animari</strong></span> <span class='ocrx_word' id='word_1_771' title='bbox 477 5139 586 5205; x_wconf 88' lang='lat' dir='ltr'><strong>deouit</strong></span> <span class='ocrx_word' id='word_1_772' title='bbox 606 5161 673 5205; x_wconf 93' lang='lat' dir='ltr'><strong>non</strong></span> <span class='ocrx_word' id='word_1_773' title='bbox 696 5139 790 5207; x_wconf 91' lang='lat' dir='ltr'><strong>modo</strong></span> <span class='ocrx_word' id='word_1_774' title='bbox 813 5141 935 5208; x_wconf 89' lang='lat' dir='ltr'><strong>tribum</strong></span> <span class='ocrx_word' id='word_1_775' title='bbox 956 5162 1073 5220; x_wconf 88' lang='lat' dir='ltr'><strong>uuam,</strong></span> <span class='ocrx_word' id='word_1_776' title='bbox 1103 5142 1160 5208; x_wconf 89' lang='lat' dir='ltr'><strong>sed</strong></span> <span class='ocrx_word' id='word_1_777' title='bbox 1182 5150 1286 5208; x_wconf 89' lang='lat' dir='ltr'><strong>totum</strong></span> <span class='ocrx_word' id='word_1_778' title='bbox 1337 5142 1389 5208; x_wconf 84' lang='lat' dir='ltr'><strong>vel</strong></span> <span class='ocrx_word' id='word_1_779' title='bbox 1410 5139 1526 5206; x_wconf 86' lang='lat' dir='ltr'><strong>saltem</strong></span> <span class='ocrx_word' id='word_1_780' title='bbox 1549 5139 1770 5221; x_wconf 77' lang='lat' dir='ltr'><strong>incommoda,</strong></span> <span class='ocrx_word' id='word_1_781' title='bbox 1798 5140 1884 5225; x_wconf 92' lang='lat' dir='ltr'><strong>quod</strong></span> <span class='ocrx_word' id='word_1_782' title='bbox 1907 5141 2010 5208; x_wconf 91' lang='lat' dir='ltr'><strong>libero</strong></span> <span class='ocrx_word' id='word_1_783' title='bbox 2031 5165 2209 5232; x_wconf 88' lang='lat' dir='ltr'><strong>oongressu</strong></span> <span class='ocrx_word' id='word_1_784' title='bbox 2233 5149 2315 5218; x_wconf 89' lang='lat' dir='ltr'><strong>hos·</strong></span> 
     </span>
     <span class='ocr_line' id='line_1_56' title="bbox 316 5225 2315 5312; baseline 0.007 -22"><span class='ocrx_word' id='word_1_785' title='bbox 316 5227 487 5308; x_wconf 90' lang='lat' dir='ltr'><strong>populum,</strong></span> <span class='ocrx_word' id='word_1_786' title='bbox 520 5235 558 5290; x_wconf 92' lang='lat' dir='ltr'><strong>ut</strong></span> <span class='ocrx_word' id='word_1_787' title='bbox 589 5225 740 5292; x_wconf 78' lang='lat' dir='ltr'><strong>alacriter</strong></span> <span class='ocrx_word' id='word_1_788' title='bbox 770 5225 913 5293; x_wconf 88' lang='lat' dir='ltr'><strong>oblatam</strong></span> <span class='ocrx_word' id='word_1_789' title='bbox 944 5228 1102 5312; x_wconf 88' lang='lat' dir='ltr'><strong>gratiam,</strong></span> <span class='ocrx_word' id='word_1_790' title='bbox 1135 5239 1287 5312; x_wconf 89' lang='lat' dir='ltr'><strong>oertoque</strong></span> <span class='ocrx_word' id='word_1_791' title='bbox 1336 5229 1423 5294; x_wconf 90' lang='lat' dir='ltr'><strong>tibus</strong></span> <span class='ocrx_word' id='word_1_792' title='bbox 1444 5247 1481 5292; x_wconf 91' lang='lat' dir='ltr'><strong>se</strong></span> <span class='ocrx_word' id='word_1_793' title='bbox 1502 5246 1568 5290; x_wconf 91' lang='lat' dir='ltr'><strong>non</strong></span> <span class='ocrx_word' id='word_1_794' title='bbox 1597 5245 1782 5309; x_wconf 86' lang='lat' dir='ltr'><strong>opponens,</strong></span> <span class='ocrx_word' id='word_1_795' title='bbox 1811 5226 1948 5294; x_wconf 86' lang='lat' dir='ltr'><strong>oooultis</strong></span> <span class='ocrx_word' id='word_1_796' title='bbox 1975 5237 2106 5296; x_wconf 88' lang='lat' dir='ltr'><strong>tantum</strong></span> <span class='ocrx_word' id='word_1_797' title='bbox 2139 5233 2315 5304; x_wconf 85' lang='lat' dir='ltr'><strong>fraudibus</strong></span> 
     </span>
     <span class='ocr_line' id='line_1_57' title="bbox 316 5311 1506 5398; baseline 0.001 -22"><span class='ocrx_word' id='word_1_798' title='bbox 316 5312 492 5395; x_wconf 90' lang='lat' dir='ltr'><strong>repositam</strong></span> <span class='ocrx_word' id='word_1_799' title='bbox 519 5320 736 5394; x_wconf 89' lang='lat' dir='ltr'><strong>oapessersnt.</strong></span> <span class='ocrx_word' id='word_1_800' title='bbox 779 5312 894 5380; x_wconf 83' lang='lat' dir='ltr'><strong>Portis</strong></span> <span class='ocrx_word' id='word_1_801' title='bbox 920 5321 1029 5380; x_wconf 89' lang='lat' dir='ltr'><strong>autem</strong></span> <span class='ocrx_word' id='word_1_802' title='bbox 1052 5313 1199 5381; x_wconf 78' lang='lat' dir='ltr'><strong>Zabulon</strong></span> <span class='ocrx_word' id='word_1_803' title='bbox 1220 5336 1286 5381; x_wconf 92' lang='lat' dir='ltr'><strong>non</strong></span> <span class='ocrx_word' id='word_1_804' title='bbox 1336 5311 1506 5398; x_wconf 90' lang='lat' dir='ltr'><strong>pugnabit.</strong></span> 
     </span>
    </p>
   </div>
   <div class='ocr_carea' id='block_1_3' title="bbox 0 0 2495 6192">
    <p class='ocr_par' dir='ltr' id='par_1_3' title="bbox 0 0 2495 6192">
     <span class='ocr_line' id='line_1_58' title="bbox 0 0 2495 6192; baseline 0 0"><span class='ocrx_word' id='word_1_805' title='bbox 0 0 2495 6192; x_wconf 95' lang='lat' dir='ltr'><strong> </strong></span> 
     </span>
    </p>
   </div>
  </div>
 </body>
</html>
