4962 6192
412 418 474 484 ear
1069 381 1437 486 COMMENTARIUS
1460 415 1510 482 nv
1533 415 1746 487 eausam.
2267 369 2274 382 ’
2333 415 2390 482 ees

412 606 517 672 victus
544 602 725 682 descendit,
755 609 788 666 et
816 602 852 666 in
883 601 980 669 rebus
1009 623 1135 686 quoque
1164 604 1300 669 minutis
1324 604 1379 668 de·
1431 605 1563 673 erecula
1585 628 1645 673 sua
1667 605 1848 690 protulerat
1863 625 1907 671 ex
1923 624 1979 670 ore
1996 603 2106 680 Iacob,
2126 625 2208 689 quae
2230 609 2305 688 post
2325 603 2390 671 eics

411 699 587 769 monstrat,
616 709 707 754 sacro
736 687 873 754 foederis
903 689 1034 754 vinculo
1062 688 1140 754 filiis
1163 688 1316 755 Abrahae
1345 709 1380 754 se
1431 701 1570 758 mortem
1591 692 1699 757 subite
1719 691 1838 758 oblivio
1862 689 1992 769 deleret,
2015 691 2106 773 quasi
2122 690 2158 755 in
2179 703 2289 756 aerem
2309 689 2390 756 soni·

410 797 481 842 esse
514 774 718 840 devinctum:
761 775 857 840 altius
897 774 1089 854 mysterium
1130 796 1194 840 uon
1227 775 1379 858 requiret.
1431 787 1484 844 tus
1506 778 1614 843 neseio
1646 798 1726 860 quos
1757 775 1909 842 efflasset.
1955 772 2045 857 Quin
2100 775 2184 842 otius
2216 775 2390 841 doctrinam

411 860 563 929 Secundo
581 881 654 943 spes
672 859 882 925 haereditatis
904 861 1082 942 promissae
1105 859 1145 924 de
1167 862 1295 944 integre
1317 860 1381 925 illis
1430 862 1542 928 multis
1574 864 1735 930 aetatibus
1768 883 1974 928 communem
2007 882 2046 945 pr
2090 859 2163 940 'dit‚
2203 871 2243 926 ut
2279 860 2391 926 scireut

410 955 598 1013 renovatur.
629 949 737 1028 Atque
754 944 834 1026 ideo,
857 945 949 1028 quasi
970 965 1069 1010 mauu
1087 966 1141 1011 ees
1159 946 1193 1010 in
1206 946 1380 1029 possessio·
1431 947 1551 1030 posteri
1573 969 1614 1012 ex
1643 969 1706 1032 quo
1734 947 1823 1014 fonte
1850 947 1911 1014 sibi
1941 956 2091 1012 manaret
2118 955 2186 1012 tam
2218 945 2391 1029 redemptio

411 1055 486 1099 nem
517 1033 662 1098 mitteret
690 1030 802 1106 laceb,
836 1031 942 1114 qualis
972 1031 1088 1114 cuique
1116 1030 1276 1096 habitatio
1304 1052 1380 1097 con·
1431 1053 1527 1114 quam
1552 1044 1656 1100 terrae
1677 1033 1871 1099 haereditas.
1916 1030 2048 1098 Scimus
2070 1049 2168 1115 quam
2194 1041 2390 1112 cunctanter,

412 1120 533 1202 tingat,
565 1117 784 1193 familiariter,
814 1138 880 1180 non
909 1136 1000 1181 secus
1031 1137 1068 1182 ac
1094 1118 1127 1180 in
1150 1138 1186 1181 re
1207 1117 1379 1201 praesenti,
1429 1119 1496 1184 ime
1518 1117 1632 1185 timida
1664 1118 1821 1202 suscipiat
1843 1117 1952 1184 Moses
1980 1117 2158 1183 iniunctam
2181 1116 2244 1184 sibi
2264 1119 2391 1200 provin·

411 1204 553 1288 exponit.
604 1206 658 1267 An
686 1203 733 1267 rei
763 1212 830 1265 tam
860 1204 963 1266 seriae
994 1203 1195 1267 confirmatio
1226 1203 1314 1268 sanis
1348 1211 1381 1267 et
1430 1205 1523 1282 ciam,
1543 1202 1597 1270 ubi
1615 1203 1655 1270 ad
1674 1225 1749 1270 suos
1767 1204 1951 1270 liberandos
1970 1203 2161 1269 accersitur:
2183 1202 2261 1286 quia
2277 1203 2392 1270 sciebat

411 1289 626 1374 prudentibus
654 1286 829 1353 lectoribus
851 1286 1007 1354 vilescet?
1052 1287 1125 1352 Hoc
1155 1297 1264 1353 tamen
1288 1307 1379 1370 prae·
1431 1309 1505 1355 cum
1527 1297 1624 1374 gente
1646 1289 1778 1356 indocili
1795 1298 1828 1354 et
1850 1289 2031 1373 praefracta
2048 1287 2109 1355 sibi
2125 1288 2196 1354 iore
2221 1289 2391 1372 negotium.

412 1377 542 1459 cipaum
565 1387 616 1440 est
637 1384 743 1456 eaput,
765 1372 849 1456 quod
873 1375 1006 1457 propius
1028 1372 1093 1437 illis
1115 1371 1267 1456 designat
1283 1371 1380 1438 Iacob
1430 1373 1539 1441 Certis
1557 1394 1635 1459 ergo
1655 1375 1819 1442 mandatis
1835 1375 2032 1441 instructum
2049 1373 2161 1440 venire
2177 1393 2308 1440 necesse
2327 1375 2390 1453 luit

412 1460 498 1527 unde
520 1460 584 1526 illis
606 1471 763 1525 venturus
789 1458 834 1524 sit
863 1481 920 1523 rex
951 1459 1006 1542 qui
1036 1457 1163 1540 plenam
1194 1458 1380 1523 felicitatem
1430 1481 1512 1543 quae
1534 1460 1632 1526 fidem
1659 1460 1838 1527 vocationis
1860 1460 2012 1526 facerent.
2057 1459 2135 1524 Ideo
2163 1457 2225 1525 has
2253 1458 2392 1543 praedic·

412 1547 535 1614 afferet.
579 1543 624 1610 At
648 1566 687 1609 ue
713 1544 775 1610 hcc
803 1544 897 1609 modo
927 1544 1061 1627 exponit
1087 1543 1171 1626 quod
1194 1543 1233 1608 de
1256 1545 1380 1609 semine
1431 1548 1545 1626 tiones,
1563 1566 1629 1611 non
1647 1565 1740 1613 secus
1758 1567 1796 1612 ac
1813 1545 1960 1630 publicas
1977 1544 2106 1611 tabulas
2123 1566 2165 1611 ex
2183 1544 2391 1612 sanctioribus

411 1631 581 1698 benedicto
614 1652 634 1695 e
673 1651 749 1696 cure
787 1631 984 1714 promissum
1017 1629 1131 1694 luerat.
1188 1629 1251 1694 His
1284 1629 1380 1694 rebus
1431 1631 1495 1697 Dei
1515 1629 1658 1698 archivis
1680 1631 1823 1715 protulit,
1847 1652 1889 1697 ne
1911 1637 2033 1696 temere
2055 1630 2163 1714 ipsum
2188 1651 2391 1715 prorumpere

412 1727 538 1784 tantum
562 1716 674 1782 subest
693 1715 854 1799 ponderis,
876 1726 913 1780 ut
934 1714 1073 1797 simplex
1091 1735 1203 1779 esrum
1222 1715 1379 1792 tractatio,
1431 1717 1503 1800 quis
1548 1725 1666 1782 uteret.

413 1803 442 1870 si
464 1803 557 1868 medo
579 1802 686 1866 dextri
709 1801 812 1866 simus
834 1802 1037 1884 interpretes,
1059 1801 1175 1865 merito
1193 1821 1252 1866 nos
1267 1802 1302 1864 in
1324 1799 1380 1864 ad·
1582 1807 1705 1887 prepete
1724 1821 1785 1868 ces.
1820 1801 1921 1867 Initio
1939 1800 2000 1867 sibi
2019 1800 2232 1868 attentionem
2249 1802 2391 1868 conciliat

412 1887 618 1958 mirationem
641 1909 755 1970 rapere
777 1886 900 1952 debeat.
934 1890 1044 1968 Atque
1065 1883 1116 1972 (ut
1134 1885 1198 1950 alie
1219 1882 1380 1970 omittam)
1431 1887 1537 1954 Iacob.
1582 1887 1738 1954 Graviter
1759 1888 1847 1954 enim
1867 1887 2051 1972 praelator,
2074 1887 2200 1970 sibique
2221 1886 2392 1970 prophetae

412 1994 478 2039 non
511 1973 658 2056 vulgaris
692 1973 787 2036 buius
823 1972 1013 2056 prophetiae
1054 1971 1180 2036 utilitas
1218 1971 1279 2037 hoe
1311 1991 1377 2036 unc
1431 1974 1640 2040 autoritatem
1664 1973 1824 2052 vendicat,
1850 1983 1888 2038 ut
1908 1972 1992 2039 filies
2014 1972 2187 2040 admoneat
2207 1993 2244 2038 se
2263 1973 2391 2040 minime

411 2065 554 2138 constat,
583 2057 666 2141 quod
696 2058 834 2141 impuris
862 2069 895 2122 et
917 2056 1058 2140 prolenis
1083 2054 1286 2134 hominibus,
1319 2057 1374 2138 qui
1432 2061 1597 2143 privatum
1616 2067 1852 2126 testamcutum
1870 2057 1910 2124 de
1927 2058 2023 2125 rebus
2040 2056 2226 2125 domesticis
2245 2059 2392 2124 condere:

411 2146 509 2212 fidem
533 2145 616 2210 Masi
639 2141 780 2208 libenter
802 2141 1025 2221 detraherent,
1055 2163 1090 2208 os
1113 2141 1309 2219 obstruitur,
1339 2161 1382 2204 us
1432 2143 1489 2210 sed
1500 2145 1632 2210 oracula
1649 2144 1736 2226 apud
1753 2145 1860 2228 ipsum
1879 2145 2024 2227 deposita
2035 2145 2101 2210 iam
2120 2143 2228 2210 verbis
2245 2163 2392 2222 asserere,
2477 2186 2478 2190 =

412 2230 552 2314 amplius
574 2229 760 2311 obstrepere
780 2229 919 2308 ausint,
936 2228 1064 2294 coelesti
1088 2228 1245 2293 instinctu
1267 2226 1381 2310 loquu-
1432 2230 1534 2296 donec
1555 2250 1614 2297 sue
1636 2237 1780 2312 tempere
1802 2237 1959 2312 sequatur
1979 2236 2127 2296 eventus.
2167 2228 2281 2312 Neque
2302 2229 2392 2307 enim,

412 2325 482 2382 tum
505 2335 584 2382 esee.
629 2313 810 2398 Fingamus
833 2314 948 2379 Mosen
972 2335 1037 2378 non
1061 2311 1182 2378 referre
1204 2310 1279 2395 quid
1302 2311 1380 2376 clim
1432 2318 1500 2382 suis
1535 2316 1619 2382 votis
1652 2336 1763 2381 aurem
1790 2313 1948 2399 praebere
1980 2314 2086 2393 iubet,
2119 2313 2177 2380 sed
2205 2315 2241 2379 in
2273 2323 2393 2380 coetum
2477 2319 2478 2348 l

412 2403 608 2468 vaticinatus
631 2409 718 2464 esset
739 2400 851 2480 iacob,
882 2399 937 2464 scd
968 2400 1002 2464 in
1032 2419 1093 2464 sua
1115 2419 1252 2480 persona
1274 2396 1380 2479 loqui:
1432 2401 1520 2484 ipses
1541 2401 1628 2486 cogit
1650 2401 1776 2466 solenni
1799 2400 1881 2479 ritu,
1911 2409 1947 2465 ut
1976 2399 2118 2466 sedeunt
2143 2420 2227 2484 quae
2248 2421 2393 2466 successu

411 2487 498 2554 unde
526 2497 636 2550 temen
670 2485 817 2549 divinare
849 2485 955 2569 potuit
988 2504 1070 2568 quae
1102 2483 1216 2548 multis
1248 2482 1381 2547 taudem
1432 2487 1589 2570 temperis
1618 2486 1697 2568 ipsis
1725 2493 1903 2552 occurrent.
1954 2485 2058 2552 Porro
2086 2505 2152 2550 uon
2181 2484 2301 2551 dubito'
2320 2485 2392 2568 quin

413 2571 550 2639 succulis
583 2581 695 2655 postea
728 2569 959 2654 contigerunt?
993 2569 1088 2653 quale
1114 2577 1165 2634 cst
1192 2568 1380 2634 vaticinium
1432 2573 1530 2637 istam
1548 2571 1673 2637 diorum
1697 2571 1941 2650 successionem,
1962 2570 2002 2637 de
2023 2590 2087 2654 qua
2108 2571 2260 2654 loquitur,
2281 2590 2393 2656 aegyp

414 2658 453 2724 de
475 2677 577 2742 regno
600 2655 746 2722 Devidis.
779 2656 848 2723 Nec
872 2677 947 2721 vcro
969 2654 1102 2721 dubium
1125 2663 1175 2719 est
1196 2655 1274 2736 quin
1288 2651 1380 2719 Deus
1432 2658 1516 2723 tiaco
1534 2658 1649 2724 exsilio
1665 2666 1818 2740 opponat,
1836 2666 1873 2722 ut
1890 2657 2056 2740 suspensis
2074 2657 2192 2722 animis
2210 2666 2393 2740 exspectent

412 2755 499 2810 sorte
521 2743 652 2810 iusserit
673 2741 774 2807 dividi
797 2750 929 2822 terram,
951 2761 993 2806 ne
1014 2760 1079 2823 qua
1095 2739 1220 2805 subiret
1240 2737 1380 2820 suspicio
1432 2743 1625 2826 promissum
1657 2743 1719 2808 sibi
1744 2751 1874 2808 statum.
1918 2741 2091 2818 Iamvero
2110 2760 2151 2806 ex
2178 2742 2392 2826 superioribus

412 2830 527 2895 Iosuec
556 2849 598 2892 ex
624 2839 806 2910 compacto,
839 2835 872 2892 et
903 2826 1000 2894 sicuti
1021 2846 1040 2891 a
1058 2827 1214 2909 magistro
1247 2824 1381 2890 edoctus
1432 2828 1505 2894 colli
1530 2847 1584 2892 ere
1613 2839 1801 2910 promptum
1829 2837 1895 2908 est,
1923 2827 1958 2893 in
1986 2825 2048 2894 hec
2075 2826 2232 2894 vaticinio
2254 2848 2393 2911 compre-

413 2923 499 2990 erat‚
531 2913 646 2998 partiri
675 2915 761 2978 inter
794 2913 906 2979 tribus.
957 2911 1134 2994 Postquam
1167 2921 1254 2975 turra
1286 2909 1381 3009 potiti
1432 2849 1532 2979 nendi
1565 2923 1669 2980 totum
1701 2921 1830 2997 tempus
1861 2913 1901 2978 ab
1933 2911 2025 2979 exitu
2053 2912 2196 2998 Aegypti
2224 2931 2325 2996 usque
2357 2911 2393 2978 ad

413 3012 492 3066 sunt
515 2998 698 3080 Israelitae,
727 2999 857 3082 partitio
884 3019 950 3063 non
977 2997 1016 3062 fit
1045 2996 1215 3062 hominum
1237 2995 1379 3061 arbitrie.
1433 2998 1558 3068 Christi
1580 3018 1733 3082 regnam:
1756 3019 1822 3064 nen
1844 2995 1928 3080 quod
1950 2997 2079 3083 singula
2100 3006 2270 3064 enumeret
2285 2997 2392 3064 Iacob:

413 3085 511 3153 Unde
533 3086 571 3150 tit
594 3095 630 3148 at
652 3085 752 3150 tribui
762 3083 909 3150 Zabulon
930 3082 1080 3166 obtingat
1101 3081 1258 3147 habitatio
1280 3099 1380 3163 prope
1424 3073 1488 3151 'sed
1518 3085 1593 3184 quie
1613 3085 1647 3148 in
1675 3085 1811 3150 summis
1839 3103 1963 3165 rerum,
1992 3101 2072 3166 quas
2096 3083 2240 3149 breviter
2267 3083 2392 3162 delibat,

413 3171 507 3236 littus
527 3170 643 3235 maris:
667 3170 767 3236 tribui
788 3191 865 3236 vere
879 3168 964 3234 Aser
986 3167 1198 3234 frumentaria
1219 3164 1380 3249 planities,
1431 3171 1600 3237 constituit
1619 3171 1723 3236 fixum
1740 3167 1887 3236 ordinem
1905 3189 1943 3236 ec
1959 3187 2102 3248 cursum,
2125 3167 2229 3238 donec
2245 3175 2394 3253 appareat
2478 3249 2479 3252 Ἴ

414 3265 448 3323 et
470 3258 581 3322 sortito
604 3255 676 3320 aliis
697 3257 827 3322 eveniat
848 3253 933 3338 quod
956 3254 1010 3319 bic
1033 3253 1186 3319 habetur:
1210 3252 1272 3316 nisi
1295 3251 1379 3335 quod
1431 3255 1593 3322 (lhristus.
2478 3261 2479 3274 ¹

384 3342 577 3412 .Dominus
599 3360 657 3406 sue
678 3342 807 3408 oracula
835 3341 953 3406 effectu
981 3349 1053 3404 rata
1081 3359 1151 3404 esse
1174 3336 1292 3418 voluit,
1320 3355 1379 3419 pa·
1517 3341 1547 3408 3.
1571 3340 1695 3408 Reeben
1706 3339 1941 3424 primogenitem
1978 3335 2115 3405 Orditur
2133 3357 2153 3404 a
2171 3340 2392 3424 primogenito,
2478 3343 2479 3372 l

414 3428 546 3510 lamque
578 3425 721 3491 ostendit
751 3427 836 3492 nihil
868 3440 947 3492 tuno
979 3426 1168 3510 contingere
1201 3421 1285 3507 quod
1313 3442 1379 3488 non
1430 3445 1497 3492 non
1519 3427 1651 3494 honoris
1670 3445 1777 3504 causa,
1799 3434 1837 3490 ut
1857 3443 1954 3490 suum
1975 3423 2114 3509 gredum
2132 3425 2162 3491 ei
2184 3435 2319 3504 asserat,
2341 3423 2393 3491 sed

413 3512 540 3598 pridem
562 3521 698 3579 testatus
720 3526 806 3578 esset
827 3511 984 3586 futurum.
1015 3509 1088 3576 Iam
1110 3509 1197 3576 enim
1220 3507 1315 3574 redeo
1338 3505 1380 3574 ad
1430 3532 1493 3594 quo
1514 3512 1588 3595 plus
1611 3511 1659 3578 illi
1679 3511 1789 3577 inurat
1817 3509 1967 3594 pudoris,
1995 3531 2135 3596 eumque
2155 3511 2251 3578 iustis
2272 3509 2393 3594 probris

414 3599 514 3665 verba
535 3597 638 3664 Musis
665 3601 700 3663 in
728 3599 844 3682 quibus
868 3596 1034 3662 inducitur
1063 3605 1194 3661 sanctus
1215 3594 1312 3662 Iacob
1340 3591 1381 3656 dc
1430 3597 1589 3664 humiliet.
1633 3598 1718 3663 Nam
1740 3594 1997 3680 primogenitura
2018 3595 2072 3661 hic
2093 3594 2245 3662 deiicitur
2261 3595 2392 3662 Rubor:

414 3685 603 3769 longinquis
631 3683 729 3750 rebus
766 3684 928 3749 disserens
960 3680 1044 3764 quod
1073 3702 1093 3746 a
1120 3679 1235 3782 spiritu
1268 3689 1380 3745 saneto
1431 3684 1506 3765 quia
1539 3683 1660 3750 incesto
1693 3682 1780 3748 coitu
1812 3702 1888 3748 cum
1920 3701 2060 3748 noverca
2090 3691 2264 3766 paternum
2292 3680 2393 3748 cubile

415 3771 538 3838 didicit.
573 3767 639 3836 Sed
661 3769 827 3834 oblatrant
848 3766 979 3852 quidam
1000 3776 1144 3851 protervi
1166 3783 1271 3843 canes,
1295 3762 1381 3830 unde
1431 3769 1601 3852 polluerat.
1637 3766 1763 3835 Sensus
1780 3775 1890 3832 autem
1908 3765 2083 3832 verborum
2104 3777 2171 3834 est:
2193 3767 2246 3832 Tu
2267 3766 2393 3850 quidem

415 3857 502 3923 Masi
524 3856 639 3920 notitia
661 3856 821 3920 sermonis
848 3855 884 3919 iu
912 3855 1048 3920 obscuro
1071 3851 1201 3936 tugurio
1223 3859 1299 3914 aute
1321 3849 1380 3914 du·
1432 3862 1551 3919 natura
1569 3854 1812 3940 primogenitus,
1826 3851 1984 3918 debueras
2006 3853 2173 3931 excellere,
2191 3873 2292 3936 quum
2310 3872 2393 3919 essee

415 3955 525 4010 centos
536 3962 639 4006 annos
650 3939 775 4006 habiti?
800 3943 983 4024 Antequam
996 3938 1218 4022 respondeam,
1238 3935 1380 4002 vicissim
1432 3939 1539 4006 virtus
1565 3961 1654 4018 mea,
1684 3950 1717 4005 et
1745 3937 1941 4023 principium
1968 3937 2073 4006 virilis
2099 3938 2314 4020 fortitudinis,
2340 3934 2394 4004 sed

416 4050 509 4114 rogo,
537 4026 625 4092 uude
652 4025 700 4091 illi
733 4027 874 4110 cognitio
902 4026 1044 4090 locorum
1076 4033 1183 4088 terrae
1213 4021 1382 4101 chanaan,
1431 4026 1507 4108 quia
1527 4026 1693 4092 defluxisti
1714 4025 1818 4090 instar
1844 4043 1963 4108 aquae,
1991 4043 2055 4090 non
2078 4033 2128 4090 est
2149 4024 2237 4108 quod
2258 4023 2394 4108 amplius

415 4135 498 4198 quae
521 4132 587 4178 non
615 4133 708 4178 secus
737 4132 774 4177 ac
804 4112 928 4195 peritus
957 4109 1137 4189 dimensor,
1169 4109 1205 4174 in
1234 4106 1382 4190 singulae
1432 4111 1492 4176 tibi
1518 4112 1693 4195 quidquam
1721 4130 1861 4194 arroges.
1908 4108 1993 4174 Nam
2025 4107 2065 4175 ab
2091 4109 2237 4178 incestus
2268 4111 2318 4176 tui
2346 4109 2394 4174 die

414 4201 521 4265 tribus
554 4196 720 4282 assignat?
765 4195 804 4261 Si
842 4197 923 4261 haee
960 4196 1108 4262 coelestis
1146 4194 1208 4259 fuit
1246 4193 1382 4258 scientia
1433 4197 1513 4262 abiit
1534 4205 1567 4262 et
1589 4196 1726 4262 evanuit
1753 4194 1810 4260 illa
1838 4193 1996 4279 dignitas,
2026 4215 2123 4278 quam
2152 4195 2254 4262 natali
2282 4194 2337 4260 die
2357 4217 2394 4260 ex

417 4283 514 4373 (quod
547 4284 643 4348 fateri
672 4303 804 4348 necesse
834 4281 895 4370 est)
924 4301 982 4346 cur
1004 4279 1171 4364 negabunt
1202 4277 1295 4363 impii
1327 4278 1382 4343 isti
1433 4293 1525 4348 utere
1547 4282 1714 4347 attuleras.
1748 4280 1878 4346 Nomen
1893 4292 1939 4379 pt<
1961 4279 2094 4363 quidam
2114 4301 2174 4364 pro
2191 4282 2325 4360 semine,
2344 4279 2394 4344 alii

416 4372 600 4438 blateroues
628 4369 784 4435 divinitus
810 4369 839 4433 ei
871 4368 972 4433 fuisse
1004 4366 1149 4432 revelata
1177 4384 1260 4449 quae
1290 4362 1383 4429 laceb
1431 4389 1490 4451 pro
1513 4367 1622 4434 dolore
1644 4366 1822 4450 accipiunt:
1852 4375 1949 4448 atque
1970 4367 2017 4431 ita
2046 4374 2195 4432 vertunt:
2218 4367 2269 4432 Τιι
2289 4369 2395 4433 virtus

415 4454 645 4542 praedixerat?
697 4455 791 4520 Adde
829 4453 914 4537 quod
948 4454 1035 4517 inter
1069 4451 1173 4517 multe
1205 4451 1268 4517 alia
1300 4469 1382 4532 quae
1432 4475 1522 4532 mea,
1555 4465 1588 4520 et
1620 4451 1814 4537 principium
1847 4449 1968 4518 doloris
1996 4449 2050 4516 vel
2078 4451 2220 4518 seminis.
2270 4451 2394 4534 Quibus

417 4543 520 4609 saneti
542 4553 651 4625 patres
669 4562 726 4623 per
744 4560 859 4605 monus
878 4536 1086 4618 tradiderant,
1108 4537 1188 4603 haec
1206 4533 1382 4619 praedictio
1432 4540 1538 4623 placet
1560 4560 1625 4606 vex
1647 4535 1781 4617 doloris,
1814 4537 1973 4603 rationem
1995 4535 2080 4604 hane
2107 4539 2291 4623 assignmt,
2323 4537 2395 4622 quia

418 4640 496 4695 tuno
518 4629 637 4712 passim
662 4641 739 4692 nota
761 4647 830 4691 esse
851 4625 970 4708 potuit.
1014 4623 1109 4690 Unde
1129 4624 1166 4687 fit
1187 4631 1224 4687 ut
1245 4620 1383 4705 populus
1432 4625 1526 4692 liberi
1564 4623 1754 4709 parentibus
1792 4641 1901 4690 euram
1938 4629 1972 4688 et
2011 4622 2210 4688 anxietatem
2249 4623 2393 4689 afferant.

419 4714 590 4779 tranniee
608 4733 790 4797 oppressus,
809 4731 905 4793 opem
924 4708 987 4774 Dei
1006 4709 1189 4774 liberatoris
1205 4705 1380 4773 inclamet?
1433 4711 1537 4794 Atqui
1568 4710 1596 4774 si
1628 4708 1709 4776 haee
1740 4707 1935 4792 significetio
1968 4708 2139 4792 probatur,
2171 4709 2278 4793 potius
2313 4717 2394 4774 esset

417 4737 515 4866 [inde
541 4799 580 4863 lit
607 4815 643 4863 ut
672 4802 710 4864 ad
740 4800 847 4864 solum
878 4797 1024 4862 auditum
1053 4794 1274 4878 promissionis
1304 4793 1382 4857 olim
1432 4795 1605 4862 antithesis
1631 4795 1720 4860 inter
1748 4794 1904 4860 virtutem
1926 4801 1960 4859 et
1984 4795 2189 4860 moestitiam.
2233 4792 2301 4861 Sed
2323 4795 2393 4878 qaia

419 4883 524 4964 datae,
548 4883 674 4949 animos
697 4885 730 4948 in
753 4885 870 4950 bonam
893 4881 1045 4947 fiduciam
1068 4882 1187 4964 erigat,
1215 4879 1278 4945 nisi
1298 4877 1382 4962 quod
1433 4903 1496 4948 uno
1518 4890 1674 4948 contextu
1695 4880 1792 4947 Iacob
1814 4878 1982 4963 dignitatis
2002 4877 2107 4966 elogia
2127 4889 2290 4960 recenset,
2314 4899 2392 4964 quae

418 4970 742 5053 divinaeadoptioois
758 4970 916 5052 quaedam
934 4967 1041 5033 adhue
1057 4967 1188 5050 vigebat
1202 4963 1381 5029 memoria?
1432 4969 1467 5032 in
1489 4966 1742 5052 primogenitum
1764 4973 1961 5048 competunt,
1983 4984 2047 5030 non
2072 4963 2184 5031 dubito
2206 4966 2284 5050 quin
2306 4967 2392 5049 prin·

420 5055 457 5124 Si
480 5056 579 5140 vulgo
607 5055 733 5122 celebre
758 5055 819 5120 fuit
843 5053 978 5118 Domini
1006 5052 1134 5131 foedus,
1163 5049 1254 5116 cuius
1276 5050 1382 5136 impu·
1432 5055 1553 5136 ulpium
1576 5073 1655 5118 suae
1677 5049 1841 5119 virilitatis
1863 5049 2018 5116 nominet.
2062 5049 2267 5134 Numquam
2292 5051 2392 5116 homi·

419 5143 546 5208 dentiae
575 5142 637 5207 erit
664 5161 784 5226 negare
809 5141 893 5224 quod
921 5140 961 5205 de
989 5137 1190 5204 haereditate
1221 5137 1382 5220 promissa
1432 5161 1491 5204 nes
1507 5141 1541 5204 in
1560 5137 1636 5204 filiis
1653 5133 1888 5221 quodammodo
1905 5135 2117 5220 revigeecaut,
2140 5137 2255 5202 merito
2272 5137 2391 5222 vigoris

418 5227 568 5310 cognosci
589 5248 705 5311 operae
727 5227 868 5311 pretium
890 5226 960 5304 fuit,
982 5245 1001 5290 a
1023 5223 1171 5291 coelestis
1192 5221 1256 5288 Dei
1277 5222 1383 5288 servis
1431 5225 1626 5309 principium
1658 5221 1777 5289 dicitur
1803 5221 2050 5307 primogenitus.
2100 5219 2225 5287 Eodem
2251 5222 2391 5306 pertinet

420 5313 566 5380 exactius
593 5315 692 5380 fuisse
721 5311 949 5378 observatum?
973 5311 1085 5395 Neque
1108 5310 1195 5376 enim
1219 5309 1380 5375 Dominus
1431 5309 1515 5395 quod
1539 5310 1650 5377 statim
1672 5307 1829 5392 sequitur,
1851 5306 1936 5392 quod
1957 5307 2055 5373 fuerit
2074 5305 2266 5374 excellentia
2287 5307 2391 5394 digni·
