5000 6208
111 433 166 498 321
494 529 501 544 ι
754 434 1124 508 COMMENTARIUS
1147 437 1197 502 IN
1220 436 1433 504 GENESIN.
1531 526 1533 531 ³
2028 441 2093 506 322

109 626 204 706 posteo
219 620 358 701 sepelivit
378 619 539 686 Abraham
559 621 662 687 Scrob
684 643 811 689 uxorem
831 644 923 690 aum
944 625 980 690 ia
1000 645 1069 706 apc-
1120 627 1201 690 riam
1224 627 1329 710 magis
1351 629 1494 705 interest,
1517 623 1675 708 quomodo
1694 623 1768 689 alibi
1792 633 1920 691 mortua
1937 627 1981 691 sit
1998 625 2092 709 Sara,

112 709 193 773 lurco
213 707 283 788 apri
303 707 423 790 duplici
443 726 545 772 carm
564 705 704 774 Momre:
725 707 799 774 loco
820 714 864 775 oet
885 710 1013 777 Hebron
1033 711 1068 775 ia
1120 731 1217 794 quam
1246 711 1302 776 ubi
1335 711 1532 778 domicilium
1561 710 1701 776 habebat
1729 710 1906 776 Abraham.
1952 709 1989 778 Si
2017 715 2091 798 quis

111 799 185 858 terro
207 791 362 858 dtenaoo.
407 792 458 857 20.
482 792 525 856 Ei
551 793 753 874 confiteretur
778 801 822 860 est
843 817 931 878 aper,
953 801 982 862 et
1002 816 1069 879 epe·
1120 798 1261 880 excipiat
1288 796 1397 863 sedem
1426 797 1538 862 ambos
1565 807 1723 872 mutasse,
1752 797 1960 881 refragantur
1988 799 2091 864 Mosis

110 880 192 944 lurco
207 897 286 958 quoe
307 883 374 942 erat
391 879 426 942 iu
443 898 492 956 oo,
522 879 588 961 pei
607 878 771 948 Abrabam
792 881 826 946 iu
848 880 1068 947 hoereditatem
1119 882 1231 962 verba,
1248 885 1302 966 qui
1322 885 1451 949 venisse
1470 881 1548 948 dicit
1565 881 1732 947 Abraham
1752 890 1789 945 ut
1805 891 1973 948 mortuum
1991 905 2089 950 suum

110 961 254 1046 aepaldsri
275 983 296 1028 c
314 963 395 1044 fitia
416 962 507 1030 Helle.
1118 967 1255 1052 lugeret.
1299 968 1384 1034 Nam
1414 969 1492 1034 hinc
1521 967 1673 1052 colligere
1700 976 1886 1050 promptum
1915 977 1966 1034 est
1991 972 2089 1038 morti

1119 1073 1185 1118 non
1226 1055 1428 1120 interfuisse:
1467 1075 1527 1120 nec
1566 1052 1743 1119 verisimile
1782 1061 1832 1118 est
1871 1054 2089 1121 tabernaculis

185 1132 212 1197 1.
237 1131 281 1198 Et
303 1132 370 1216 fuit
397 1133 462 1198 cito
487 1133 600 1200 Sorab.
644 1135 768 1200 Mirum
796 1145 847 1202 est
867 1158 926 1204 cur
947 1137 1065 1215 Moses,
1119 1136 1223 1203 solum
1245 1139 1345 1206 luisse
1367 1139 1553 1220 disiunetos,
1575 1146 1613 1204 ut
1630 1137 1762 1223 lugendi
1781 1159 1880 1205 eausa
1902 1139 2011 1206 deoem
2031 1149 2089 1207 aut

109 1219 157 1301 qni
177 1238 241 1284 uno
268 1218 369 1285 verbo
396 1217 520 1284 indicat
546 1229 683 1285 mortem
706 1219 825 1302 Sarae,
856 1231 924 1288 tam
953 1223 1066 1288 maltis
1119 1224 1239 1308 viginti
1269 1245 1383 1309 passus
1416 1226 1604 1304 conficeret,
1638 1223 1787 1308 neglecto
1816 1225 1938 1307 potiore
1971 1227 2086 1292 officio.

107 1311 313 1386 prosequatur
334 1303 549 1387 sepulturam:
572 1304 629 1370 sed
673 1307 811 1374 asterius
833 1329 899 1374 non
921 1329 993 1373 esse
1014 1330 1065 1374 au·
1117 1308 1191 1376 Hae
1224 1311 1264 1374 de
1295 1330 1393 1376 eausa
1423 1311 1631 1393 suspicantur
1661 1308 1809 1393 quidam,
1842 1331 1977 1395 peregre
2010 1321 2088 1380 tune

108 1409 298 1472 pervacuum
318 1410 397 1456 mox
419 1389 611 1456 videbimus.
689 1400 791 1457 ortem
815 1413 873 1459 suo
896 1415 986 1459 more
1007 1413 1066 1459 eur
1117 1394 1217 1461 fuisse
1244 1397 1435 1480 profectum.
1481 1396 1565 1460 Mihi
1588 1415 1665 1460 vero
1694 1396 1798 1480 magis
1821 1395 1949 1460 videtur
1970 1399 2086 1480 proba-

106 1483 166 1537 tam
188 1475 330 1540 breviter
350 1475 500 1560 attingat,
522 1478 646 1542 nescio:
670 1479 733 1543 nisi
754 1477 841 1561 quod
862 1479 946 1563 plus,
960 1481 1064 1545 consi·
1117 1480 1181 1545 bile
1203 1489 1282 1548 tune
1302 1480 1367 1546 illis
1390 1481 1569 1563 hospitium
1590 1481 1690 1546 fuisse
1712 1481 1746 1546 in
1768 1479 1921 1559 Hebron,
1947 1483 1999 1548 vel
2022 1483 2086 1549 sal·

106 1558 276 1625 derandum
298 1560 452 1644 relinquit
472 1561 647 1627 lectoribus
669 1584 765 1646 quam
788 1565 959 1647 exprimat.
1004 1565 1064 1630 Vi·
1117 1573 1182 1631 tem
1206 1567 1239 1632 in
1262 1567 1346 1634 velle
1368 1567 1512 1647 Mamre,
1540 1587 1623 1650 qnae
1651 1566 1725 1632 urbi
1752 1567 1859 1633 vicina
1886 1575 1945 1633 est.
1990 1569 2084 1634 Post-

104 1643 216 1711 debant
255 1647 359 1712 saneti
397 1655 507 1729 patres
545 1656 684 1713 mortem
717 1647 778 1716 sibi
811 1671 886 1715 oum
920 1651 1064 1735 reprobis
1116 1671 1213 1734 quam
1241 1653 1330 1718 enim
1362 1654 1516 1738 exignum
1544 1652 1594 1717 illi
1626 1662 1754 1735 tempus
1783 1651 1822 1717 ad
1857 1654 2086 1737 respirandum

101 1750 300 1798 communem
331 1752 410 1798 esse.
461 1732 575 1816 Neque
603 1742 712 1800 tamen
739 1735 872 1801 fuerunt
899 1735 1063 1802 deterriti:
1115 1735 1229 1802 datum
1258 1746 1337 1819 erat,
1364 1760 1440 1804 mox
1468 1738 1507 1803 ad
1537 1737 1648 1804 solitas
1680 1739 1956 1822 peregrinationes
1978 1741 2085 1808 redire

104 1819 174 1900 quin
196 1819 300 1882 vitam
328 1817 494 1882 aerumnis
522 1819 675 1885 refertam
699 1840 795 1904 aegre
817 1821 999 1902 trahentes,
1022 1822 1063 1887 ad
1115 1831 1244 1890 coaetus
1266 1832 1325 1890 ast.
1370 1825 1415 1890 Et
1436 1815 1586 1907 quamvis
1610 1833 1715 1890 taceat
1737 1825 1846 1889 Moses
1869 1825 1955 1890 iusta
1977 1828 2085 1891 mariti

102 1913 215 1967 metam
250 1902 408 1986 intrepide
440 1911 624 1988 pergerent.
672 1905 769 1972 Unde
800 1909 961 1990 seqnitur,
994 1929 1061 1973 me·
1113 1909 1218 1974 officia
1251 1909 1419 1976 Abraham
1460 1911 1659 1994 praestitisse
1698 1909 1794 1975 rivae
1833 1908 1940 1977 adhue
1971 1915 2084 1978 uxori:

103 1987 186 2052 lieris
214 1988 299 2053 ritae
322 2008 379 2071 spe
406 1990 582 2067 animatos,
612 1990 794 2076 fatigationi
822 2013 888 2058 non
917 1995 1061 2060 cessisse.
1114 1994 1220 2059 omitti
1246 1995 1332 2078 qnod
1352 1994 1522 2061 indubium
1552 2005 1585 2059 ot
1607 2015 1666 2080 pro
1688 2001 1777 2061 certo
1800 1993 1982 2062 habendum
2012 2007 2082 2064 erat

102 2071 211 2138 Seram
245 2094 349 2139 annos
377 2081 508 2140 eentum
541 2075 660 2160 viginti
687 2085 812 2162 septem
837 2079 958 2145 vixisse
986 2079 1064 2145 dicit
1114 2080 1274 2158 existimo,
1298 2089 1331 2148 et
1353 2081 1392 2146 de
1414 2081 1504 2147 luetn
1527 2082 1627 2147 verba
1647 2081 1735 2158 fieri,
1757 2081 1909 2164 quoniam
1932 2105 1985 2148 res
2008 2105 2083 2148 con-

100 2158 220 2224 Mcses:
254 2160 330 2242 quia
361 2167 471 2225 autem
505 2160 545 2225 a'd
579 2161 725 2246 singulos
758 2184 912 2229 numeros
945 2165 1064 2248 repetit
1114 2165 1226 2231 innota
1247 2176 1318 2232 erat
1339 2187 1414 2232 cum
1435 2187 1513 2234 eura
1534 2167 1727 2250 sepulturae.
1772 2167 1928 2232 Seorsum
1952 2169 2083 2251 quidem

99 2264 213 2310 nomen
244 2266 419 2325 annorum,
449 2245 638 2312 fabulantur
664 2246 777 2315 Iudaei
807 2249 867 2314 hoe
895 2247 968 2315 ideo
997 2251 1063 2316 fac-
1114 2249 1280 2318 habitasse
1308 2263 1422 2335 postea
1452 2251 1652 2317 ridebimus:
1673 2273 1752 2338 ¹nou
1780 2251 1865 2335 quod
1893 2253 2082 2337 regionibus

99 2337 179 2408 tum,
219 2330 306 2414 quod
346 2340 413 2395 tam
446 2331 588 2398 formosa
620 2333 735 2399 fuisset
766 2355 853 2401 anno
885 2336 1064 2402 centesimo
1114 2335 1218 2400 dissiti
1245 2338 1368 2417 forent,
1397 2336 1454 2403 sed
1481 2339 1557 2421 quia
1578 2339 1611 2401 in
1641 2337 1781 2420 propriis
1809 2338 1975 2417 tentoriis,
2005 2339 2081 2405 licet

97 2435 190 2498 qaam
213 2416 387 2501 vigesimo:
420 2417 455 2481 in
482 2415 562 2482 flore
589 2427 698 2484 autam
720 2421 835 2486 aetatis
856 2427 925 2487 tam
946 2421 1064 2505 pudiea
1114 2423 1293 2508 contiguis,
1320 2423 1442 2508 singuli
1471 2421 1634 2509 degerent.
1677 2423 1792 2506 Neque
1813 2422 1847 2486 id
1876 2422 2000 2490 dissidii
2030 2428 2081 2491 vel

100 2521 191 2582 quam
213 2521 301 2567 anno
318 2502 466 2586 septimo.
510 2502 582 2568 Hoc
603 2503 669 2569 illis
690 2505 823 2572 solenne
845 2518 904 2586 est,
927 2505 1002 2572 dum
1026 2508 1062 2572 in
1114 2507 1262 2574 rixarum
1281 2509 1411 2594 signum
1429 2509 1498 2586 luit,
1521 2508 1578 2574 sed
1595 2507 1736 2573 familiae
1754 2509 1961 2591 amplitudini
1978 2513 2082 2597 magis

98 2588 242 2653 ornanda
269 2596 367 2672 gente
389 2609 450 2654 sua
470 2609 505 2654 se
534 2588 670 2670 probare
697 2591 813 2656 volunt
834 2599 985 2677 argutos,
1007 2594 1059 2658 tri·
1114 2593 1342 2676 imputandum
1371 2603 1429 2660 est.
1474 2593 1558 2659 Nam
1588 2602 1624 2658 ut
1651 2592 1791 2658 multum
1820 2595 1941 2679 negotii
1968 2596 2083 2662 habuit

97 2673 184 2738 volas
216 2675 359 2757 ineptias
391 2675 607 2751 comminisci,
640 2697 723 2758 quae
751 2677 935 2759 pudendam
964 2679 1060 2745 insei-
1114 2678 1282 2744 Abraham
1303 2681 1339 2745 in
1361 2680 1503 2763 regendo
1526 2685 1573 2744 tot
1594 2699 1762 2744 servorum
1785 2701 1898 2764 grege,
1920 2683 1966 2746 ita
1987 2684 2083 2749 uxori

97 2758 172 2822 tiam
191 2759 344 2843 prodant:
362 2760 457 2825 sicuti
469 2760 530 2825 hoe
548 2760 615 2826 loco
633 2780 765 2843 prorsus
783 2761 913 2847 ignaros
931 2764 1063 2848 linguae
1114 2763 1217 2830 nihilo
1238 2765 1365 2830 facilins
1387 2765 1448 2831 fuit
1477 2764 1612 2830 ancillas
1633 2765 1753 2830 habere
1775 2766 1835 2829 sub
1858 2775 1947 2831 casta
1968 2776 2000 2832 et
2022 2767 2080 2832 ho-

96 2864 170 2909 snae
188 2865 261 2910 esse
278 2847 350 2927 quis
368 2866 432 2910 non
450 2845 579 2926 dicaret,
599 2846 634 2911 in
653 2867 716 2930 qua
734 2849 811 2912 trita
833 2857 883 2914 est
904 2849 1062 2916 eiusmodi
1114 2858 1207 2914 nesta
1239 2851 1393 2917 custodia.
1448 2850 1526 2934 Ipsa
1564 2851 1664 2935 igitur
1702 2853 1810 2934 eopia,
1850 2872 1946 2934 quam
1982 2853 2081 2919 simul

95 2929 267 3012 repetitio?
291 2930 385 3012 Quod
416 2932 513 2996 etiam
540 2932 596 2996 alii
618 2932 653 2996 in
672 2953 751 3018 voce
769 2946 838 3001 nttn
856 2941 1060 3019 argutantur,
1114 2936 1244 3000 misceri
1265 2945 1373 3001 tutum
1394 2957 1461 3003 non
1479 2943 1558 3014 erat,
1580 2936 1738 3002 familiam
1760 2937 1875 3019 partiri
1893 2957 1948 3003 eos
1965 2941 2079 3024 coegit.

93 3016 226 3080 minime
266 3015 404 3082 solidum
424 3015 496 3082 est.
553 3016 622 3083 Cur
655 3018 740 3084 vitas
772 3017 894 3099 plurali
926 3042 1061 3086 numero
1114 3019 1178 3086 Sed
1212 3041 1368 3103 quorsum
1397 3023 1546 3100 attinuit,
1581 3020 1715 3106 lugendi
1744 3042 1842 3088 eausa
1867 3022 1908 3087 ad
1941 3023 2081 3090 cadaver

93 3099 236 3167 Hebraei
260 3103 491 3184 pronuntient,
518 3104 600 3168 ratio
622 3125 689 3169 non
710 3103 842 3170 videtur
862 3105 945 3170 mihi
966 3126 1060 3191 posse
1113 3105 1285 3172 accedere?
1310 3128 1429 3186 annon,
1452 3116 1489 3173 ut
1511 3107 1656 3172 dolorem
1677 3108 1782 3190 ipsum
1807 3108 1939 3174 minime
1962 3131 2081 3193 provo·

92 3186 205 3251 melior
236 3187 344 3267 reddi,
375 3209 471 3270 quam
499 3189 584 3271 quod
608 3189 720 3253 Latini
745 3189 921 3276 quadrigas
952 3190 1061 3258 dicant
1112 3200 1218 3271 caret,
1246 3193 1326 3258 satis
1348 3194 1448 3258 tristis
1477 3191 1654 3276 aeerbaque
1676 3214 1763 3259 mors
1785 3195 1896 3258 uxoris
1918 3194 2001 3260 fuit?
2025 3217 2081 3279 po-

92 3293 154 3336 non
188 3272 391 3357 quadrigam.
437 3272 512 3340 Seio
543 3273 758 3359 multiplicem
792 3297 862 3342 esse
891 3276 1059 3344 hominum
1111 3276 1180 3342 tius
1196 3277 1418 3361 quaerendum
1436 3289 1506 3344 erat
1524 3279 1593 3344 eius
1610 3278 1755 3343 leniendi
1773 3279 1963 3360 remedium,
1982 3301 2082 3364 quam

92 3357 208 3436 vitam,
241 3359 319 3443 qnia
347 3369 476 3442 praeter
504 3360 649 3425 animam
677 3361 912 3446 vegetativam,
942 3361 1058 3428 deinde
1112 3371 1148 3428 ut
1176 3363 1381 3448 indulgentia
1407 3365 1531 3431 foveret
1556 3374 1653 3449 atque
1686 3365 1784 3430 etiam
1817 3373 1961 3450 augeret.
2013 3367 2080 3433 Re-

90 3453 219 3524 praeter
242 3465 374 3510 sensum
392 3465 489 3528 quem
506 3446 629 3511 habent
645 3467 719 3511 cum
738 3445 843 3513 brutis
865 3448 1060 3515 animalibus
1110 3449 1269 3532 spondeo,
1304 3451 1332 3516 si
1361 3449 1525 3516 Abraham
1556 3448 1597 3513 ad
1625 3470 1761 3515 uxorem
1790 3462 1952 3516 mortuam
1979 3454 2078 3530 venit,

90 3549 311 3610 communem,
338 3539 447 3596 mente
474 3551 599 3616 qaoque
620 3537 654 3596 et
673 3532 894 3617 intelligentia
922 3535 1060 3618 praediti
1110 3545 1148 3598 nt
1167 3534 1342 3620 largiorem
1370 3537 1483 3601 fletum
1513 3536 1660 3616 eliceret,
1686 3536 1812 3619 sibique
1832 3555 1888 3601 cor
1914 3537 2078 3602 scinderet

89 3623 174 3680 sunt.
229 3615 416 3682 Plausibilis
449 3615 578 3700 quidem
606 3618 749 3702 argutia,
783 3618 840 3684 sed
867 3640 950 3702 quae
976 3619 1059 3685 nihil
1110 3620 1204 3685 novis
1235 3621 1441 3700 vulneribus,
1472 3644 1537 3687 non
1564 3642 1635 3686 esse
1657 3619 1860 3704 probandum
1880 3623 2077 3705 exemplum.

89 3697 186 3766 habet
208 3700 313 3766 solidi.
359 3701 439 3768 Plus
461 3702 576 3769 eoloris
597 3703 695 3768 habet
716 3725 827 3769 eorum
851 3704 972 3787 opinio,
987 3707 1059 3789 qui
1110 3703 1247 3772 sivero
1270 3715 1302 3771 et
1324 3707 1593 3772 uxorismortem
1615 3708 1769 3789 privatim
1798 3706 1947 3786 deflevit,
1975 3730 2079 3790 quan-

88 3787 195 3852 varios
219 3789 307 3854 vitae
335 3787 499 3853 humanae
526 3797 664 3854 eventus
685 3790 792 3854 notari
813 3797 946 3872 putant:
976 3811 1059 3874 quae
1110 3798 1181 3855 tum
1213 3793 1337 3859 ferebat
1369 3791 1575 3871 humanitas,
1609 3814 1646 3858 ao
1676 3793 1710 3856 in
1737 3813 1775 3858 eo
1802 3793 1862 3858 sibi
1890 3793 2078 3862 moderatus

88 3891 188 3952 quum
212 3871 297 3937 nihil
319 3872 437 3939 habeat
457 3874 587 3951 stabile,
610 3873 667 3940 sed
689 3874 775 3939 inter
796 3874 942 3941 assiduas
961 3877 1057 3943 viais-
1109 3885 1173 3941 est:
1197 3876 1314 3942 deinde
1336 3898 1542 3944 communem
1565 3876 1701 3942 humani
1724 3879 1853 3962 generis
1878 3879 2077 3947 maledictio-

86 3956 249 4023 situdines
272 3967 411 4038 aestuet,
440 3960 556 4024 merito
578 3961 613 4023 in
642 3959 753 4043 plures
782 3961 868 4026 vitas
888 3960 1057 4028 dividitur.
1109 3983 1183 4027 nem
1221 3975 1439 4048 prosequutus
1471 3972 1522 4030 est
1559 3965 1746 4029 voluntario
1782 3963 1885 4044 luctu,
1925 3966 2009 4030 nihil
2041 3968 2078 4033 in

86 4041 157 4126 Ego
192 4053 306 4108 tamen
345 4044 484 4128 simplici
514 4045 646 4129 linguae
677 4067 739 4110 usn
772 4054 942 4112 eontentus
975 4069 1058 4129 sum,
1109 4057 1246 4131 atroque
1268 4070 1338 4115 esse
1359 4049 1442 4114 vitii.
1488 4048 1577 4114 Nihil
1609 4048 1696 4113 enim
1725 4048 1876 4114 tristitiae
1898 4071 1939 4114 ex
1961 4054 2077 4116 mortis

83 4129 175 4194 euius
199 4150 269 4194 non
291 4150 420 4213 semper
440 4131 566 4195 curiose
588 4129 771 4214 quaerenda
793 4144 842 4196 est
863 4133 957 4197 ratio.
1108 4133 1230 4198 intuitu
1252 4135 1382 4213 sentire,
1402 4134 1568 4200 barbaries
1591 4144 1640 4200 est
1663 4135 1768 4218 magis
1786 4157 1823 4200 ac
1845 4141 1958 4218 stupor
2001 4158 2076 4202 uam

168 4216 200 4279 2.
227 4214 271 4279 Iu
283 4213 524 4282 erraterrat.
556 4217 609 4281 Ex
628 4217 752 4282 decimo
771 4218 884 4300 quinte
902 4219 1008 4302 eapite
1023 4241 1055 4284 v.
1106 4219 1208 4284 animi
1226 4219 1391 4286 fortitudo.
1425 4219 1600 4286 Caeterum
1618 4221 1693 4302 qaia
1711 4220 1808 4284 homo
1824 4220 1888 4285 fuit
1899 4158 2076 4302 Abraham,

81 4297 133 4364 54.
155 4300 266 4378 Iasae,
290 4312 425 4384 apparot
446 4303 550 4385 magis
574 4303 741 4386 antiquum
764 4303 864 4368 fuisse
885 4303 976 4370 urbis
998 4327 1057 4370 no·
1106 4305 1178 4370 fieri
1205 4314 1371 4388 potestat
1398 4306 1530 4373 modum
1558 4305 1742 4371 excesserit.
1787 4305 1832 4370 Et
1860 4314 1969 4371 tamen
1992 4308 2076 4390 quod

80 4405 175 4464 men,
198 4408 283 4470 quae
306 4396 416 4470 postea
437 4386 572 4453 Hebron
596 4389 703 4454 vocari
724 4390 838 4472 eoepit.
881 4387 1056 4456 Caeterum
1107 4391 1203 4475 paulo
1225 4401 1299 4474 post
1319 4392 1451 4458 subiicit
1467 4391 1586 4469 Moses,
1610 4413 1683 4458 eum
1706 4391 1886 4456 surrexisse
1904 4412 1925 4456 a
1945 4401 2076 4460 mortuo

83 4469 122 4534 de
162 4472 367 4556 etymologia
405 4493 471 4538 non
511 4475 671 4539 convenit.
721 4473 864 4554 Quidam
897 4476 938 4541 ab
976 4477 1057 4542 urbe
1107 4496 1183 4555 suo,
1212 4475 1253 4542 ad
1274 4477 1403 4542 laudem
1432 4477 1664 4544 moderationis
1685 4476 1842 4560 pertinet:
1874 4475 1973 4559 idque
1996 4484 2076 4543 Am·

81 4556 292 4641 quadruplici
329 4557 501 4624 deductum
535 4580 606 4625 esse
642 4567 762 4642 putant
798 4580 932 4626 nomen:
972 4563 1057 4633 sicut
1107 4562 1232 4628 brosius
1254 4561 1430 4645 prudenter
1448 4561 1611 4647 expendit,
1635 4562 1695 4626 hoc
1712 4561 1860 4644 exemplo
1878 4582 1937 4627 nos
1958 4562 2074 4644 doceri,

80 4649 225 4724 τρίπολιν
255 4643 374 4710 Graeci
406 4644 572 4726 appellant
604 4642 717 4710 arbem
751 4644 855 4711 tribus
888 4646 1056 4712 ordinibus
1106 4668 1259 4730 perverse
1269 4668 1324 4714 eoa
1334 4651 1450 4729 lacere,
1467 4649 1524 4733 qai
1534 4669 1569 4714 se
1580 4649 1614 4712 in
1627 4648 1763 4713 mortuis
1774 4646 1925 4731 lugendis
1935 4648 2074 4715 nimium

79 4727 291 4807 distinctam,
321 4738 353 4795 et
378 4731 545 4814 regionem
568 4730 801 4814 Decapolima
828 4730 937 4796 decem
968 4734 1055 4798 urbi·
1106 4741 1273 4816 occupant.
1292 4733 1363 4798 lam
1375 4735 1403 4800 si
1414 4743 1491 4801 tunc
1505 4735 1603 4799 finem
1615 4732 1717 4798 dolori
1729 4733 1883 4815 imposuit
1895 4733 2073 4817 Abraham,

77 4813 150 4881 bus.
193 4815 282 4880 Aliis
300 4814 407 4898 placet
428 4835 545 4882 nomen
568 4838 638 4882 esse
655 4816 798 4901 gigantis
817 4814 937 4894 Arbah,
958 4839 1054 4901 quem
1105 4839 1204 4902 seque
1243 4819 1388 4885 cohibuit
1415 4840 1515 4903 quum
1549 4818 1656 4884 adhue
1687 4819 1823 4884 obseura
1851 4829 1936 4884 esset
1965 4841 2074 4886 resur·

79 4900 131 4966 vel
155 4909 356 4987 tyrannum,
392 4901 442 4966 vel
469 4901 669 4967 conditorem
699 4902 788 4967 urbis
814 4902 913 4968 luisse
942 4904 1054 4970 existi·
1105 4906 1220 4969 rectio:
1245 4905 1335 4970 nulla
1357 4906 1563 4970 excusatione
1579 4905 1668 4989 digni
1686 4914 1773 4981 sunt,
1796 4903 1850 4987 qni
1874 4902 1971 4970 hodie
1988 4905 2073 4972 srae-

76 4998 185 5052 mant.
235 4986 301 5050 Alii
324 4995 504 5070 aquataor
530 4988 677 5071 patribus
707 5008 826 5054 nomen
848 4987 917 5053 loeo
942 4988 1054 5054 datum
1104 5010 1184 5055 num
1220 4991 1440 5073 impatientiae
1468 5011 1544 5056 suae
1572 4990 1703 5069 laxant,
1736 5012 1777 5055 ex
1813 5009 1876 5072 quo
1908 4990 2004 5056 nobis
2037 4993 2073 5056 in

77 5071 182 5138 fuisse
216 5071 360 5152 malunt,
391 5074 447 5155 qui
470 5073 536 5139 illio
564 5095 637 5138 oum
667 5072 823 5139 uxoribus
850 5074 982 5140 fuerunt
1004 5097 1054 5140 se·
1105 5073 1227 5140 Christi
1251 5077 1486 5142 resurrectione
1514 5087 1580 5141 tarn
1602 5076 1699 5158 plena
1720 5075 1897 5140 consolatio
1918 5078 2072 5161 suppetit.

75 5157 174 5241 palti,
203 5156 320 5236 Adam,
345 5157 521 5238 Abraham,
543 5159 636 5225 Isaac
658 5170 691 5223 et
711 5157 818 5224 Iacob.
863 5159 935 5244 Ego
957 5160 996 5226 de
1019 5181 1054 5225 re
1189 5161 1219 5226 3.
1244 5161 1409 5243 Loquetur
1429 5167 1475 5228 cet
1496 5163 1538 5228 cd
1556 5161 1641 5242 filice
1660 5159 1749 5226 Hctt.
1794 5159 1869 5242 Quo
1891 5162 1958 5226 ritu
1981 5181 2070 5245 sepe·

74 5243 212 5308 incerta
252 5253 285 5307 et
323 5264 389 5308 non
427 5243 600 5310 admodum
640 5245 821 5312 necessaria
859 5246 1052 5312 sententiam
1104 5244 1191 5311 lierit
1212 5267 1331 5329 corpus
1353 5249 1464 5314 uxoris
1485 5247 1669 5327 Abraham,
1692 5246 1766 5311 silet
1789 5247 1913 5312 Moses:
1942 5255 2070 5312 tantum

74 5329 187 5396 libens
222 5330 393 5412 suspendo.
444 5330 517 5396 Hoo
545 5351 624 5396 vero
650 5329 691 5397 ad
721 5339 923 5414 praesentem
951 5332 1053 5398 histo·
1103 5333 1139 5397 in
1151 5332 1316 5399 recitanda
1332 5333 1496 5417 sepulchri
1514 5333 1677 5416 emptione
1695 5332 1820 5416 prolixe
1832 5332 1965 5398 insistit.
1998 5331 2074 5414 Qua

185 5427 303 5486 Odetai
317 5445 411 5500 opero.
435 5431 494 5488 Vol.
512 5431 637 5489 XXIII.
1833 5434 1867 5488 21
