5022 6192
399 414 440 480 67
1046 411 1416 482 COMMENTARIUS
1438 413 1488 479 IN
1509 410 1721 480 GENESIN.
2331 413 2362 475 tt

399 602 518 681 dinem,
535 622 599 684 qua
615 621 652 665 se
668 597 825 664 foedavit:
844 606 877 663 et
898 607 986 664 certe
1005 599 1217 666 intolerabilis
1239 610 1309 666 erat
1330 601 1365 665 in
1416 621 1479 684 que
1505 602 1627 685 potius,
1656 598 1827 682 Quomodo
1853 600 1958 666 fecisti
1985 597 2069 664 hoc?
2113 599 2159 662 hc
2187 597 2215 662 si
2236 595 2364 663 dixisset:

399 689 509 754 Deum
538 685 755 768 blasphemia,
784 685 869 767 quod
897 685 977 750 mali
1006 687 1164 767 originem
1195 687 1367 751 innatare
1417 686 1484 766 Qui
1512 688 1582 750 fieri
1612 688 1717 769 potuit
1740 695 1776 750 ut
1797 686 1832 750 in
1855 686 2000 753 animum
2023 683 2208 758 induceres,
2237 684 2303 746 viro
2321 695 2364 748 tuo

399 773 582 856 quaerebat.
627 771 702 836 Nou
731 771 814 853 qnod
845 770 974 836 disertis
1002 772 1110 837 verbis
1132 771 1240 836 Deum
1274 794 1366 838 aecn-
1417 781 1485 837 tam
1508 793 1662 854 perversa
1684 793 1754 836 esse
1776 769 1979 838 consultrix?

398 859 534 924 severit:
554 856 610 922 sed
622 857 788 921 miseriam
800 877 893 921 suam
905 854 1086 938 deplorans,
1105 878 1142 923 ae
1160 858 1284 923 intereo
1302 858 1366 924 dis·
1505 857 1639 938 Serpens
1676 859 1801 922 sedauit
1839 878 1894 922 me.
1956 855 2194 938 Obstupescere
2231 853 2365 918 debuerat

398 944 555 1010 simulans
584 963 619 1007 se
641 942 729 1007 illius
749 951 905 1020 autorem,
929 943 1073 1026 maligne
1094 945 1129 1007 in
1152 944 1259 1007 Deum
1282 943 1367 1025 quod
1417 941 1513 1008 Have
1542 945 1581 1006 ad
1612 942 1746 1008 sceleris*
1763 945 1815 1009 sui
1837 951 2040 1024 portentum,
2069 941 2109 1005 de
2137 960 2200 1023 quo
2222 936 2365 1003 admonita

396 1030 434 1094 in
463 1051 498 1094 se
526 1030 689 1111 suscipere
717 1028 854 1093 debebat
886 1028 1008 1092 crimen
1039 1029 1252 1094 transscribit.
1303 1028 1366 1096 Ubi
1417 1039 1496 1094 eret.
1545 1029 1619 1093 Non
1648 1039 1755 1093 tamen
1784 1029 1990 1103 obmutescit,
2021 1027 2077 1092 sed
2108 1026 2216 1089 mariti
2239 1026 2365 1106 exemplo

399 1115 544 1200 vulgetis
557 1114 727 1179 translatio
739 1113 850 1178 habet:
864 1114 933 1179 Nisi
953 1113 1038 1197 quod
1058 1115 1097 1179 de
1119 1115 1240 1194 arbore,
1259 1115 1366 1196 potius
1417 1127 1573 1180 exonerat
1595 1114 1659 1178 alio
1682 1115 1819 1179 crimen:
1838 1127 2023 1196 serpentem
2046 1111 2215 1193 culpando,
2238 1132 2270 1175 se
2291 1111 2366 1174 abac

398 1201 609 1284 interrogatio
638 1209 695 1266 est.
740 1197 938 1264 Dubitanter
964 1209 1071 1265 autem
1099 1198 1236 1283 inquirit
1265 1200 1365 1279 Deus,
1417 1198 1520 1264 lutam
1550 1210 1662 1283 putat:
1693 1200 1795 1266 stulte
1824 1198 1955 1282 quidem
1983 1209 2016 1263 et
2041 1195 2258 1280 impudenter.
2304 1195 2366 1259 Huc

398 1307 463 1351 non
476 1287 567 1370 quasi
580 1285 619 1350 de
636 1307 672 1350 re
690 1283 852 1368 ambigua,
871 1284 927 1350 sed
939 1306 1001 1368 quo
1013 1284 1180 1368 stupidum
1200 1286 1365 1350 hominem
1417 1287 1503 1349 enim
1524 1285 1652 1351 demum
1676 1285 1761 1350 redit
1782 1286 1939 1367 exceptio,
1953 1285 2071 1365 Accepi
2091 1305 2110 1347 a
2131 1293 2279 1364 serpente
2297 1279 2367 1362 quod

398 1375 504 1437 acrius
526 1379 666 1454 pungat,
697 1370 752 1453 qui
774 1392 868 1436 caeco
887 1378 1047 1435 tormento
1069 1371 1220 1436 laborans
1242 1373 1365 1437 malum
1417 1381 1583 1448 vetueras,
1611 1392 1745 1454 serpens
1776 1373 1838 1435 luit
1860 1373 2026 1452 impostor.
2073 1367 2138 1434 Sed
2160 1369 2233 1450 quis
2256 1367 2367 1430 Herem

398 1468 509 1524 tamen
538 1477 632 1521 suum
668 1477 732 1520 non
765 1457 881 1520 sentit:
920 1457 1056 1540 perinde
1088 1475 1126 1522 ee
1158 1459 1186 1522 si
1214 1470 1366 1542 aegrotus
1417 1457 1522 1540 coegit
1543 1458 1633 1521 illius
1655 1458 1790 1522 fallaciis
1812 1477 1922 1521 aurem
1941 1453 2119 1538 praebere?
2149 1454 2216 1517 imo
2239 1451 2367 1534 cupidius

398 1543 513 1608 ardere
541 1564 575 1607 se
606 1542 775 1608 clamitans
804 1540 844 1606 de
871 1541 955 1606 febri
984 1563 1049 1608 non
1077 1543 1205 1624 cogitet.
1249 1545 1366 1608 (laete-
1417 1542 1482 1607 illis
1506 1543 1604 1607 fidem
1630 1543 1751 1607 habere
1779 1563 1875 1623 quam
1895 1541 1954 1606 Dei
1983 1539 2105 1606 verbo?
2150 1539 2296 1620 Denique
2320 1560 2369 1602 cur

398 1651 470 1693 rum
501 1629 748 1692 meminerimus
777 1628 860 1691 nihil
891 1647 950 1693 nos
977 1628 1053 1693 ullis
1082 1627 1273 1712 ambagibus
1291 1649 1365 1711 pro·
1416 1649 1472 1692 aas
1496 1629 1642 1704 admisit,
1662 1629 1725 1692 nisi
1744 1630 1901 1710 patefacto
1919 1641 1952 1690 et
1969 1627 2095 1709 prodito
2117 1626 2265 1706 ingressu
2286 1644 2368 1705 quem

398 1715 547 1790 facturos,
577 1714 655 1796 quin
685 1735 813 1795 semper
840 1734 899 1778 nos
931 1715 965 1776 in
993 1713 1085 1779 Adae
1113 1725 1243 1796 peceato
1273 1713 1365 1779 Dens
1418 1714 1508 1779 Deus
1530 1716 1608 1780 satis
1629 1714 1730 1796 probe
1752 1712 1941 1778 munierat?
1967 1713 2090 1777 Verum
2114 1712 2234 1792 ubique
2256 1731 2288 1774 se
2307 1730 2368 1791 pro·

398 1799 486 1864 iusto
519 1807 611 1864 reatu
645 1801 856 1881 constringat.
909 1798 1076 1864 Particula
1108 1799 1201 1877 haec,
1232 1799 1366 1882 Deque
1416 1798 1480 1862 fert
1498 1798 1622 1864 fructus
1641 1799 1807 1882 originalis
1824 1799 1963 1881 peceati:
1982 1798 2058 1879 quia
2075 1809 2250 1862 caecasset
2269 1796 2301 1857 in
2321 1815 2368 1857 sua

398 1887 623 1950 mandaveram
649 1885 706 1948 tibi
733 1905 771 1949 sse
798 1885 982 1949 comederes:
1006 1885 1046 1948 ad
1069 1885 1247 1949 tollendum
1272 1887 1364 1968 igno·
1416 1883 1598 1966 hypocrisi,
1626 1885 1735 1950 Deum
1765 1885 1901 1948 libenter
1931 1883 2081 1947 redderet
2102 1892 2231 1946 mutum
2254 1893 2284 1944 et
2304 1881 2370 1945 elin·

396 1971 524 2034 rantiae
563 1977 767 2054 praetextum
807 1969 916 2034 addita
953 1977 1010 2034 est.
1068 1969 1239 2054 Significat
1276 1972 1364 2034 enim
1418 1991 1523 2052 guem.
1566 1972 1609 2034 Et
1639 1971 1724 2035 unde
1755 1980 1802 2034 tot
1829 1969 1973 2052 quotidie
2002 1987 2188 2042 murmura,
2218 1968 2278 2032 nisi
2306 1967 2369 2048 quia

396 2054 615 2134 Deus,Adam
637 2057 737 2121 fuisse
759 2057 790 2120 in
814 2067 960 2136 tempore
982 2055 1200 2120 admonitum:
1225 2077 1284 2122 nec
1302 2056 1366 2120 alia
1417 2076 1480 2119 non
1516 2057 1711 2122 obmutescit
1742 2057 1845 2131 Deus,
1882 2057 2007 2138 quoties
2043 2055 2232 2119 caecutiunt
2260 2060 2370 2116 mentes

397 2139 436 2206 da
454 2163 552 2207 cansa
569 2142 713 2224 periisse,
733 2141 795 2206 nisi
817 2142 894 2224 quia
915 2142 1022 2206 sciens
1045 2152 1079 2206 et
1096 2141 1207 2206 voleus
1228 2142 1364 2207 exitium
1417 2142 1569 2206 nostrae?

395 2225 458 2292 sibi
488 2228 703 2293 accersiverit.
748 2227 876 2292 Iterum
897 2227 932 2290 in
956 2229 1212 2310 transgressione
1233 2237 1267 2292 et
1288 2248 1364 2293 con·
1503 2227 1837 2292 lassataslasatas
1855 2227 2086 2308 odsetpentem.
2106 2223 2297 2307 Serpentem
2315 2244 2370 2286 nou

396 2314 538 2378 tumacia
555 2321 686 2377 notatur
708 2314 832 2396 peccati
853 2311 1015 2390 atrocitas,
1039 2334 1114 2377 nam
1137 2312 1256 2378 utDeo
1279 2313 1364 2378 nihil
1416 2313 1606 2396 interrogat,
1625 2315 1781 2377 utvirum
1800 2321 1834 2377 et
1850 2312 2035 2376 mulierem:
2055 2311 2131 2392 quia
2149 2331 2209 2374 nec
2228 2311 2263 2372 in
2281 2310 2369 2374 bestia

394 2397 844 2482 obedientiagratiueest,ita
858 2397 940 2462 nihil
960 2399 1067 2462 minus
1085 2398 1253 2464 tolerabile
1269 2421 1362 2482 quarn
1416 2420 1529 2463 sensus
1551 2413 1622 2462 erat
1641 2399 1781 2481 peccati,
1804 2411 1838 2463 et
1859 2397 1985 2462 diabolo
2008 2396 2133 2460 nullam
2155 2417 2248 2479 spem
2271 2396 2369 2458 veniae

395 2483 473 2548 dum
493 2485 642 2549 homines
662 2486 779 2566 spretis
802 2485 873 2548 eius
895 2483 1057 2548 mandatis
1076 2481 1220 2550 Satanae
1237 2493 1270 2561 et
1291 2506 1363 2568 pro-
1416 2483 1576 2548 residuam
1607 2484 1752 2549 facturus
1774 2495 1853 2550 erat.
1897 2483 2031 2548 Poterat
2051 2483 2147 2546 etiam
2170 2484 2243 2546 iure
2264 2502 2319 2546 suo
2338 2477 2370 2542 de

394 2571 484 2652 priae
507 2570 633 2635 lrbrdmr
656 2570 888 2652 obtemperent.
1416 2569 1481 2634 illis
1502 2571 1587 2634 ferre
1609 2571 1812 2644 sententiam,
1836 2570 1910 2633 licet
1933 2567 2101 2632 inauditis:
2127 2567 2166 2631 de
2187 2567 2293 2632 Adam
2312 2566 2370 2629 dieo

481 2656 531 2720 12.
556 2655 677 2720 Mulier
697 2676 792 2736 quom
812 2654 926 2720 dedisti
947 2654 1034 2720 mitt.
1069 2655 1165 2720 Nunc
1187 2656 1307 2721 clarius
1329 2677 1364 2720 se
1417 2665 1450 2719 et
1472 2655 1576 2720 Heva.
1621 2655 1690 2720 Gur
1713 2676 1791 2739 ergo
1820 2654 1861 2718 ad
1890 2654 2150 2736 disquisitionem
2181 2667 2290 2728 vocat,
2316 2650 2370 2714 nisi

392 2739 499 2822 prodit
512 2741 603 2805 Adae
619 2741 753 2806 ferocia:
777 2739 856 2804 adeo
874 2742 961 2804 enim
984 2739 1136 2807 subactus
1157 2761 1222 2804 non
1246 2749 1305 2817 est,
1328 2750 1365 2805 nt
1417 2741 1504 2823 quod
1532 2760 1629 2804 curae
1657 2741 1754 2805 habet
1782 2759 1894 2804 eorum
1913 2738 2074 2804 salutem?
2120 2741 2281 2804 Doctrina
2303 2738 2370 2800 haec

391 2826 427 2890 in
456 2829 648 2892 crassiorem
679 2825 915 2908 blasphemiam
938 2837 1097 2908 erumpat.
1141 2827 1252 2892 Tacite
1275 2829 1364 2910 prius
1417 2828 1452 2890 in
1483 2847 1577 2891 usum
1615 2837 1764 2890 nostrum
1791 2825 1983 2908 applicanda
2013 2835 2071 2891 est.
2128 2825 2230 2889 Nulla
2268 2843 2371 2888 causae

392 2932 467 2978 oum
491 2913 560 2976 Deo
583 2912 819 2994 expostulabat,
842 2932 927 2976 nune
950 2911 1058 2993 palam
1080 2931 1154 2976 cum
1175 2933 1213 2977 eo
1236 2912 1363 2994 litigare
1416 2913 1553 2988 actione,
1571 2922 1629 2977 aut
1646 2911 1782 2976 solemni
1802 2912 1912 2977 iudicii
1930 2913 2035 2976 forma
2052 2931 2134 2991 opus
2152 2923 2242 2974 esset
2259 2910 2299 2974 ad
2321 2929 2371 2971 nos

389 2997 518 3080 insipit,
548 2998 613 3062 imo
642 2999 733 3080 quasi
756 2997 867 3062 fractis
889 2998 1055 3080 repagulis
1077 2997 1222 3062 insultat.
1267 2998 1363 3065 Unde
1416 2997 1633 3062 damnandos:
1646 2995 1878 3079 qnaredumin
1896 2996 2062 3060 hocDeus
2081 2995 2242 3062 incumbit
2260 3003 2370 3060 utcon-

391 3084 606 3166 perspicimus
634 3103 732 3166 quam
760 3083 979 3166 praefractum
1007 3091 1041 3146 et
1067 3083 1262 3148 indomitum
1292 3084 1363 3148 ani·
1416 3083 1626 3148 sessionema
1652 3081 1745 3147 nobis
1767 3093 1972 3165 extorqueat,
2003 3081 2163 3147 medicum
2186 3083 2293 3163 potius
2315 3079 2371 3161 agit

392 3168 458 3232 mel
486 3169 629 3251 coeperit
649 3190 720 3233 esso
737 3169 849 3248 homo,
876 3179 1047 3251 postquam
1068 3190 1087 3232 a
1110 3167 1180 3232 Deo
1202 3170 1363 3234 alienatus
1414 3191 1512 3251 quam
1531 3169 1679 3234 iudicem.
1714 3167 1838 3232 Eadem
1861 3169 1945 3232 ratio
1967 3179 2017 3230 est
2039 3167 2274 3232 curDominus
2294 3177 2371 3228 ante-

392 3265 458 3319 cst:
481 3263 651 3335 corruptae
679 3255 766 3318 enim
793 3263 931 3319 naturae
956 3255 1035 3318 viva
1055 3253 1178 3337 effigies
1200 3256 1233 3318 in
1254 3255 1361 3328 Adam
1414 3275 1513 3337 quam
1542 3255 1731 3319 hominibus
1759 3273 1896 3336 poenam
1927 3254 2064 3334 irroget,
2094 3253 2227 3316 initium
2250 3253 2372 3316 saciata

392 3337 486 3404 nobis
504 3341 696 3422 proponitur
712 3341 752 3404 ab
772 3341 841 3404 eius
862 3339 1048 3405 defectione.
1081 3341 1241 3405 Tentamr
1262 3363 1362 3406 unns·
1414 3350 1573 3422 serpente.
1614 3340 1710 3405 Aliae
1733 3341 1820 3404 enim
1848 3359 1973 3421 poenae
1998 3337 2048 3424 (ut
2069 3337 2267 3422 videbimus)
2288 3335 2371 3400 costi·

393 3425 530 3508 quisque
549 3447 569 3488 a
586 3426 717 3507 propria
736 3425 1004 3508 concupiscentia,
1027 3425 1135 3507 inquit
1148 3425 1362 3512 Iacobus(la-
1414 3427 1557 3510 gateriae
1585 3437 1672 3504 sunt,
1695 3447 1732 3492 ae
1754 3447 1792 3490 eo
1813 3425 1945 3490 consilio
1966 3426 2108 3490 inflictae
2131 3435 2169 3488 ιιι
2190 3423 2233 3488 ad
2256 3421 2373 3502 resipis·

392 3509 609 3596 oob.1,14):
643 3518 675 3574 et
695 3508 800 3576 Adam
826 3511 895 3593 ipse
917 3510 1047 3576 nonnisi
1069 3512 1174 3576 sciens
1197 3521 1230 3577 et
1252 3514 1363 3577 volens
1414 3512 1556 3578 centiam
1584 3511 1762 3576 adducant:
1791 3511 1826 3575 in
1855 3512 1915 3575 hae
1938 3509 2020 3574 nihil
2043 3510 2115 3574 tale.
2162 3507 2229 3574 Sed
2252 3507 2372 3572 dubium

392 3593 466 3660 lleo
483 3619 518 3660 se
536 3595 689 3661 rebellem
709 3597 925 3679 praestiterat.
944 3596 1086 3660 Perinde
1105 3606 1215 3661 tamen
1232 3619 1269 3663 ac
1291 3597 1363 3661 nul·
1415 3609 1466 3664 est
1485 3598 1525 3663 ad
1549 3619 1645 3679 quem
1668 3595 1851 3662 referantur
1872 3597 1988 3672 verba,
2018 3593 2060 3658 ad
2081 3607 2320 3678 serpentemne‚
2340 3613 2374 3655 an

393 3680 459 3745 lins
480 3682 729 3755 malioonscius,
748 3701 885 3747 uxorem
904 3681 1072 3746 substituit
1090 3703 1178 3746 ream
1199 3703 1258 3747 suo
1276 3682 1361 3748 loco:
1416 3683 1455 3748 ad
1480 3682 1651 3748 diabolum.
1687 3685 1780 3746 Dixit
1799 3681 1929 3764 quidem
1953 3681 2056 3746 Moses
2078 3691 2265 3764 serpentem
2287 3682 2375 3744 fuisse

394 3765 474 3830 Ideo
492 3766 626 3842 comedi,
649 3767 764 3849 inquit,
785 3767 862 3850 quia
884 3765 972 3830 dedit
993 3767 1058 3831 illa.
1069 3768 1183 3850 Neque
1205 3767 1267 3832 hoc
1288 3787 1363 3834 con·
1416 3781 1559 3834 astutum
1584 3780 1616 3832 et
1633 3769 1759 3833 vafrum
1779 3767 1915 3832 animal:
1934 3776 2060 3833 eertum
2080 3777 2190 3831 tamen
2208 3777 2267 3846 est,
2286 3783 2376 3848 quum

395 3861 507 3916 tentus
530 3853 638 3916 Deum
657 3853 755 3917 simul
773 3854 888 3936 arripit
908 3853 940 3916 iu
953 3853 1085 3930 emman,
1110 3854 1264 3920 abiiciens
1287 3875 1364 3918 uxo-
1417 3854 1519 3920 Satan
1542 3855 1665 3918 homini
1689 3854 1824 3918 exitium
1843 3852 2045 3930 moliebatur,
2067 3853 2108 3916 ab
2127 3854 2198 3918 eins
2221 3852 2331 3917 fraude
2349 3859 2376 3912 et

395 3955 475 4014 rem,
488 3938 755 4020 quaepemieiem
768 3938 888 4014 attulit,
908 3939 1008 4003 fuisse
1026 3940 1066 4003 ab
1078 3940 1147 4021 ipso
1160 3939 1278 4004 datam.
1296 3940 1364 4005 Nos
1416 3939 1539 4004 malitia
1566 3941 1665 4005 fuisse
1685 3941 1864 4003 innoxium.
1909 3935 2020 4018 Quare
2042 3938 2129 4003 hunc
2151 3948 2257 4002 totum
2280 3938 2375 4002 locum

396 4042 523 4104 quoqne
552 4022 587 4086 in
620 4022 731 4088 eadem
761 4025 883 4105 peccati
914 4024 1083 4106 originalis
1111 4023 1222 4089 schola
1250 4024 1363 4102 edocti,
1416 4026 1511 4088 multi
1528 4025 1701 4104 allegorice
1723 4035 1907 4107 exponunt:
1938 4035 1970 4087 et
1992 4023 2181 4106 plausibiles
2204 4035 2284 4088 sunt
2304 4041 2377 4104 qnae

396 4107 567 4190 captandis
594 4109 753 4172 eiusmodi
782 4109 912 4193 effugiis
935 4110 1071 4173 nimium
1095 4131 1207 4176 snmus
1230 4111 1363 4186 habiles,
1417 4110 1457 4175 ab
1484 4111 1548 4174 illis
1578 4112 1759 4174 afferuntur
1789 4111 1945 4192 argutiae.
1988 4107 2053 4175 Sed
2076 4109 2229 4174 omnibns
2254 4109 2377 4190 propius

397 4192 455 4258 sed
477 4193 567 4258 nullo
595 4193 758 4276 profectu:
782 4215 859 4258 nam
895 4204 1061 4277 utcunque
1083 4194 1212 4260 flabella
1234 4197 1365 4262 aliunde
1417 4198 1577 4279 expensis,
1601 4197 1691 4260 facile
1713 4197 1980 4260 animadvertunt
2002 4197 2140 4261 lectores
2162 4218 2245 4260 sano
2269 4194 2378 4260 iudicio

396 4288 429 4343 et
442 4279 668 4362 instigationes
679 4279 860 4362 impellant,
878 4279 967 4344 intus
985 4291 1094 4345 tamen
1112 4291 1163 4346 est
1179 4283 1364 4358 infidelitas,
1416 4281 1563 4365 praediti,
1583 4284 1721 4344 mixtum
1740 4303 1810 4346 esse
1828 4301 2020 4358 sermonem,
2040 4303 2114 4346 nem
2133 4283 2179 4346 ita
2200 4295 2376 4364 serpentem

396 4384 479 4447 quae
497 4363 536 4428 ab
548 4364 730 4430 obedientia
741 4365 804 4429 Dei
818 4387 876 4430 uos
887 4366 1029 4430 abducit:
1043 4367 1134 4431 intus
1145 4379 1194 4432 est
1205 4369 1364 4450 superbia,
1418 4368 1595 4449 alloquitur
1616 4369 1717 4444 Deus,
1739 4377 1777 4431 ιιι
1799 4367 1945 4432 clausula
1966 4368 2006 4430 ad
2030 4366 2193 4433 diabolum
2218 4369 2379 4450 pertineat.

396 4466 479 4534 quae
502 4462 725 4531 contemptum
749 4451 843 4532 parit.
1417 4452 1454 4518 Si
1484 4453 1536 4517 eui
1563 4451 1739 4517 absurdum
1762 4452 1891 4517 videtur
1914 4474 2050 4535 poenam
2072 4451 2112 4518 de
2134 4455 2230 4518 bruto
2254 4449 2377 4516 animali

484 4536 533 4601 13.
564 4536 719 4616 Dixitque
745 4537 861 4601 Iebcvc
886 4537 975 4604 Deus
1003 4538 1045 4602 cd
1070 4539 1239 4604 mulierem.
1291 4539 1365 4604 Non
1418 4539 1504 4620 exigi
1523 4538 1647 4604 alienae
1665 4537 1801 4602 fraudis:
1825 4540 1859 4601 in
1883 4551 2034 4621 promptu
2058 4550 2108 4602 est
2129 4539 2262 4604 solutio:
2287 4555 2379 4618 quum

396 4622 482 4686 ultra
492 4622 660 4688 contendit
673 4623 762 4686 Deus
774 4642 848 4686 cum
861 4624 941 4700 viro,
961 4643 1064 4704 neque
1075 4644 1156 4706 opus
1168 4635 1230 4688 est:
1249 4625 1366 4690 frivola
1417 4637 1502 4689 esset
1512 4626 1546 4686 in
1560 4624 1702 4688 heminis
1717 4623 1856 4706 gratiam
1867 4638 2004 4702 oreatus,
2017 4646 2082 4688 non
2095 4637 2217 4688 temere
2228 4622 2379 4696 maledici,

396 4709 486 4772 enim
519 4708 707 4772 defensione
740 4708 898 4790 primum,
932 4708 1049 4772 deinde
1077 4710 1178 4791 impia
1206 4711 1365 4775 obtrecta·
1417 4731 1458 4774 ex
1478 4731 1540 4791 quo
1559 4731 1673 4774 versus
1692 4721 1742 4774 est
1758 4709 1793 4772 in
1811 4709 1881 4773 eius
1904 4711 2088 4792 perniciem.
2112 4711 2156 4774 Et
2181 4711 2240 4774 bae
2263 4709 2379 4774 ultione

397 4793 484 4857 tione
518 4793 610 4856 auxit
644 4794 752 4876 potius
781 4814 878 4876 quam
909 4793 1031 4857 levavit
1059 4795 1196 4861 crimen:
1228 4796 1366 4878 denique
1417 4795 1554 4878 probare
1567 4791 1657 4860 Deus
1670 4795 1773 4861 voluit
1790 4798 1904 4876 quanti
1917 4796 2066 4860 aestimet
2078 4797 2219 4860 hominis
2231 4797 2378 4861 salutem:

396 4878 606 4960 quantumvis
650 4878 831 4962 obstrepat,
871 4888 1003 4943 tenetur
1037 4889 1148 4945 tamen
1187 4881 1362 4948 convictus.
1417 4880 1690 4963 quemadmodum
1720 4882 1748 4944 si
1771 4890 1866 4962 peter
1888 4881 2042 4964 gladium,
2065 4903 2129 4963 quo
2154 4883 2243 4946 filius
2261 4882 2378 4946 occurs

396 4964 492 5028 Nune
522 4963 562 5027 ad
592 4963 761 5029 mulierem
789 4985 824 5029 se
851 4965 1013 5030 convertit
1030 4967 1146 5046 iudex,
1174 4977 1210 5031 ιιι
1237 4969 1366 5048 cognita
1418 4967 1524 5044 luerit,
1555 4968 1769 5032 exsecrationi
1804 4965 1931 5032 habeat.
1977 4971 2086 5049 Atque
2118 4966 2173 5029 hic
2203 4989 2269 5031 non
2295 4964 2380 5030 mode

396 5049 567 5114 amborum
578 5071 683 5126 causa,
696 5049 828 5114 tandem
840 5050 1041 5131 pronunciet.
1067 5052 1365 5118 Porrossrmonem
1416 5052 1514 5134 quale
1534 5053 1568 5116 in
1591 5073 1665 5118 suas
1687 5061 1850 5118 creaturas
1873 5050 1991 5116 babeat
2010 5053 2100 5118 Deus
2122 5053 2310 5136 imperium,
2331 5048 2380 5114 sed

397 5133 462 5198 Dei
490 5135 536 5198 ite
564 5145 698 5199 vertunt
719 5136 923 5218 interpretes,
951 5137 1054 5217 Quare
1076 5139 1129 5202 hoe
1147 5139 1274 5220 feci-sti?
1300 5137 1364 5204 Sed
1417 5139 1452 5202 in
1469 5158 1566 5220 quem
1585 5158 1639 5203 eas
1657 5141 1754 5202 linem
1773 5137 1962 5216 condiderit,
1985 5139 2202 5220 reputandum
2221 5151 2283 5214 est,
2307 5139 2382 5204 sieut

397 5219 527 5301 phrasis
550 5219 700 5286 hebraica
723 5221 797 5302 plus
820 5222 918 5286 habet
938 5221 1181 5290 vehementiae:
1205 5235 1255 5290 est
1277 5225 1364 5288 enim
1417 5245 1523 5306 nuper
1550 5224 1627 5288 dixi.
1685 5223 1798 5288 Divini
1827 5224 1914 5287 enim
1944 5224 2053 5288 iudicii
2084 5227 2230 5306 aequitas
2267 5222 2382 5289 abillo

398 5305 502 5368 oratio
519 5306 680 5386 mirantis,
698 5317 734 5371 ut
753 5307 787 5371 in
805 5327 841 5371 re
860 5306 1054 5390 prodigiosa.
1083 5310 1285 5376 vertendum
1303 5310 1365 5374 ita·
1417 5331 1511 5393 quem
1525 5311 1637 5374 sanxit
1654 5320 1790 5374 naturae
1807 5309 1931 5384 ordine,
1954 5309 2115 5392 dependet
2134 5332 2174 5374 ne
2192 5310 2272 5394 quid
2292 5309 2383 5376 affine
