5000 6208
132 463 189 529 257
787 461 1158 532 COMMENTARIUS
1181 464 1230 530 IN
1249 462 1462 532 aunuum.
2060 455 2122 534 258

131 658 237 716 antem
261 651 402 717 rationes
414 651 510 716 affert
529 673 588 717 cnr
606 674 700 717 sunm
723 653 904 734 eonsilium,
922 652 1098 736 autequam
1150 659 1305 720 eventum
1329 652 1509 736 praeeedit,
1539 675 1602 720 non
1624 653 1672 720 ita
1692 673 1753 720 nos
1771 659 1915 741 torpere,
1938 678 1999 726 nec
2020 655 2123 725 fortu-

130 747 334 821 exsequatur,
357 739 537 822 patefacere
560 739 590 803 ei
610 738 698 804 velit.
734 739 829 804 Prior
851 749 909 818 est,
932 738 1098 821 quodiam
1150 757 1228 803 num
1258 740 1309 804 vel
1339 739 1429 805 aliud
1456 738 1628 823 quodpiam
1657 741 1850 823 figmentum
1878 741 1981 809 divini
2009 742 2123 812 indicii

131 825 237 906 ipsum
266 823 419 908 dignatus
452 824 496 889 sit
535 823 695 908 singulari
735 824 870 890 honoris
912 824 1098 909 privilegio:
1149 824 1219 889 loco
1253 825 1428 909 imaginari
1461 826 1593 907 patitur.
1638 826 1690 891 Ita
1723 827 1800 891 olim
1834 847 1964 894 necesse
1999 829 2063 895 tuit
2083 840 2123 896 ut

131 908 287 988 oecunda,
319 908 403 991 quod
433 907 475 974 ad
502 921 649 992 posteros
678 909 873 976 erudiendos
895 910 927 975 id
952 911 1099 975 futurum
1150 907 1323 994 populum,
1347 910 1423 976 licet
1447 911 1606 989 ferreum,
1629 908 1866 995 praedictiones
1888 915 1992 1000 magis
2013 913 2122 982 affice·

130 995 170 1061 sit
190 994 273 1061 utile
289 993 539 1078 aelrugiiernm.
573 996 663 1080 Ergo
686 995 748 1062 boc
770 996 868 1062 verbo
890 993 1100 1060 revelationis
1150 1005 1225 1061 rent
1246 997 1392 1079 quamsi
1413 995 1479 1061 iam
1501 997 1642 1081 acceptis
1665 996 1770 1081 plagis
1791 998 1965 1066 luissenta
1986 1001 2123 1086 prophe

129 1101 244 1165 scopus
266 1090 300 1144 et
320 1100 399 1146 usus
422 1081 565 1146 breviter
587 1089 728 1147 notatur.
1150 1082 1193 1146 tis
1216 1080 1383 1147 admoniti.
1420 1080 1532 1162 Quare
1554 1103 1596 1147 ex
1618 1082 1684 1148 illis
1701 1083 1800 1149 etiam
1821 1086 2007 1168 generalem
2030 1104 2124 1172 regn-

218 1167 268 1232 18.
281 1165 746 1251 Eirlbrabomeritiapectem
756 1187 912 1252 maguam.
936 1166 1100 1231 Hebraico
1150 1167 1216 1232 lam
1252 1186 1382 1232 sumere
1414 1169 1579 1247 convenit,
1618 1189 1660 1234 ne
1693 1169 1838 1253 profectu
1877 1180 2009 1237 careant
2041 1179 2124 1256 quae

131 1252 280 1330 habetur,
303 1251 349 1315 llt
367 1250 503 1318 essendo
528 1253 604 1316 erit:
635 1251 692 1318 ssd
714 1253 831 1336 copula
851 1254 885 1316 in
909 1251 1101 1316 adverbium
1151 1250 1294 1335 quotidie
1316 1252 1479 1318 cernimus
1500 1252 1565 1318 Dei
1588 1252 1716 1320 iudicia.
1762 1253 1944 1334 Sodomam,
1969 1255 2047 1323 dum
2069 1257 2125 1324 ad·

130 1337 261 1404 causale
289 1338 407 1403 resolvi
437 1336 542 1404 debet.
587 1337 672 1404 Num
702 1337 781 1404 haec
811 1347 860 1404 cst
889 1339 974 1401 ratio
1003 1356 1099 1419 quam
1152 1337 1217 1404 huc
1238 1340 1367 1421 integra
1389 1349 1452 1418 est,
1474 1358 1512 1404 ac
1533 1339 1602 1404 suis
1626 1337 1912 1407 delitiis'suaviter
1932 1351 2037 1422 vacat,
2055 1339 2124 1409 Do-

130 1424 190 1489 atti
217 1424 311 1500 mus,
334 1422 420 1506 quod
443 1421 535 1489 Deus
564 1423 730 1488 horribilis
755 1444 834 1489 suae
856 1424 891 1488 iu
914 1421 1101 1488 Sodomites
1152 1424 1260 1487 miuus
1299 1425 1478 1507 perituram
1518 1422 1693 1490 denunciat
1731 1446 1827 1492 servo
1866 1448 1924 1494 suo
1960 1427 2123 1495 Abrahae.

129 1513 184 1575 riu
209 1511 293 1576 ictae
313 1509 478 1576 conscium
501 1510 606 1575 facere
632 1509 711 1574 velit
732 1528 865 1575 servum
887 1529 999 1587 suum,
1027 1509 1101 1590 quia
1152 1508 1241 1574 Hinc
1263 1510 1369 1574 omnis
1399 1508 1557 1575 dubitatio
1587 1510 1757 1591 eximitur,
1786 1530 1851 1577 non
1880 1533 1957 1579 casu
1979 1515 2124 1596 periisse,

128 1593 346 1678 peculiaribus
358 1595 466 1678 ipsum
479 1594 571 1662 donis
583 1604 660 1660 ante
678 1595 758 1660 alios
780 1615 894 1660 omnes
916 1587 1100 1659 ornaverat.
1152 1592 1210 1659 sed
1241 1593 1400 1660 divinitus
1434 1595 1533 1661 luisse
1565 1594 1730 1662 afflictam.
1775 1597 1863 1664 Hine
1895 1599 1995 1664 etiam
2026 1619 2125 1667 causa

129 1680 186 1748 Sic
210 1680 298 1746 euim
321 1681 487 1745 continuat
519 1699 579 1746 sua
600 1680 756 1746 beneficia
779 1701 856 1760 erga
876 1678 1006 1755 fideles,
1036 1679 1102 1743 imo
1152 1700 1236 1763 quae
1258 1681 1467 1762 exprimitur,
1497 1680 1594 1764 longe
1619 1681 1782 1748 eilic‘acius
1803 1682 1974 1749 hominum
1997 1687 2125 1752 animos

128 1776 237 1851 auget,
261 1767 417 1849 aopriora
429 1766 522 1831 novis
540 1766 787 1849 recentibusque
798 1764 936 1831 subinde
948 1764 1100 1830 cumulat.
1153 1774 1280 1851 pungat
1306 1787 1343 1831 ac
1372 1766 1519 1830 stimulet
1550 1787 1682 1832 necesse
1712 1777 1770 1832 est.
1818 1767 1911 1834 Idem
1945 1781 2058 1853 postea
2084 1771 2125 1837 de

128 1857 238 1934 Atque
258 1851 293 1916 in
307 1850 539 1918 hunomodnm
559 1850 882 1934 quotidienobiscum
900 1851 977 1932 agit.
1012 1848 1102 1930 Quid
1153 1851 1226 1917 aliis
1249 1852 1476 1918 statuendum:
1501 1873 1578 1917 nam
1602 1852 1663 1918 etsi
1686 1851 1778 1918 nobie
1800 1875 1882 1936 quae
1907 1854 2055 1922 facturus
2076 1863 2127 1923 est

129 1939 218 2004 enim
243 1958 361 2003 causae
371 1944 422 2002 est
442 1957 503 2003 our
515 1937 645 2003 assiduo
664 1947 778 2002 tenore
800 1938 989 2002 innumeras
1007 1935 1102 2001 nobis
1153 1959 1219 2001 non
1249 1935 1406 2020 praedicit
1433 1937 1613 2016 Dominus,
1646 1937 1719 2003 vult
1751 1945 1859 2004 tamen
1889 1960 1949 2006 nos
1982 1942 2125 2009 oculatos

128 2025 256 2108 gratias
277 2022 431 2102 conferat,
454 2023 517 2088 nisi
540 2025 617 2105 quia
637 2024 736 2088 semel
756 2043 816 2088 nos
834 2035 968 2105 paterno
991 2040 1102 2086 amore
1153 2043 1222 2088 esse
1250 2041 1384 2106 operum
1414 2043 1547 2088 suorum
1574 2033 1689 2101 testes,
1718 2034 1885 2090 eteorum
1914 2047 2027 2094 causes
2112 2064 2126 2077 ·

126 2109 328 2192 complexus,
351 2128 386 2175 se
407 2110 515 2191 ipsum
538 2108 701 2193 abnegare
725 2127 792 2173 non
814 2106 943 2191 potest?
967 2105 1103 2190 ideoque
1153 2107 1269 2174 denter
1290 2107 1489 2191 expendere:
1520 2127 1585 2173 nou
1613 2113 1721 2175 autem
1751 2110 1886 2176 confuso
1911 2108 2032 2179 intuitu
2048 2049 2128 2179 ltal-

127 2196 285 2278 seipsum
308 2195 343 2258 in
355 2195 448 2260 nobis
466 2214 589 2278 suaque
601 2194 685 2260 dona
695 2192 932 2276 quodammodo
950 2193 1101 2258 honorat.
1153 2193 1300 2273 lucinari,
1323 2194 1418 2261 sicuti
1441 2192 1609 2273 increduli,
1633 2194 1774 2262 videndo
1793 2215 1856 2262 non
1874 2195 2031 2278 videntes,
2054 2198 2126 2265 illo·

127 2279 219 2363 Quid
241 2281 329 2345 enirn
352 2280 407 2346 bic
435 2288 564 2361 praeter
591 2279 735 2364 gratuita
763 2299 823 2344 aua
852 2279 938 2344 dona
959 2298 1101 2345 comme·
1152 2302 1224 2345 rum
1247 2280 1345 2345 finem
1372 2287 1569 2361 pervertunt.

126 2365 259 2432 morat?
272 2367 363 2450 Ergo
375 2366 606 2431 beneficentiae
629 2365 799 2432 materiam
822 2386 863 2430 ex
886 2365 1012 2446 seipso,
1036 2385 1100 2428 non
1240 2365 1289 2431 19.
1325 2363 1492 2448 Propere
1525 2365 1699 2447 praecipiet
1726 2364 1808 2447 filiis
1839 2367 1916 2432 cuis.
1972 2367 2125 2434 Secunda

127 2474 169 2518 ex
196 2450 351 2516 Abrahae
384 2451 510 2516 meritis
549 2452 665 2516 sumit:
704 2471 809 2534 neque
842 2453 929 2515 enim
970 2448 1101 2514 aliunde
1152 2453 1234 2516 ratio
1257 2473 1315 2517 cur
1343 2453 1393 2517 sui
1424 2450 1550 2517 consilii
1579 2451 1770 2534 participem
1797 2453 1902 2518 secere
1932 2453 2011 2518 velit
2035 2454 2126 2521 Deus

127 2535 285 2602 Abrahae
311 2535 493 2602 benedictio
524 2537 621 2602 fluxit
648 2557 744 2619 quam
779 2557 820 2601 ex
857 2534 967 2601 divino
999 2535 1099 2600 ionts.
1154 2537 1337 2603 Abrabam:
1361 2537 1526 2619 quianon
1547 2537 1668 2602 frustra
1692 2558 1751 2603 nec
1773 2537 1935 2603 inutiliter
1951 2539 1984 2604 id
2003 2559 2037 2605 se
2058 2540 2126 2606 fuc-

125 2623 417 2689 Discimnsautem
435 2642 477 2687 ex
499 2622 651 2698 hocloco,
670 2622 755 2706 quod
778 2624 874 2687 etiam
898 2621 1101 2704 experientia
1152 2631 1264 2688 turum
1293 2620 1491 2706 praevideat.
1537 2621 1685 2704 Simplex
1716 2630 1826 2689 autem
1849 2644 1966 2690 sensus
1987 2635 2045 2702 est,
2069 2627 2125 2690 ad·

125 2708 234 2789 docet,
252 2709 416 2793 peculiare
427 2729 498 2774 esse
509 2707 664 2775 ecclesiae
677 2707 895 2792 privilegium,
908 2727 1101 2791 cognoscere
1153 2708 1241 2773 mitti
1263 2707 1432 2774 Abraham
1455 2709 1490 2773 in
1512 2708 1680 2774 consilium
1701 2709 1774 2788 Dei,
1796 2709 1870 2791 quie
1889 2709 2027 2775 fideliter
2049 2711 2127 2776 boni

126 2793 208 2878 quid
236 2793 298 2859 sibi
327 2794 429 2860 velint
456 2800 490 2858 et
518 2814 673 2877 quorsum
705 2799 853 2878 spectent
881 2793 942 2859 Dei
970 2792 1099 2858 indicia.
1154 2793 1256 2876 patris
1277 2793 1418 2859 familias
1438 2794 1578 2860 officium
1600 2793 1747 2859 facturus
1764 2795 1808 2860 sit
1825 2797 1857 2858 in
1877 2795 1944 2861 suis
1962 2796 2124 2862 docendis.

124 2881 222 2946 Deus
244 2879 375 2963 quidem
398 2879 574 2947 sceleribus
596 2900 717 2962 poenas
739 2881 907 3029 infligens,
935 2879 1044 2962 palam
1067 2898 1102 2943 so
1154 2879 1242 2945 Hinc
1263 2877 1448 2963 colligimus
1469 2878 1638 2944 Abraham
1661 2878 1701 2944 de
1724 2877 1885 2946 Sodomae
1912 2882 2036 2946 excidio
2059 2904 2125 2948 non

124 2987 162 3030 re
194 2967 268 3050 ipsa
297 2964 411 3030 mundi
435 2965 573 3030 iudicem
603 2965 734 3048 probat:
771 2987 806 3030 se
866 2964 944 3048 quia
967 2963 1102 3028 fortuito
1154 2984 1214 3030 sua
1235 2972 1364 3030 tautum
1386 2965 1483 3030 nnius
1505 2984 1604 3031 eausa
1625 2965 1795 3031 certiorem
1819 2986 1888 3031 esse
1909 2967 2045 3046 factum,
2068 2967 2126 3034 sed

123 3051 278 3118 accidere
311 3051 423 3116 omnia
460 3051 626 3130 videntur,
668 3051 828 3116 Dominus
867 3071 926 3132 per
964 3051 1100 3115 verbum
1153 3050 1349 3136 ingratiam
1373 3052 1502 3135 generis
1525 3050 1585 3115 sni.
1631 3049 1728 3131 Quod
1749 3050 1926 3136 diligenter
1947 3051 2126 3119 notandum

124 3137 268 3222 affulget
297 3136 372 3202 liliis
401 3137 486 3216 suis,
525 3157 567 3201 ne
599 3157 673 3202 oum
698 3135 875 3202 incredulis
909 3136 1099 3201 caecutiant.
1153 3147 1217 3202 est:
1247 3135 1382 3220 perinde
1411 3135 1499 3201 euim
1529 3137 1620 3202 valet
1640 3136 1720 3202 haec
1742 3137 1904 3203 sententia
1925 3156 1963 3203 ac
1985 3139 2012 3203 si
2034 3140 2126 3205 Deus

124 3221 185 3290 Sic
216 3222 305 3299 olim,
338 3240 438 3307 quum
468 3241 604 3288 manum
643 3243 736 3288 suam
770 3221 811 3286 ad
840 3241 953 3287 ornnes
985 3220 1102 3286 mundi
1152 3221 1188 3286 in
1222 3221 1376 3287 Abrabae
1408 3241 1550 3305 persona
1581 3229 1727 3306 posteros
1760 3241 1873 3288 ornnes
1906 3225 2125 3308 compellaret.

121 3310 245 3394 plagas
262 3308 460 3385 extenderet,
482 3309 517 3372 in
529 3306 650 3373 Iudaea
668 3317 778 3372 amen
796 3327 924 3374 sacrum
947 3327 1101 3372 ossuum
1155 3309 1199 3374 Dt
1216 3317 1303 3373 certe
1324 3327 1390 3372 non
1412 3307 1485 3372 ideo
1507 3327 1600 3373 suam
1623 3307 1826 3372 voluntatem
1849 3308 1942 3374 nobie
1961 3309 2052 3376 Deus
2069 3333 2126 3377 ex-

121 3396 308 3462 contiuuit:
331 3395 392 3460 hoe
410 3403 467 3470 est,
491 3414 590 3476 quum
610 3407 724 3478 gentes
742 3412 854 3458 omues
871 3392 984 3457 feriret
1001 3391 1102 3457 cladi·
1153 3394 1245 3477 pouit
1262 3401 1300 3460 ut
1321 3392 1490 3458 nobiscum
1512 3394 1653 3458 intereat
1670 3395 1738 3459 eins
1756 3394 1906 3478 cognitio,
1924 3393 1981 3460 scd
2002 3405 2038 3460 ut
2056 3397 2126 3463 eius

121 3481 188 3547 bus
213 3481 365 3546 strabus
387 3478 550 3558 adversis,
576 3480 679 3545 solum
704 3490 814 3544 tamen
837 3479 974 3544 electum
997 3494 1101 3562 popu·
1154 3487 1254 3545 testes
1281 3475 1386 3544 'einins
1408 3477 1449 3544 ad
1478 3491 1638 3563 posteros,
1666 3479 1778 3563 illique
1801 3501 1819 3544 a
1842 3478 1935 3545 nobis
1962 3499 2035 3547 noce
2059 3493 2127 3547 tam

120 3567 198 3632 lum
224 3566 322 3632 verbo
344 3566 511 3630 admonuit
533 3559 591 3647 per
613 3564 803 3649 prophetas,
833 3584 946 3631 earum
975 3583 1010 3630 se
1032 3583 1103 3630 esse
1153 3563 1193 3629 de
1215 3585 1314 3629 mann
1338 3561 1436 3650 (quod
1457 3562 1563 3651 aiunt)
1580 3565 1616 3629 in
1635 3585 1767 3629 manum
1790 3566 1962 3648 nepotibus
1985 3503 2126 3634 tradant.

119 3661 293 3718 autorem:
311 3653 376 3716 imo
395 3657 471 3716 ante
482 3660 611 3733 tempus
631 3651 700 3715 fore
711 3649 881 3734 praedixit,
899 3649 1103 3732 quemadmo-
1153 3649 1266 3731 Quare
1287 3659 1399 3733 patres
1420 3648 1533 3714 sedulo
1558 3650 1745 3716 incumbere
1768 3650 1860 3717 decet
1878 3660 1914 3716 ut
1935 3651 2020 3734 quod
2044 3651 2126 3718 didi·

120 3738 209 3803 dnm
228 3735 314 3820 apud
326 3739 428 3803 Amos
439 3734 481 3822 (3,
496 3735 543 3822 l):
559 3738 613 3801 An
624 3736 688 3800 erit
705 3735 882 3820 quidquam
902 3734 987 3819 quod
999 3736 1103 3801 occul·
1152 3743 1269 3802 cerunt
1290 3757 1310 3800 a
1332 3735 1475 3800 Domino
1497 3735 1574 3800 filiis
1596 3737 1665 3801 suis
1687 3737 1933 3801 communicent.
1973 3737 2013 3802 In
2037 3737 2128 3805 hunc

118 3832 175 3890 tet
211 3823 372 3888 Dominus
401 3823 506 3889 servis
534 3823 602 3886 suis
632 3821 819 3906 prophetis?
853 3821 1102 3888 Meminerimus
1152 3820 1284 3886 mudum
1314 3818 1523 3904 propaganda
1551 3828 1600 3886 est
1628 3821 1721 3886 uobis
1744 3822 1807 3889 Dei
1836 3822 1975 3900 veritas,
2004 3824 2128 3890 nasibi

119 3931 209 3994 ergo
230 3909 348 3984 Deum,
372 3929 412 3973 ex
436 3929 500 3992 quo
522 3907 688 3973 beneficus
710 3929 790 3990 erga
809 3927 869 3972 nos
892 3927 963 3971 esse
985 3906 1100 3989 coepit,
1152 3907 1289 3990 quisque
1312 3908 1471 3990 ‘privatim
1501 3915 1628 3972 tantum
1656 3907 1777 3990 sapiat,
1807 3905 1863 3972 sed
1886 3907 1943 3973 alii
1965 3907 2045 3976 alios
2067 3929 2127 3992 pro

118 4014 299 4078 nunquam
319 3995 460 4077 fatigari,
484 3992 674 4060 donecsuas
687 3995 809 4078 gratias
832 3992 913 4058 alias
931 3992 1003 4056 eliis
1025 4014 1100 4058 con·
1152 4013 1211 4058 sua
1239 3994 1408 4058 vocatione
1435 4003 1468 4056 ct
1495 3991 1571 4057 fidoi
1596 3990 1690 4057 modo
1718 3992 1898 4058 aedificent.
1950 3993 2019 4059 Nec
2049 4015 2127 4062 vero

119 4090 264 4151 texens,
295 4081 432 4144 salutem
464 4089 606 4144 nostram
638 4079 807 4161 compleat.
852 4077 981 4143 Deinde
1011 4087 1100 4162 post·
1153 4077 1286 4144 dubium
1308 4089 1359 4142 est
1388 4078 1466 4160 quin
1490 4097 1601 4144 crassa
1619 4077 1807 4161 ignorantia
1836 4099 1918 4160 quae
1939 4080 1974 4142 in
2004 4081 2128 4147 mundo
2220 4141 2224 4146 ,

118 4187 228 4251 quam
252 4184 312 4229 nos
323 4165 424 4230 semel
436 4164 612 4247 adoptavit,
636 4175 669 4230 et
679 4165 788 4229 illuxit
806 4165 969 4230 mentibus
981 4164 1101 4229 nostris
1151 4173 1284 4249 regnat,
1317 4164 1402 4228 insta
1434 4164 1477 4228 sit
1509 4163 1659 4246 ignaviae
1691 4162 1859 4228 hominum
1895 4163 1985 4228 ultio.
2040 4164 2126 4231 Nam

118 4273 185 4336 per
209 4251 470 4330 vetusiacum,
491 4250 965 4316 eimuleiusdemverbifacem
989 4262 1101 4315 tenere
1150 4270 1250 4332 quum
1286 4246 1389 4314 maior
1421 4265 1495 4332 pars
1528 4247 1568 4313 ad
1601 4247 1742 4314 oblatam
1776 4249 1925 4314 coelestis
1957 4249 2125 4318 cocunea

119 4347 207 4405 ante
229 4336 339 4401 oculos
360 4345 487 4402 nostros
510 4356 696 4414 accensam,
727 4347 763 4400 ut
784 4335 902 4402 iudicia
924 4345 957 4400 et
978 4355 1100 4418 poenas
1150 4335 1256 4401 lucem
1278 4333 1388 4401 oculos
1409 4332 1555 4412 claudat,
1586 4333 1696 4417 plures
1725 4343 1835 4399 tamen
1857 4353 1929 4399 eam
1951 4335 2122 4416 suffocent,

117 4424 301 4502 scelerum,
323 4443 403 4505 quas
421 4421 512 4506 impii
535 4442 647 4486 secure
669 4421 849 4505 negligunt,
872 4421 935 4485 fide
953 4419 1100 4486 conside·
1151 4441 1210 4487 neo
1231 4420 1453 4486 transmittere
1476 4429 1591 4486 curant
1613 4419 1652 4483 ad
1670 4420 1763 4487 filios.
1809 4419 1884 4485 Iure
1905 4440 1983 4504 ergo
2006 4418 2122 4485 Domi·

116 4529 248 4575 remus.
284 4509 337 4572 lta
357 4507 513 4573 fidelesiu
538 4506 726 4591 reputandis
748 4508 892 4572 omnium
916 4517 1098 4588 temporum
1149 4528 1213 4572 nus
1236 4515 1273 4570 nt
1295 4525 1433 4588 poenam
1455 4514 1563 4571 sumat
1585 4505 1625 4570 ds
1648 4504 1761 4569 mundi
1784 4504 1923 4588 pigritia,
1947 4505 2124 4588 pretiosum

116 4593 274 4660 historiis
293 4595 415 4660 versari
434 4593 535 4670 decet,
553 4593 641 4658 utde
654 4592 754 4658 variis
773 4591 918 4658 cladibus
935 4613 1017 4674 quae
1034 4593 1098 4675 pri-
1150 4592 1240 4657 verbi
1274 4593 1325 4656 sui
1359 4591 1550 4656 thesaurum
1580 4591 1760 4657 submovet.
1816 4593 1866 4656 Ac
1897 4589 2041 4656 notanda
2073 4603 2124 4658 est

118 4681 233 4746 vatim
252 4693 284 4743 et
302 4679 429 4764 publice
446 4679 556 4761 impiis
574 4677 769 4756 acciderunt,
793 4697 921 4760 semper
942 4677 1098 4744 iudicium
1149 4675 1310 4762 particula
1339 4673 1485 4756 Poetae,
1518 4697 1581 4759 qua
1608 4676 1763 4742 docemur
1790 4697 1853 4739 non
1881 4675 1976 4739 modo
2010 4697 2123 4743 euram

116 4791 163 4832 cx
200 4766 365 4849 scriptura
392 4765 523 4830 faciam.
567 4764 694 4829 Verum
716 4764 886 4846 quaeritur
912 4783 954 4827 an
979 4763 1098 4846 exponi
1149 4773 1337 4828 nostrorum
1360 4760 1542 4827 habendam
1566 4783 1635 4828 esse
1656 4761 1809 4844 quamdiu
1833 4761 1985 4839 vivimus,
2009 4774 2046 4827 ut
2066 4785 2123 4829 eos

118 4851 285 4918 Abrabae
297 4871 430 4916 necesse
451 4851 551 4916 fuerit
562 4847 725 4920 Sodomae
736 4849 899 4916 excidium
923 4857 1097 4931 antequam
1148 4868 1303 4932 regamus
1327 4848 1417 4930 qnasi
1441 4848 1475 4914 in
1506 4847 1605 4912 diem:
1637 4847 1692 4912 sed
1721 4845 1862 4912 dandam
1891 4863 1962 4913 esse
1990 4866 2122 4931 operam

116 4937 301 5005 accideret.
336 4936 538 5019 Respondeo‚
562 4935 808 5018 quoniamudeo
830 4934 961 4999 hebetes
983 4954 1097 5000 sumus
1149 4944 1185 4999 ut
1206 4933 1270 4998 Dei
1293 4933 1423 5012 veritas,
1447 4953 1528 5016 quae
1550 4947 1684 4999 aeterna
1705 4942 1763 5012 est,
1787 4945 1860 5016 post
1885 4941 2022 4997 mortem
2045 4953 2122 5000 uos-

116 5026 155 5089 in
190 5021 346 5106 operibus
369 5021 430 5086 Dei
461 5021 669 5104 reputandis,
699 5021 834 5086 minime
862 5039 1095 5101 supervacuum
1148 5027 1232 5083 tram
1252 5018 1392 5084 vivatne
1411 5019 1534 5103 vigeat:
1554 5029 1591 5084 ut
1608 5018 1700 5084 nobis
1717 5018 1857 5082 mortuis
1873 5028 2121 5102 superstesmu·

116 5110 233 5176 finisse
255 5107 340 5174 banc
361 5107 602 5172 revelationem.
636 5105 799 5187 Quamvis
820 5105 964 5172 clamitet
982 5105 1097 5170 Domi·
1148 5117 1223 5169 neat
1240 5112 1352 5169 sancta
1370 5104 1504 5170 vivendi
1522 5105 1615 5170 ratio.
1644 5103 1731 5168 Hinc
1748 5109 1918 5186 praeterea
1934 5101 2121 5188 colligimus

116 5217 189 5263 nus
216 5213 270 5259 res
292 5193 445 5260 adversas
467 5193 536 5258 irae
557 5213 636 5258 suae
658 5192 788 5276 flagella
805 5211 883 5268 esse,
913 5211 1008 5256 nemo
1030 5192 1097 5256 fere
1147 5191 1244 5255 utiles
1256 5209 1327 5254 esse
1344 5193 1477 5275 cognitu
1494 5190 1647 5256 historias
1666 5187 1799 5271 quaead
1818 5187 2041 5254 incutiendum
2054 5199 2119 5256 ter-

115 5278 309 5348 anseultat:
331 5279 406 5363 quia
425 5299 540 5346 causas
559 5278 669 5362 pravis
685 5277 974 5363 imaginationibus
991 5276 1097 5341 carnis
1148 5297 1254 5341 rorem
1277 5274 1396 5340 valent.
1441 5274 1535 5360 Opus
1558 5277 1643 5341 euim
1667 5273 1766 5339 habet
1787 5275 1894 5340 carnis
1916 5284 2046 5340 nostrae
2068 5297 2119 5343 se·

115 5376 264 5435 nostrae
286 5363 349 5428 olio
378 5364 614 5430 transferimus.
664 5363 853 5429 Admonitio
875 5372 982 5428 autem
1013 5382 1097 5444 quae
1147 5362 1269 5428 auritas
1291 5361 1420 5427 aeribus
1441 5362 1582 5427 stimulis
1605 5360 1722 5444 quibus
1742 5369 1911 5445 pungatur
1933 5358 1974 5425 ad
1996 5360 2060 5428 Dei
2082 5363 2123 5429 ti·

232 5464 450 5533 Quantopere.
489 5463 550 5522 Vol.
566 5461 688 5520 XXIII.
1882 5460 1916 5516 17
