5022 6192
398 399 437 464 71
523 485 526 495 Ι
1057 393 1427 464 COMMENTARIUS
1449 394 1500 462 IN
1520 394 1734 463 ecquem.
2341 390 2375 455 ll

395 586 465 652 bris
487 585 657 654 demulcet
686 586 732 651 llt
753 586 830 668 quia
850 585 1078 652 sibi'inlensas
1101 606 1171 652 esse
1194 585 1287 650 novit
1307 584 1366 650 ho-
1505 585 1555 649 16.
1578 584 1634 650 Ad
1657 582 1819 649 mutarem
1846 583 1937 648 dizit.
1988 580 2063 662 Quo
2091 578 2208 646 iudicis
2235 579 2375 646 maiestas

396 672 525 740 minium
547 679 684 750 mentes,
707 679 814 736 astute
837 692 871 737 se
894 670 1032 754 obliquis
1055 671 1180 737 artibus
1202 671 1366 736 insinuat:
1419 669 1538 736 elarius
1559 670 1737 754 refulgeat,
1766 689 1833 735 non
1863 668 1967 733 utitur
1987 669 2078 734 Deus
2104 666 2205 750 longa
2231 663 2377 747 discepta-

396 766 494 842 atque
516 757 563 823 ita
583 757 670 824 fallit
691 757 753 822 sub
775 757 881 822 aliena
902 777 1050 840 persona.
1094 756 1135 822 In
1158 777 1294 834 summa,
1317 756 1368 820 in·
1420 756 1524 821 tione:
1554 755 1642 820 unde
1664 757 1761 820 etiam
1784 755 1999 838 perspicimus
2023 752 2100 837 quid
2124 752 2257 817 valeant
2277 772 2377 816 omnes

396 845 545 929 genitum
575 843 668 909 nobis
697 851 747 908 εει
774 863 794 907 a
821 850 954 922 natura,
978 839 1138 908 Satanam
1160 843 1253 926 quasi
1276 840 1368 906 nobis
1420 852 1549 908 nostrae
1572 841 1658 925 apud
1680 844 1789 924 ipsum
1812 850 1844 906 te
1887 840 2107 906 'versationes
2141 836 2303 903 Producto
2320 857 2377 902 ser·

396 928 574 994 adversum
603 929 725 1011 fugere.
783 928 893 1011 Atque
926 937 963 993 ut
998 928 1147 993 ostendat
1179 927 1271 992 Deus
1303 947 1368 991 non
1419 937 1517 1012 pente
1539 927 1780 1011 putabatHeva
1801 947 1836 992 se
1871 927 1957 991 uisse
1979 924 2137 1008 elapsam:
2161 923 2377 1020 Deusomissis

396 1015 495 1080 unius
523 1020 652 1079 tantum
682 1011 804 1080 saeculi
831 1012 901 1078 iore
919 1011 1041 1089 odium,
1070 1013 1264 1078 nominatim
1282 1011 1370 1091 dicit,
1419 1014 1487 1079 illis
1509 1013 1637 1080 cavillis
1659 1033 1730 1078 eam
1750 1011 1893 1076 damnat.
1924 1012 2062 1077 Desinat
2082 1032 2169 1094 ergo,
2191 1010 2248 1075 ubi
2269 1008 2309 1073 ad
2329 1017 2378 1071 tu·

394 1100 477 1166 later
498 1104 525 1164 te
546 1104 575 1166 et
595 1120 697 1166 senec
717 1099 879 1165 matera.-
901 1120 999 1182 quam
1021 1098 1087 1163 late
1109 1099 1234 1164 scilieet
1254 1117 1370 1182 propa-
1422 1099 1521 1166 huual
1552 1099 1615 1165 Dei
1644 1106 1778 1163 ventum
1809 1105 1873 1176 est,
1902 1096 2032 1181 litigare
2060 1105 2224 1180 peccator:
2251 1116 2293 1158 ne
2318 1094 2379 1158 eius

394 1185 527 1270 gabitur
554 1185 725 1251 hominum
752 1205 865 1269 genus.
910 1185 1083 1250 Mulierem
1113 1184 1185 1249 ideo
1205 1183 1369 1267 exprimit,
1419 1187 1520 1264 iram,
1550 1204 1645 1267 quem
1672 1183 1738 1248 iam
1766 1183 1839 1265 plus
1868 1184 1946 1248 satis
1971 1182 2115 1264 offendit,
2145 1181 2278 1266 gravius
2298 1180 2331 1244 in
2350 1199 2379 1243 se

395 1271 474 1354 quia
494 1273 580 1338 sicat
600 1270 659 1336 illa
680 1269 801 1335 diaboli
821 1270 988 1336 versutiae
1009 1278 1158 1349 cesserat,
1180 1277 1214 1335 et
1236 1271 1369 1352 decepta
1421 1281 1583 1355 provocet.
1627 1269 1723 1335 Nunc
1741 1265 1918 1334 videndum
1941 1289 2045 1352 genos
2066 1287 2191 1350 poenae
2212 1265 2297 1350 quod
2316 1287 2379 1329 mu·

394 1357 484 1440 prior
513 1357 669 1422 maritum
700 1364 849 1420 traxerat
876 1355 911 1420 in
942 1356 1139 1421 consortium
1167 1357 1289 1432 ruinae,
1322 1355 1370 1418 ita
1419 1357 1493 1422 lieri
1521 1356 1709 1438 imponitur.
1761 1353 1874 1435 Quum
1901 1353 1992 1432 dicit,
2019 1351 2237 1436 Multiplicabc
2263 1351 2380 1428 ἀειεεεε,

394 1441 550 1525 peculiari
572 1441 791 1508 consolatione
812 1463 893 1525 opus
915 1441 1040 1506 habuit.
1420 1441 1645 1526 complectitur
1667 1437 1824 1523 quidquid
1853 1440 2019 1504 molestiae
2043 1441 2209 1505 sustinent
2229 1437 2380 1514 mulieres,

482 1527 596 1610 Ipsum
627 1527 811 1593 calceabit.
862 1525 973 1593 Locus
999 1527 1053 1592 hic
1081 1527 1180 1592 nimis
1205 1527 1369 1593 luculento
1420 1550 1462 1594 ex
1484 1548 1547 1611 quo
1567 1526 1722 1612 gravidae
1744 1547 1814 1592 esse
1836 1525 2006 1607 incipiunt,
2027 1525 2194 1590 fastidium
2217 1524 2289 1605 eibi,
2310 1523 2380 1588 deli·

396 1613 591 1679 documento
621 1620 670 1678 εει
705 1621 827 1696 quanta
855 1613 1013 1678 fueritin
1046 1621 1169 1696 papatu
1201 1612 1367 1678 doctorum
1420 1615 1505 1697 quia,
1524 1612 1742 1687 lassitudines,
1761 1611 1888 1694 aliaque
1899 1611 2082 1690 innumera,
2102 1631 2205 1694 usquc
2216 1611 2293 1678 dum
2312 1631 2380 1675 ven-

396 1699 543 1764 omnium
570 1705 604 1763 et
625 1698 756 1764 inscitia
784 1707 817 1764 et
839 1697 986 1764 socordia
1008 1707 1041 1762 et
1061 1699 1197 1764 incuria.
1243 1696 1368 1780 Obrep·
1421 1711 1491 1764 tam
1522 1711 1573 1764 est
1600 1697 1641 1762 ad
1663 1705 1809 1780 partum,
1840 1698 1895 1780 qui
1923 1697 2132 1763 acerbissima
2157 1708 2380 1764 tormentata

395 1785 439 1849 sit
451 1783 644 1849 femininum
666 1804 771 1868 genus
789 1783 860 1850 loco
882 1784 1053 1849 masculini
1065 1785 1119 1849 vel
1142 1785 1281 1850 neutri*
1302 1782 1370 1864 Qui
1420 1804 1496 1852 cum
1518 1784 1622 1850 affert.
1667 1784 1730 1848 Est
1752 1783 1840 1848 enim
1863 1782 2026 1861 credibile,
2050 1784 2171 1866 absque
2193 1783 2309 1864 dolore,
2335 1783 2380 1848 rel

397 1869 566 1936 hebraicos
583 1869 637 1934 vel
659 1889 792 1952 graecos
809 1869 935 1935 codices
952 1869 1143 1948 consuleret,
1165 1890 1260 1935 nemo
1281 1869 1370 1934 inter
1421 1870 1536 1936 saltem
1559 1869 1680 1952 absque
1710 1877 1801 1934 tanto
1822 1869 1968 1934 cruciatu
1994 1869 2175 1952 parituram
2201 1871 2299 1936 fuisse
2319 1891 2381 1934 mu-

396 1976 451 2021 eos
473 1955 551 2030 luit,
578 1954 633 2019 vel
664 1955 720 2037 qui
742 1954 860 2020 saltem
885 1954 990 2020 latina
1008 1956 1095 2020 inter
1115 1976 1149 2020 se
1172 1954 1370 2038 exemplaria
1420 1956 1543 2033 lierem,
1565 1957 1593 2019 si
1615 1956 1649 2020 in
1667 1955 1773 2037 prima
1790 1953 1977 2020 conditione
1995 1955 2158 2020 stetisset:
2181 1955 2238 2020 sed
2258 1955 2380 2020 deiectio

396 2041 568 2108 conferret.
604 2040 779 2106 Communi
798 2041 899 2125 igitur
917 2061 1028 2106 errore
1047 2040 1258 2107 vitiosissima
1276 2038 1370 2105 lectio
1420 2041 1533 2107 aDeo
1552 2039 1710 2106 eiusmodi
1732 2040 1944 2106 incommodis
1971 2061 2043 2106 eam
2065 2041 2210 2108 subiecit.
2255 2040 2381 2106 Dolores

395 2134 527 2210 recepta
548 2125 621 2190 fuit.
655 2126 783 2192 Deinde
805 2128 943 2191 inventa
960 2135 1010 2192 est
1026 2126 1186 2212 sacrilega
1204 2127 1370 2210 expositio,
1421 2135 1453 2194 et
1482 2137 1658 2209 conceptus
1685 2148 1742 2209 per
1772 2124 1971 2210 hypallagen
2004 2129 2111 2210 accipe
2137 2147 2196 2210 pro
2228 2127 2382 2192 doloribus

395 2211 473 2277 dum
495 2223 627 2277 sanctae
644 2211 770 2277 Christi
785 2212 885 2277 matri
902 2219 1058 2297 aptarunt
1076 2213 1159 2295 quod
1183 2211 1223 2276 de
1245 2213 1370 2277 semine
1420 2234 1501 2296 qnos
1523 2234 1563 2276 ex
1586 2220 1741 2295 conceptu
1763 2211 1942 2294 perferunt.
1988 2211 2142 2278 Secunda
2170 2233 2274 2296 poena
2294 2233 2383 2294 quam

396 2297 518 2364 dictum
541 2297 621 2366 erat.
655 2297 696 2363 In
718 2299 828 2364 verbis
850 2297 979 2381 quidem
999 2298 1096 2362 Mosis
1119 2298 1211 2363 nulla
1233 2307 1284 2364 est
1301 2317 1369 2361 am·
1420 2299 1552 2381 irrogat,
1574 2309 1625 2362 est
1645 2297 1810 2363 subiectio.
1859 2297 2026 2380 Loquutio
2047 2299 2136 2364 enim
2157 2297 2247 2376 haec,
2270 2299 2324 2364 Ad
2342 2298 2383 2362 a·-

394 2383 552 2467 biguitas:
583 2382 624 2448 de
655 2404 755 2448 sensu
788 2404 867 2450 vero
899 2383 981 2448 mihi
1010 2402 1077 2448 non
1109 2384 1264 2449 convenit
1297 2403 1370 2448 cum
1419 2405 1494 2450 ram
1515 2385 1574 2448 erit
1594 2383 1750 2464 appetitas
1770 2387 1851 2463 taus,
1877 2383 2013 2466 perinde
2040 2383 2130 2451 valet
2150 2404 2189 2448 ac
2210 2386 2237 2449 si
2260 2391 2383 2466 negaret

396 2469 479 2535 aliis.
530 2468 616 2533 Nam
649 2490 760 2534 semen
790 2489 848 2551 pro
878 2468 1011 2533 Christo
1043 2469 1115 2534 sine
1150 2469 1371 2534 controversia
1422 2491 1494 2536 eam
1523 2470 1591 2535 fore
1619 2469 1753 2533 liberam
1782 2489 1820 2534 ac
1841 2470 1963 2553 proprii
1993 2469 2091 2547 iuris,
2119 2469 2176 2535 sed
2203 2471 2313 2534 manti
2340 2468 2384 2534 sui

396 2555 575 2636 accipiunt:
596 2573 634 2620 ae
649 2555 677 2618 si
695 2554 921 2634 dietumforet,
941 2555 1145 2620 exoriturum
1164 2576 1205 2620 ex
1224 2554 1370 2620 mulieris
1422 2556 1559 2638 imperio
1586 2553 1764 2631 addictam,
1794 2564 1831 2619 ut
1860 2555 1900 2620 ab
1929 2554 1999 2621 eius
2022 2563 2106 2620 nutu
2128 2555 2282 2638 pendeat:
2307 2575 2342 2621 ae
2360 2553 2384 2619 ei

396 2641 520 2704 semina
559 2639 700 2722 aliquem
741 2641 797 2722 qui
836 2640 997 2722 serpentis
1034 2649 1134 2724 caput
1171 2641 1368 2706 vulneraret.
1424 2641 1560 2707 diceret:
1600 2639 1675 2704 'libi
1696 2661 1762 2706 non
1786 2638 1874 2706 aliud
1896 2640 2112 2724 appetendum
2136 2642 2201 2706 erit
2221 2643 2287 2706 nisi
2308 2639 2384 2724 quod

395 2726 522 2791 lloram
543 2726 740 2791 sententiam
763 2725 903 2790 libenter
929 2745 1002 2790 meo
1031 2727 1187 2809 suffragio
1214 2726 1370 2810 approba-
1424 2727 1511 2793 volet
1538 2727 1685 2791 inantus.
1730 2725 1826 2793 Sicut
1854 2725 1943 2790 infra
1970 2727 2051 2814 (cap.
2074 2726 2112 2804 4,
2136 2725 2178 2812 7).
2225 2728 2384 2811 Appetitas

395 2831 475 2889 rem,
506 2810 570 2876 nisi
600 2810 684 2894 quod
708 2813 846 2876 verbum
868 2810 1002 2877 seminis
1027 2811 1126 2877 nimis
1146 2811 1307 2878 violenter
1329 2812 1369 2877 ab
1424 2814 1493 2879 eius
1511 2813 1553 2877 ad
1571 2819 1613 2876 te.
1643 2810 1696 2876 Ita
1713 2811 1841 2896 mulier,
1860 2833 1944 2894 qnae
1961 2815 2044 2878 lines
2066 2833 2143 2878 suos
2161 2827 2316 2896 proterve
2334 2832 2385 2877 ex·

397 2896 463 2962 illis
482 2897 626 2979 torqueri
638 2895 745 2962 video.
768 2895 852 2978 Quis
875 2897 962 2962 enim
986 2897 1139 2964 concedet
1160 2917 1281 2963 nomen
1304 2896 1369 2963 col·
1424 2905 1575 2978 cesserat,
1598 2898 1630 2962 in
1649 2896 1797 2962 ordinem
1820 2919 1916 2964 suum
1938 2899 2074 2981 cogitur.
2117 2898 2189 2963 Iam
2212 2900 2304 2983 prius
2323 2896 2385 2981 qui·

396 2982 551 3048 lectivum
581 2979 622 3046 de
652 3003 717 3046 uno
746 2991 875 3047 tantum
905 2981 1038 3048 homine
1065 2982 1188 3066 accipi?
1241 2981 1370 3047 Deinde
1424 2985 1499 3049 dem
1525 2983 1671 3048 subiecta
1697 2984 1816 3048 marito
1844 3004 1904 3049 suo
1932 2984 2054 3062 luerat,
2082 2982 2138 3050 sed
2161 2995 2231 3050 erat
2254 2982 2386 3050 liberalia

396 3068 483 3135 sicut
504 3067 629 3133 dissidii
651 3067 852 3152 perpetuitas
870 3075 1018 3132 notatur:
1041 3069 1088 3134 ita
1109 3090 1167 3218 {er
1184 3069 1371 3135 continuam
1425 3079 1457 3136 et
1478 3069 1614 3134 minime
1636 3067 1720 3134 dura
1741 3068 1911 3135 subiectio:
1942 3091 2030 3136 nane
2050 3091 2128 3136 vero
2146 3071 2182 3134 in
2204 3072 2385 3136 servitutem

397 3161 541 3218 aetatum
564 3153 681 3219 seriem
699 3153 901 3238 promittitur
918 3153 1057 3219 victoria
1077 3175 1112 3219 so
1134 3153 1179 3218 oli
1197 3154 1370 3220 humanae.
1424 3156 1604 3223 coniicitur.

398 3239 607 3306 Generaliter
628 3259 706 3322 ergo
725 3259 836 3304 semen
858 3239 1056 3322 interpretor
1077 3238 1117 3304 de
1134 3240 1280 3323 posteris.
1305 3237 1371 3306 Sed
1511 3242 1561 3307 17.
1585 3240 1678 3305 Adae
1699 3259 1770 3305 varo
1790 3239 1882 3305 cteta
1909 3240 2022 3307 Primo
2042 3241 2113 3308 loco
2135 3241 2318 3308 notandum
2336 3249 2386 3315 est,

419 3345 498 3390 uum
521 3325 723 3408 experientia
741 3324 862 3400 doceat,
884 3325 1024 3390 maltum
1044 3325 1157 3391 abesse
1174 3325 1254 3408 quin
1272 3346 1373 3409 supra
1423 3348 1488 3394 non
1511 3327 1626 3411 primis
1648 3331 1776 3390 tantum
1799 3325 1986 3393 hominibus
2007 3347 2145 3410 poenam
2166 3329 2281 3412 infligi,
2301 3336 2337 3392 ut
2356 3327 2386 3389 in

398 3346 563 3475 diabolum
593 3411 734 3476 victores
761 3423 931 3494 emergant
965 3431 1078 3476 omnes
1110 3411 1170 3476 filii
1192 3411 1300 3488 Adae,
1331 3410 1372 3476 ad
1425 3412 1550 3479 duobus
1573 3412 1739 3488 consistat,
1769 3411 1825 3478 sed
1847 3412 2044 3496 generaliter
2066 3413 2198 3478 extendi
2220 3416 2261 3479 ad
2284 3433 2387 3478 omnes

398 3505 497 3579 eaput
526 3517 629 3561 unum
661 3497 773 3563 venire
801 3515 933 3561 neeesse
962 3505 1021 3570 est,
1048 3505 1086 3562 ut
1107 3497 1308 3580 reperiamus
1331 3496 1373 3562 ad
1423 3508 1585 3586 posteros:
1609 3507 1648 3562 ut
1667 3497 1809 3564 sciamus
1827 3498 1862 3561 in
1879 3497 2012 3563 illorum
2033 3520 2172 3582 persona
2189 3499 2387 3566 maledictum

397 3602 478 3665 quos
499 3581 666 3665 pertineat
687 3581 833 3648 victoria.
861 3580 918 3648 Sic
936 3583 1059 3648 Paulus
1081 3604 1102 3647 a
1122 3583 1247 3648 semine
1265 3582 1373 3648 Abra·
1424 3605 1496 3652 esse
1517 3584 1698 3649 humanum
1722 3602 1842 3669 genus:
1871 3583 1988 3650 deinde
2010 3585 2142 3650 nonnisi
2164 3587 2387 3670 temporalibus

397 3667 461 3732 hae
484 3667 526 3731 ad
548 3666 721 3732 Christum
750 3689 809 3732 nos
836 3667 981 3734 deducit:
1017 3670 1093 3752 quia
1119 3668 1214 3733 multi
1241 3669 1374 3734 luerunt
1424 3671 1537 3756 poenis
1558 3669 1675 3736 subiici
1697 3683 1735 3733 ut
1755 3691 1796 3735 ex
1817 3669 1886 3734 irae
1908 3670 2039 3736 divinas
2061 3671 2284 3738 moderatione
2305 3690 2387 3755 spem

398 3753 459 3818 filii
482 3751 671 3837 degeneres,
700 3761 732 3818 et
759 3751 845 3818 bona
867 3773 943 3840 pars
965 3753 1150 3819 adulterina
1171 3765 1305 3838 propter
1325 3755 1374 3819 in·
1425 3757 1541 3822 veniae
1564 3755 1758 3838 concipiant.
1810 3754 1902 3821 Deus
1932 3776 2060 3822 eausam
2084 3757 2249 3824 adducens
2272 3756 2388 3824 cursio

398 3837 604 3903 fidelitatem:
638 3837 724 3903 unde
747 3839 904 3921 sequitur,
934 3840 1093 3904 unitatem
1116 3841 1259 3924 corporis
1282 3860 1301 3903 a
1322 3861 1374 3906 ea-
1425 3843 1459 3908 in
1488 3843 1599 3907 virum
1628 3840 1880 3920 animadvertat,
1912 3841 2182 3909 obmurmurandi
2209 3865 2320 3909 ansam
2347 3841 2388 3906 illi

399 3924 467 4007 pite
490 3925 602 3989 fluere.
646 3922 758 4003 Quare
779 3945 893 3990 sensus
915 3926 979 3990 erit
999 3923 1085 4011 (meo
1105 3925 1238 4013 iudicio)
1260 3925 1375 3992 huma·
1425 3927 1593 4014 praecidit.
1627 3925 1728 3992 Omni
1746 3929 1832 3992 enim
1844 3929 2055 3994 excusatione
2066 3930 2207 4004 carebat,
2229 3931 2284 4012 qui
2303 3927 2388 3994 uxori

398 4029 481 4074 num
517 4029 635 4090 genus,
665 4010 751 4091 quod
780 4011 963 4095 opprimere
991 4022 1125 4076 conatus
1156 4021 1228 4076 erat
1260 4011 1374 4092 Satan,
1426 4014 1531 4098 magis
1548 4013 1654 4078 fuerat
1671 4011 1869 4095 obsequutus
1887 4033 1984 4096 quam
2007 4015 2094 4082 Deo:
2112 4014 2179 4081 imo
2197 4017 2304 4081 Deum
2322 4035 2388 4080 con·

397 4094 468 4160 fore
498 4093 630 4159 tandem
661 4097 820 4179 superius.
879 4097 1016 4161 Interim
1039 4096 1199 4162 tenendus
1226 4105 1276 4160 est
1304 4098 1375 4162 vin·
1427 4106 1605 4182 tempserat
1626 4099 1662 4162 in
1684 4099 1795 4162 uxoris
1816 4118 1895 4165 suae
1912 4101 2066 4182 gratiam:
2089 4101 2227 4168 fallaciis
2244 4102 2388 4174 Satanae,

399 4175 494 4245 cendi
512 4179 637 4256 modus,
655 4182 784 4264 qualem
802 4182 962 4264 scriptura
980 4183 1131 4250 describit
1150 4181 1234 4268 (loh.
1248 4179 1374 4270 1231).
1427 4205 1564 4270 quarum
1594 4185 1666 4267 ipsa
1689 4185 1809 4250 nuncia
1831 4195 1901 4250 erat
1924 4205 1961 4251 ac
1989 4187 2148 4264 ministra,
2172 4195 2300 4253 tantum
2322 4187 2388 4253 fidei

399 4266 504 4330 Filios
538 4265 709 4332 hominum
742 4267 890 4350 captivos
925 4268 1062 4334 saeculis
1096 4269 1248 4334 omnibus
1281 4268 1375 4335 duxit
1427 4270 1577 4336 deferens
1596 4278 1717 4335 utnon
1736 4269 1898 4336 dubitaret
1918 4272 2064 4337 fictorem
2083 4293 2181 4338 suum
2199 4274 2320 4358 perfide
2340 4273 2388 4336 ab

402 4350 503 4419 Satan
534 4371 594 4434 pro
621 4372 681 4416 sua
711 4353 859 4430 libidine,
890 4364 922 4417 et
952 4352 1047 4418 hodie
1074 4353 1260 4420 luctuosum
1281 4355 1375 4418 illum
1427 4377 1557 4440 negare.
1608 4355 1681 4420 Etsi
1709 4365 1818 4420 autem
1842 4357 1986 4440 praecise
2015 4368 2048 4423 et
2070 4359 2213 4424 breviter
2235 4363 2301 4444 agit
2323 4379 2389 4425 cum

400 4437 605 4520 triumphum
636 4439 823 4505 continuat:
852 4437 924 4503 ideo
954 4450 987 4504 et
1008 4441 1159 4522 princeps
1181 4439 1295 4504 mundi
1318 4460 1375 4505 vo·
1427 4441 1546 4525 Adam,
1574 4450 1778 4523 praetextum
1809 4451 1920 4510 tamen
1948 4463 2010 4525 quo
2038 4443 2182 4528 affugere
2204 4453 2389 4521 tentaverat,

400 4533 504 4589 catur.
557 4522 623 4589 Sed
653 4525 730 4605 quia
759 4523 874 4589 fortior
896 4525 1029 4589 emersit
1053 4545 1071 4590 e
1093 4525 1182 4590 coelo
1203 4526 1259 4608 qui
1280 4525 1376 4590 illum
1428 4527 1500 4593 ideo
1524 4527 1657 4608 refellit,
1686 4548 1749 4610 quo
1776 4527 1903 4594 facilius
1925 4529 1965 4594 ad
1988 4530 2224 4612 poenitentiam
2246 4553 2319 4596 eum
2340 4529 2390 4596 ad-

400 4609 600 4692 subiugaret,
630 4608 707 4674 hinc
735 4611 775 4675 fit
797 4617 835 4674 ut
858 4609 904 4673 illi
928 4609 1080 4675 similiter
1102 4619 1171 4675 tota
1191 4611 1256 4676 Dei
1278 4612 1377 4678 eccla-
1428 4615 1536 4679 dueat.
1581 4613 1760 4697 Postquam
1789 4614 1932 4681 breviter
1959 4615 1999 4680 de
2027 4613 2119 4681 Adae
2148 4627 2278 4698 peccato
2305 4637 2389 4699 prae·

401 4695 449 4760 sia
471 4693 532 4760 sub
554 4694 662 4777 eapite
689 4716 747 4760 suo
776 4696 950 4778 magnifiee
971 4695 1115 4762 insultet.
1156 4695 1231 4777 Quo
1253 4709 1378 4779 spectat
1428 4701 1515 4766 latus
1536 4707 1595 4775 cst,
1625 4709 1747 4764 terram
1775 4701 1845 4765 eius
1873 4719 1971 4766 causa
1992 4703 2188 4784 pronunciat
2210 4701 2276 4768 lore
2298 4703 2390 4767 male·

399 4779 484 4844 illud
506 4779 601 4844 Pauli
623 4777 732 4866 (Rom.
758 4781 808 4857 16,
827 4779 896 4867 20);
926 4780 1091 4846 Dominus
1114 4781 1205 4847 brevi
1231 4791 1378 4849 conterat
1430 4786 1559 4850 dietam.
1584 4785 1688 4850 Vetus
1706 4786 1867 4868 interpres
1885 4787 2064 4864 transtulit,
2086 4788 2120 4850 in
2138 4808 2237 4870 opere
2254 4797 2322 4853 tuo:
2340 4787 2390 4852 sed

403 4864 562 4932 Satanam
585 4867 647 4930 sub
670 4865 804 4948 pedibus
825 4867 955 4952 vestris.
995 4866 1125 4947 Quibus
1148 4867 1254 4934 verbis
1276 4869 1377 4952 signi·
1430 4869 1570 4936 tenenda
1588 4881 1637 4936 est
1654 4870 1756 4949 lectio,
1782 4873 1816 4936 in
1834 4893 1931 4954 quam
1949 4874 2159 4938 consentiunt
2177 4873 2308 4939 hebraei
2328 4895 2390 4939 om·

400 4953 478 5017 fleat
500 4949 643 5017 Satanae
664 4952 853 5017 conterendi
879 4953 1035 5017 virtutem
1058 4953 1196 5018 diffundi
1218 4953 1253 5018 iu
1276 4955 1379 5019 homi·
1431 4978 1489 5022 nes
1517 4955 1657 5034 codices,
1690 4957 1937 5041 quodpropter
1965 4957 2074 5023 Adam
2102 4957 2274 5024 maledicta
2300 4961 2391 5026 luent

402 5057 462 5102 nes
491 5035 620 5112 fideles,
655 5048 751 5121 atque
777 5039 824 5102 ita
856 5060 1061 5104 communem
1094 5040 1194 5104 totius
1224 5040 1379 5107 ecelesiae
1430 5051 1528 5107 terra.
1562 5041 1633 5106 Iam
1657 5043 1742 5109 sieut
1762 5052 1869 5109 terrae
1887 5042 2066 5109 benedictio
2085 5056 2222 5110 vocatur
2241 5047 2276 5110 in
2297 5047 2390 5127 scrip

402 5119 660 5188 benedictionem
683 5144 767 5188 esse:
796 5145 910 5189 verum
935 5124 1036 5190 simul
1057 5123 1210 5190 admonet
1231 5126 1379 5193 inchoari
1430 5128 1514 5194 turis
1531 5128 1733 5194 foecunditas
1754 5150 1851 5213 quam
1871 5128 1962 5195 Deus
1984 5151 2104 5196 arcana
2125 5151 2186 5195 sua
2202 5133 2326 5196 virtute
2346 5132 2392 5195 in·

404 5214 532 5305 tantum
555 5208 590 5270 in
612 5205 673 5272 hoc
695 5208 835 5274 mundo:
865 5211 942 5293 quia
964 5209 1127 5277 Dominus
1156 5231 1223 5276 non
1246 5221 1379 5278 coronat
1431 5215 1543 5297 spirat,
1565 5214 1612 5280 sic
1634 5215 1819 5280 maledictio
1846 5215 1928 5280 nihil
1951 5215 2039 5281 aliud
2062 5227 2111 5282 est
2132 5237 2232 5298 quarn
2254 5217 2392 5300 opposita

404 5293 468 5358 nisr
491 5292 573 5357 bene
593 5296 745 5376 probatos
766 5294 916 5361 athletas.
1431 5300 1582 5384 privatio,
1606 5299 1766 5366 ubiDens
1787 5302 1928 5385 gratiam
1950 5321 2044 5368 suam
2054 5302 2213 5368 subducit.
2237 5303 2303 5368 Nee
2322 5323 2392 5368 vero
