5000 6208
139 395 202 462 *325
793 396 1163 465 COMMENTARIUS
1185 397 1235 462 IN
1258 397 1471 465 eausam.
2062 403 2125 468 326

141 595 204 652 tam
226 584 411 650 hominibus
431 604 526 667 quam
545 581 617 648 Deo
639 583 765 649 deferre
787 584 872 664 licet,
894 584 952 650 sed
973 585 1104 652 diverso
1156 586 1249 650 muni
1276 586 1355 652 siclc
1386 585 1568 670 intelligas,
1600 585 1664 652 erit
1695 585 1829 654 dimidia
1861 608 1999 654 summa.
2050 589 2125 656 Nun

141 674 217 738 fine:
247 681 364 736 mutuo
393 670 542 735 homiues
570 689 679 734 coram
709 669 912 750 hominibus,
943 671 997 736 vel
1018 692 1104 755 genu
1157 680 1223 736 tam
1263 671 1473 755 scrupulosus
1514 681 1584 736 erat
1616 670 1783 737 Abraham
1818 675 1897 756 quin
1935 684 2126 758 recepturus

140 759 282 838 flectunt,
304 755 357 822 vel
372 763 469 838 caput
489 755 672 834 incurvant,
694 777 813 839 nempe
830 757 953 839 politici
971 756 1105 822 honoris
1155 758 1253 821 fuerit
1274 759 1381 823 maius
1403 756 1533 839 aliquod
1555 757 1695 834 donum,
1725 759 1787 824 nisi
1810 769 1900 825 certa
1921 762 2003 826 ratio
2026 761 2126 828 obsti·

140 863 243 909 causa.
296 840 388 907 Idem
418 841 446 904 si
473 840 638 924 religionis
666 862 763 908 eausa
791 843 864 922 fiat,
895 843 1104 926 sacrilegium
1155 843 1258 907 tisset.
1319 842 1471 926 Amplius
1515 843 1604 908 enim
1646 844 1836 910 muneribus
1880 855 1948 911 tam
1985 868 2006 912 a
2048 868 2125 931 rege

140 938 195 995 est.
240 927 371 1011 Religio
392 926 480 992 enim
502 948 568 992 non
589 927 689 991 aliurn
712 948 810 1011 quam
833 929 930 994 unius
952 929 1014 994 Dei
1037 927 1105 994 cul·
1156 928 1299 1014 Aegypti
1328 949 1425 1012 quam
1448 950 1468 994 a
1490 949 1567 1012 rege
1589 929 1697 996 Gerar
1719 928 1857 996 dunatus
1886 930 1963 996 fuit:
1993 931 2049 996 sed
2072 954 2124 998 re-

139 1029 206 1080 tum
229 1013 381 1078 admittit.
422 1014 472 1078 Ac
499 1013 668 1095 pueriliter
696 1023 864 1098 nugentur
885 1014 995 1097 quiin
1016 1015 1105 1080 voci·
1155 1015 1267 1097 gulam
1295 1013 1385 1078 illam
1414 1015 1534 1090 tenuit,
1562 1035 1667 1097 neque
1702 1015 1828 1096 omnia,
1855 1037 1960 1100 neque
1993 1019 2123 1101 passim,

138 1100 194 1166 bus
217 1099 326 1166 duliae
343 1109 376 1163 et
398 1096 511 1162 latriae
534 1097 646 1162 fucum
666 1099 800 1175 faciunt,
822 1120 920 1182 quum
944 1100 1106 1183 scriptura
1155 1119 1261 1183 neque
1294 1099 1334 1166 ab
1367 1100 1518 1166 omnibns
1549 1099 1710 1166 sumenda
1741 1121 1820 1168 csse.
1867 1102 1981 1186 Nuper
2014 1113 2123 1170 autem

138 1185 331 1272 generaliter
356 1183 577 1249 adorationem
600 1183 641 1248 ad
662 1183 810 1250 homines
839 1186 1008 1251 transferri
1030 1206 1104 1268 pro·
1155 1185 1292 1268 exposui
1320 1206 1436 1271 agrum
1466 1187 1582 1251 emisse
1605 1207 1647 1251 na
1670 1184 1785 1270 pedem
1813 1197 1920 1254 terrae
1947 1187 2046 1254 ullius
2066 1188 2124 1256 ho·

137 1273 253 1338 hibent.
297 1271 470 1337 Caeterum
500 1290 543 1335 ns
572 1269 646 1352 quis
674 1270 812 1336 miretur
839 1269 1006 1336 Abraham
1037 1283 1104 1336 tam
1154 1271 1254 1338 minis
1276 1271 1360 1336 dono
1383 1270 1570 1354 possideret.

136 1359 324 1442 suppliciter
341 1366 375 1422 et
391 1355 550 1422 submisse
573 1376 678 1438 agere,
702 1356 870 1422 sciendum
885 1366 935 1422 est
951 1357 985 1421 id
1004 1357 1103 1422 fuisse
1242 1357 1291 1423 16.
1314 1355 1358 1422 Et
1379 1358 1526 1439 appendit
1546 1356 1719 1424 Attalium.
1764 1357 1882 1424 Nescio
1904 1359 1982 1441 quid
2005 1359 2123 1426 Hieru-

135 1467 174 1511 ex
197 1442 362 1509 communi
384 1461 473 1506 more
495 1449 527 1504 et
550 1462 622 1506 usu.
668 1439 856 1508 Orientales
878 1443 965 1507 enim
988 1444 1103 1508 immo·
1154 1464 1255 1526 nyma
1277 1442 1403 1510 venerit
1421 1444 1455 1506 in
1478 1452 1630 1522 mentem,
1653 1464 1753 1525 quum
1776 1442 1855 1510 dicit
1876 1443 2004 1510 literam
2023 1467 2122 1511 unam

135 1531 221 1596 dicos
244 1530 343 1594 inisse
363 1527 398 1592 in
424 1527 636 1594 caeremoniis
658 1537 771 1594 notum
793 1537 852 1594 est.
899 1527 936 1594 Si
958 1528 1103 1594 Graccus
1153 1526 1333 1596 detractam
1378 1549 1448 1594 cese
1491 1549 1533 1593 ex
1576 1530 1708 1594 nomine
1746 1529 1908 1613 Hephron
1951 1540 2122 1614 postquam

135 1617 186 1682 vel
208 1615 311 1682 Italos
332 1614 479 1679 conferas
501 1613 687 1693 nobiscum,
709 1635 822 1680 sumus
843 1614 909 1679 illis
930 1614 1102 1697 parciores.
1153 1614 1308 1680 Abrahae
1323 1616 1478 1697 precibus
1506 1615 1627 1693 victus,
1658 1616 1828 1697 pecuniam
1851 1635 1911 1698 pro
1932 1636 2010 1700 agro
2033 1636 2123 1684 acce·

135 1703 235 1784 Atqui
253 1698 447 1766 Aristoteles
467 1719 567 1781 quum
587 1699 626 1764 de
644 1700 797 1766 Asiaticis
816 1707 850 1765 et
866 1699 938 1765 aliis
956 1700 1102 1766 barbaris
1153 1701 1216 1786 pit:
1240 1701 1317 1784 quia
1339 1698 1469 1766 vendito
1491 1699 1663 1783 sepulchro
1685 1707 1837 1767 truncata
1857 1701 1922 1766 fuit
1939 1702 1992 1769 vel
2015 1703 2122 1768 immi·

134 1788 291 1870 loquitur,
322 1785 439 1850 vitium
460 1783 541 1849 illud
563 1794 656 1850 notat
676 1786 761 1868 quod
784 1787 881 1852 nimis
902 1786 1022 1850 multae
1044 1785 1101 1849 ha·
1152 1794 1234 1852 nuta
1263 1787 1333 1850 eius
1364 1786 1481 1850 virtus:
1511 1806 1587 1850 nam
1615 1795 1648 1850 et
1676 1807 1793 1852 nomen
1819 1786 1980 1869 Hephron
2009 1795 2122 1870 postea

133 1873 231 1938 beant
270 1871 485 1937 adorationes.
541 1869 652 1951 Quare
685 1892 750 1936 non
782 1881 832 1938 est
864 1870 949 1955 quod
982 1871 1102 1937 nostris
1152 1892 1280 1955 quoqne
1319 1871 1432 1937 ecdem
1465 1869 1560 1936 modo
1592 1892 1655 1954 quc
1687 1882 1762 1936 ante
1795 1873 1952 1956 scriptum
1990 1873 2120 1956 legitur.

132 1958 278 2024 moribus
316 1957 490 2022 metiamur
521 1955 610 2022 hunc
642 1956 814 2036 honorem,
850 1978 947 2040 quem
983 1957 1101 2040 populo
1151 1957 1265 2041 Neque
1286 1958 1348 2023 hoc
1369 1957 1433 2040 ipsi
1453 1956 1614 2039 Hepbron
1644 1959 1800 2040 imputari
1820 1957 1933 2023 debuit
1953 1958 1989 2023 in
2009 1979 2121 2041 pecca·

132 2058 238 2110 terrae
260 2042 407 2108 exhibuit
428 2041 606 2108 Abraham.
1151 2050 1238 2122 tum,
1271 2042 1357 2126 quod
1388 2042 1571 2126 legitimum
1606 2042 1699 2108 fundi
1731 2045 1781 2108 sui
1813 2045 1957 2126 pretinm
1990 2053 2121 2115 coactns

217 2132 247 2196 8.
272 2128 311 2194 Si
338 2133 383 2193 est
409 2129 590 2194 inanimis
616 2129 735 2194 cesam
781 2130 848 2194 Itos
876 2128 1100 2211 deprecatores
1151 2129 1290 2212 accepit,
1323 2150 1423 2210 quum
1455 2126 1635 2193 liberaliter
1668 2127 1744 2194 dare
1777 2139 1909 2212 paratus
1937 2130 2029 2194 foret.
2083 2129 2120 2197 Si

129 2217 301 2282 constituit
318 2213 486 2284 Abraham
509 2213 594 2297 apud
612 2213 783 2296 Hepbron‚
801 2225 839 2280 ut
855 2216 915 2281 sibi
938 2215 1101 2297 duplicem
1150 2214 1227 2297 quid
1249 2216 1285 2279 in
1307 2235 1346 2281 ea
1367 2235 1403 2278 re
1425 2221 1593 2296 peccatum
1615 2214 1675 2292 sit,
1705 2224 1807 2280 totam
1829 2214 1959 2298 culpam
1982 2216 2121 2282 sustinet

131 2303 320 2385 speluncam
353 2297 483 2364 vendat.
534 2297 677 2380 Quidam
711 2300 898 2383 speluncam
926 2301 973 2366 sic
1001 2300 1101 2366 fuisse
1150 2299 1327 2365 Abraham.
1373 2298 1439 2367 Sed
1468 2299 1541 2381 quis
1568 2300 1689 2365 iustam
1714 2299 1934 2365 venditionem
1964 2300 2120 2368 damnare

129 2388 340 2470 compositam
387 2393 521 2466 putant,
565 2394 601 2449 ut
647 2386 751 2450 altera
795 2386 944 2468 superior
990 2386 1099 2464 fuerit,
1150 2387 1268 2451 audeat
1285 2387 1320 2450 in
1338 2407 1402 2469 qua
1423 2385 1576 2466 utrinque
1598 2385 1721 2468 religio,
1744 2385 1830 2450 bona
1850 2386 1932 2451 fides
1954 2393 1988 2451 et
2009 2387 2119 2470 acqui·

127 2473 231 2538 altera
264 2472 408 2537 inferior.
458 2469 618 2536 Liberum
651 2471 695 2536 sit
726 2472 841 2554 cuique
871 2472 980 2555 sequi,
1013 2471 1099 2554 quod
1150 2479 1202 2537 tae
1222 2471 1396 2538 servatur?
1420 2471 1521 2552 Atqui
1542 2470 1706 2555 sepulchri
1728 2479 1876 2554 respectu
1894 2493 2010 2556 agrum
2033 2494 2119 2538 eme·

127 2559 232 2643 magis
264 2558 437 2641 placuerit:
475 2577 534 2640 ego
566 2565 676 2621 tamen
709 2558 816 2639 potius
851 2557 962 2622 divino
994 2579 1097 2622 unum
1149 2557 1207 2622 bat
1240 2557 1424 2624 Abraham:
1458 2556 1514 2622 sed
1548 2578 1588 2622 an
1622 2557 1694 2622 ideo
1727 2558 1830 2640 gratis
1862 2557 1976 2623 cedere
2008 2557 2120 2624 debuit

125 2646 227 2710 fuisse
249 2642 389 2719 aditum,
424 2643 480 2707 sed
508 2643 600 2706 intus
622 2642 729 2707 medio
759 2644 937 2708 interstitio
959 2642 1097 2708 divisam
1149 2643 1320 2726 Hepbron‚
1344 2663 1382 2709 ac
1399 2640 1564 2725 sepulchri
1585 2653 1760 2725 praetextu
1777 2643 1849 2707 iure
1870 2664 1929 2708 suo
1952 2643 2117 2709 fraudari?

125 2732 227 2796 fuisse
245 2728 442 2811 speluncam.
478 2728 552 2793 Huc
573 2728 683 2810 potius
701 2728 742 2792 ad
764 2750 833 2794 rem
855 2730 996 2812 pertinet
1012 2727 1098 2812 quod
1150 2728 1309 2794 Videmus
1327 2748 1404 2812 ergo
1421 2748 1528 2794 meras
1546 2749 1616 2794 esee
1633 2748 1746 2812 nugas.
1781 2727 1979 2794 Oanonistae
1997 2738 2117 2808 tamen,

125 2814 295 2883 Abraham
317 2815 442 2878 iustum
464 2815 605 2895 pretium
627 2815 775 2890 offerens,
800 2815 997 2898 aequitatem
1020 2814 1098 2880 colit
1149 2825 1186 2878 ut
1207 2814 1408 2898 praeposteri
1426 2823 1504 2878 sunt
1525 2825 1558 2877 et
1579 2814 1713 2890 insulsi,
1743 2824 1864 2880 temere
1886 2822 2015 2898 arrepto
2038 2815 2118 2881 Hie·

124 2921 161 2966 ac
184 2912 306 2967 servat.
351 2899 616 2982 Quotusquisque
640 2900 805 2983 reperitur
826 2901 881 2984 qui
902 2901 938 2965 in
960 2901 1096 2983 emptio·
1148 2903 1277 2984 ronymi
1296 2901 1395 2977 dicto,
1429 2908 1616 2966 statuerunt
1641 2899 1784 2966 immane
1812 2901 1881 2965 fore
1902 2901 2118 2984 sacrilegium,

123 2987 221 3054 nibus
240 2995 274 3052 et
292 2985 363 3050 aliis
385 2985 533 3068 negotiis,
555 3007 620 3050 non
640 3006 736 3050 sunm
759 2986 966 3052 commodum
988 2993 1096 3068 captet
1148 2986 1176 3052 si
1198 2986 1387 3052 vendantur
1406 2984 1587 3068 sepulchra.
1631 2986 1769 3051 Interim
1799 2994 1911 3051 mmen
1932 3007 2044 3052 omnes
2066 3007 2116 3054 sa·

123 3093 165 3138 ex
188 3073 297 3138 aliena
318 3069 465 3137 iactura?
489 3071 574 3135 Nam
596 3071 673 3136 dum
702 3071 851 3136 venditor
873 3072 971 3156 duplo
993 3071 1095 3137 maio·
1147 3073 1248 3138 critici
1264 3071 1396 3155 papales
1412 3071 1682 3136 nundinationem
1700 3073 1796 3137 istam
1815 3093 1927 3138 secure
1947 3082 2116 3138 exercent:

122 3177 317 3241 remquam
339 3178 477 3239 aequum
499 3163 558 3234 est,
577 3155 795 3222 indicaturam
818 3158 904 3238 iacit,
926 3167 963 3222 ut
985 3178 1096 3240 quam·
1147 3165 1181 3223 et
1219 3179 1320 3241 quum
1362 3158 1528 3223 fateantur
1567 3158 1796 3223 coemeterium
1835 3177 2008 3223 commune
2047 3179 2118 3224 esse

121 3245 303 3327 plurimum
331 3244 370 3309 ab
404 3249 549 3325 emptore
581 3250 786 3325 extorqueat:
821 3265 936 3310 rursus
968 3250 1096 3325 emptor
1146 3245 1373 3328 sepulchrum,
1412 3242 1539 3308 nullum
1578 3243 1676 3308 effodi
1708 3245 1880 3327 patiuntur
1913 3244 1977 3309 nisi
2010 3245 2117 3310 soluto
2218 3275 2221 3280 ·

122 3331 330 3396 venditorem
359 3326 606 3411 tergiversando
634 3327 675 3392 ad
705 3328 771 3394 vile
797 3330 937 3412 pretium
963 3329 1094 3394 trahere
1146 3330 1258 3413 pretio.

121 3425 276 3495 conatur,
317 3413 429 3479 nullus
462 3424 512 3480 est
550 3413 699 3480 licitandi
730 3414 816 3480 finis.
872 3414 1094 3496 Quantumvis
1231 3417 1401 3498 Arpeutecs
1418 3419 1612 3480 transeuntes
1626 3435 1686 3497 per
1702 3419 1893 3480 mutuaret.
1940 3412 1996 3481 Sic
2017 3413 2118 3498 loqui-

120 3511 233 3566 autem
256 3502 417 3582 speciosos
438 3499 558 3564 habeat
573 3500 697 3566 colores
720 3501 867 3581 avaritia,
889 3503 967 3566 iacit
984 3507 1093 3565 tamen
1145 3502 1341 3579 turbinem,
1363 3499 1449 3583 quod
1471 3500 1525 3566 hic
1547 3500 1703 3583 pecuniae
1724 3520 1803 3564 usus
1824 3510 1940 3564 mutua
1965 3500 2008 3565 sit
2029 3500 2116 3565 inter

120 3596 159 3652 ut
188 3585 624 3652 rectitudinisetinetitiae
651 3585 832 3652 hincinde
859 3587 1094 3654 obliviscantur
1145 3586 1295 3652 homines
1319 3586 1574 3651 communicatio.
1619 3587 1671 3651 Ea
1699 3594 1809 3650 autem
1837 3585 2009 3668 praecipue
2038 3606 2114 3650 ver·

120 3673 178 3755 qni
201 3675 290 3737 inter
312 3693 347 3736 se
369 3670 575 3737 contrahunt.
618 3671 690 3736 Hoc
712 3672 812 3736 eham
834 3671 951 3737 deinde
980 3683 1093 3737 notare
1143 3683 1236 3738 sanir
1267 3675 1302 3738 in
1335 3671 1497 3737 mercibus
1531 3670 1678 3736 emendis
1710 3680 1744 3736 et
1776 3670 1965 3736 vendendis.
2017 3670 2113 3752 Quod

118 3758 402 3842 operaepretium
432 3766 497 3834 est,
536 3755 621 3839 quud
644 3759 770 3839 saepius
805 3756 902 3822 edicit
924 3757 1092 3822 Abraham
1144 3770 1253 3824 antem
1282 3759 1316 3823 in
1345 3760 1410 3822 fine
1438 3757 1554 3838 capitis
1584 3756 1661 3822 dicit
1682 3757 1805 3832 Moses,
1836 3777 1953 3840 agrum
1981 3756 2021 3821 ab
2043 3756 2113 3821 He-

119 3865 154 3909 se
177 3865 298 3928 agrum
320 3863 428 3908 emere
448 3842 483 3907 in
505 3843 693 3925 sepulturae
717 3864 822 3908 usum.
865 3843 974 3926 Atque
996 3844 1031 3910 iu
1054 3864 1092 3908 ea
1144 3845 1250 3910 thaeis
1279 3843 1431 3910 Abrahae
1460 3842 1640 3907 stabilitum
1667 3843 1765 3908 fuisse
1793 3843 1829 3906 in
1858 3843 2110 3924 possessionem:

118 3951 155 3994 re
175 3941 247 3994 tam
269 3927 426 3994 verbosus
444 3934 493 3993 est
510 3928 637 4007 Moses,
667 3938 705 3992 ut
722 3927 883 3994 discamus
902 3951 975 3994 cum
997 3939 1091 4011 patre
1142 3951 1258 3997 sensus
1280 3938 1345 4008 est,
1368 3929 1565 4012 emptionem
1595 3928 1696 3994 fuisse
1725 3927 1853 4011 publice
1871 3928 2110 4012 consignatam:

118 4025 234 4081 nostro
268 4013 433 4081 Abraham
480 4012 522 4078 ad
559 4035 650 4096 spem
684 4017 929 4081 resurrectionis
963 4024 1090 4080 mentes
1141 4015 1218 4081 licet
1239 4016 1327 4081 enim
1348 4015 1498 4099 privatus
1520 4014 1616 4078 hcmc
1638 4011 1813 4092 venderet,
1841 4014 1980 4097 populus
2001 4025 2112 4078 tamen

114 4111 248 4167 nostras
269 4101 403 4180 erigere.
441 4098 618 4164 Dimidium
639 4099 690 4165 sui
712 4111 837 4182 partem
859 4100 1002 4167 ablatam
1019 4121 1090 4166 esse
1140 4102 1303 4180 interfuit,
1333 4109 1507 4186 ratumque
1530 4099 1646 4164 habuit
1666 4097 1752 4181 quod
1775 4121 1794 4165 a
1816 4098 1942 4165 duobus
1964 4107 2111 4165 contrac-

115 4186 266 4252 videbat:
294 4183 352 4251 sed
373 4186 450 4268 quia
471 4195 579 4250 certus
601 4193 671 4250 erat
693 4206 758 4250 ncn
781 4186 930 4252 exsulare
953 4206 1087 4251 uxorem
1140 4197 1211 4252 tum
1232 4197 1313 4253 erat.

115 4293 136 4336 a
153 4291 260 4356 regno
279 4272 351 4349 Dei,
374 4279 535 4335 mortuam
557 4271 592 4335 in
615 4269 788 4353 sepulchro
809 4271 963 4350 recondit,
987 4271 1089 4338 donec

114 4358 216 4423 simul
242 4357 422 4441 colligatur.

207 4443 258 4508 11.
282 4445 372 4510 Audi
390 4462 446 4508 ma
483 4443 626 4508 Tametsi
649 4443 733 4508 serio
755 4444 900 4508 instabat
917 4443 1087 4526 Hepbron‚

114 4537 154 4594 nt
184 4530 289 4613 gratis
317 4528 472 4595 Abrahae
500 4547 617 4612 agrum
650 4529 801 4604 donaret,
835 4539 946 4594 manet
978 4537 1087 4594 tamen
1475 4524 1625 4592 unPuu
1646 4524 1778 4592 XXIV.

112 4627 252 4682 sanctus
274 4615 327 4678 vir
345 4616 380 4679 iu
399 4635 458 4679 suo
480 4614 651 4696 proposito,
672 4635 710 4680 ac
731 4614 864 4678 tandem
887 4635 961 4678 eum
983 4616 1088 4699 preci·

114 4698 181 4765 bue
210 4702 279 4766 suis
302 4699 343 4765 ad
372 4697 592 4764 venditionem
623 4701 693 4783 agri
722 4702 816 4782 cogit.
862 4701 950 4764 Dum
974 4721 1009 4766 se
1030 4723 1088 4764 ex·
1227 4699 1254 4764 1.
1279 4697 1442 4765 Abraham
1463 4703 1568 4765 autem
1584 4717 1676 4764 setes
1697 4697 1780 4762 veuit
1796 4697 1832 4761 iu
1850 4696 1927 4774 dies,
1949 4694 2109 4762 etIebcoa

113 4795 214 4852 cusat
236 4785 411 4868 Hepbron‚
440 4785 543 4867 magis
572 4785 728 4869 exiguum
751 4806 822 4852 esse
846 4789 987 4867 pretium
1010 4785 1089 4851 dicit
1138 4787 1332 4852 benedixerat
1352 4784 1517 4851 Abrabam
1537 4785 1572 4848 t'n
1593 4783 1742 4849 emadan.
1778 4783 1808 4848 2.
1832 4781 1876 4846 Et
1896 4781 1980 4846 dicit
2000 4780 2107 4848 Atra-

110 4893 217 4955 quam
236 4885 273 4937 ut
290 4870 485 4936 contendere
503 4869 619 4936 debeat
636 4869 820 4935 Abraham:
842 4872 1089 4956 quadringentis
1138 4874 1212 4937 tom
1243 4870 1287 4936 od
1318 4891 1441 4936 seruum
1472 4890 1567 4936 eoum
1598 4869 1750 4934 seniorem
1779 4869 1889 4933 domae
1920 4886 2012 4944 auae,
2052 4871 2108 4949 qai

112 4968 229 5023 autem
257 4957 346 5023 siclis
373 4957 531 5021 aestimat.
576 4956 647 5021 Iam
670 4978 769 5039 quum
790 4956 951 5041 Iosephus
973 4958 1087 5023 siclum
1132 4961 1282 5040 praeeat
1313 4956 1454 5021 monibus
1474 4975 1555 5038 quoe
1572 4959 1660 5019 mant
1688 4955 1735 5019 ct':
1765 4953 1849 5018 Pone
1870 4971 1952 5017 nuuc
1978 4972 2107 5018 manum

111 5043 298 5110 sanctuarii
319 5042 460 5108 valuisse
481 5039 566 5106 dicat
594 5050 733 5125 quatuor
754 5041 928 5108 drachmas
950 5043 1087 5119 Atticas,
1137 5049 1225 5108 tuom
1245 5041 1303 5106 aab
1329 5042 1444 5124 fanore
1470 5061 1543 5106 meo.
1587 5041 1617 5105 3.
1641 5037 1685 5104 Et
1710 5038 1865 5105 odiurnho
1886 5043 1913 5104 ts
1934 5057 1995 5118 per
2017 5037 2106 5104 Icto

110 5130 141 5196 si
166 5128 211 5194 de
231 5127 289 5194 illo
315 5147 421 5193 sermo
448 5127 605 5204 habetur,
635 5147 677 5192 ex
706 5130 938 5211 supputatione
960 5128 1087 5193 Budaei
1136 5148 1208 5193 uam
1229 5126 1333 5193 Deum
1361 5128 1452 5208 eceli,
1480 5125 1633 5192 stDcuut
1660 5130 1776 5205 tarne,
1805 5124 1886 5204 qaod
1914 5141 1976 5188 uon
2001 5125 2107 5205 cupies

107 5214 304 5298 colligimus
326 5213 465 5296 pretinm
492 5214 562 5296 agri
590 5212 693 5280 fuisse
720 5214 849 5279 circiter
878 5214 1033 5280 ducentas
1054 5221 1087 5280 et
1137 5233 1267 5279 armam
1294 5212 1361 5294 filio
1387 5233 1452 5279 mec
1480 5213 1518 5279 de
1547 5211 1676 5293 liliatas
1704 5209 1916 5286 Ghmoauoei,
1948 5209 1984 5272 in
2015 5210 2106 5276 cuius

105 5300 356 5384 quinquaginta
378 5299 477 5364 libras
499 5299 678 5365 Francicus
699 5311 865 5365 monetae:
888 5303 917 5366 si
939 5300 979 5365 dc
1000 5320 1086 5365 com·
1137 5300 1238 5365 medic
1263 5318 1316 5383 epo
1344 5299 1464 5365 babitu:
1506 5297 1536 5363 4.
1568 5295 1631 5363 Sed
1658 5296 1700 5362 ad
1727 5303 1844 5362 terrum
1870 5313 1988 5372 mum,
2016 5296 2108 5362 aaa

1851 5397 1902 5451 21*
