5022 6192
398 439 439 504 ar
1055 432 1426 502 conunuvsarus
1448 440 1499 505 nv
1522 407 1735 505 εἐεεεεε.
2336 439 2367 506 ε

418 666 425 682 ·
486 629 515 692 8.
539 625 583 692 m
603 626 747 708 loquutus
768 631 812 691 eti
835 625 916 692 Ouia
944 627 987 692 od
1008 625 1087 691 Abel
1108 625 1240 708 fratrem
1268 644 1369 690 mam.
1395 635 1400 688 Ι
1423 627 1502 693 dum
1524 648 1603 711 ergo
1625 649 1666 691 ne
1688 625 1837 707 exemplo
1861 623 1962 706 (lain,
1984 626 2040 709 qui
2067 625 2128 691 sibi
2157 625 2243 692 male
2274 629 2369 694 coruli

402 711 543 795 Quidam
581 711 752 777 indefinite
791 713 955 795 accipiunt
994 710 1081 778 istud
1114 709 1249 790 Dicere,
1285 709 1371 793 quod
1423 723 1517 791 sunt,
1546 711 1587 778 ad
1615 712 1853 777 contumaciam
1885 731 1920 776 sc
1947 714 2149 777 confirment.
2200 711 2274 777 Hoc
2300 715 2369 778 enim

401 797 603 865 iracundiam
634 795 758 880 perfide
794 797 1003 863 dissimulans
1038 799 1182 861 fraterne
1218 796 1371 878 loquutus
1424 809 1475 863 est
1495 821 1572 865 vers
1593 798 1750 863 adversus
1773 798 1880 862 Deum
1898 796 2075 873 calcitrare,
2097 811 2131 862 et
2152 797 2298 862 resistere
2315 800 2370 864 eius

401 886 452 952 sit.
513 883 739 967 Hieronymus
779 883 941 966 expressit
987 882 1134 949 habitum
1177 901 1371 960 sermonem,
1424 885 1562 968 spiritui,
1592 883 1671 949 dum
1693 903 1748 946 eas
1766 882 1975 966 cogitationes
1992 882 2188 966 repellimus,
2212 903 2291 965 qnae
2306 884 2371 948 nibil

402 970 497 1048 Veni,
519 968 726 1053 egrediamur
743 970 836 1033 foras.
866 971 941 1034 Meo
964 967 1094 1052 quidem
1118 967 1247 1043 iudicio,
1270 968 1372 1031 oratio
1425 968 1514 1035 aliud
1542 983 1619 1036 sunt
1653 989 1751 1052 qnam
1784 968 2003 1050 poenitentiae
2028 969 2249 1034 incitamenta.
2292 972 2372 1052 Atqui

401 1069 450 1122 ost
472 1055 639 1130 defectiva,
663 1064 697 1119 et
718 1055 840 1137 aliquid
862 1053 1137 1120 subaudiendum:
1163 1052 1239 1135 quid
1263 1061 1372 1117 tamen
1425 1056 1543 1121 vitium
1567 1064 1617 1120 est
1639 1057 1736 1118 nimis
1767 1075 1953 1128 commune,
1976 1053 2017 1118 ad
2039 1056 2149 1137 priora
2170 1063 2298 1137 peccata
2316 1065 2371 1119 tan-

401 1144 444 1207 sit
465 1140 556 1219 illud,
578 1143 738 1205 incertum
760 1153 818 1205 ost.
855 1139 987 1206 Interea
1006 1160 1069 1204 non
1093 1138 1242 1221 displicet
1264 1137 1373 1204 Mosen
1425 1141 1499 1206 dem
1521 1139 1640 1207 addere
1673 1139 1905 1222 pervicaciam,
1927 1161 1969 1205 ne
1992 1140 2061 1204 Deo
2088 1139 2180 1205 cedat
2202 1143 2257 1222 qui
2281 1162 2372 1224 peccc

295 1276 299 1288 .
401 1228 529 1294 concise
546 1226 767 1310 perstringere
785 1227 974 1290 sceleratam
993 1225 1182 1309 hypocritae
1194 1223 1372 1306 perfidiam,
1426 1239 1513 1304 tum,
1546 1227 1626 1292 velit
1659 1225 1754 1304 nolit,
1787 1226 1915 1308 cogitur
1946 1227 1982 1289 in
2021 1227 2130 1290 animo
2163 1247 2222 1291 suo
2263 1228 2371 1291 sentire.

401 1315 456 1396 qni
478 1312 681 1378 familiariter
710 1312 869 1393 loquendo
893 1313 1032 1394 speciem
1056 1312 1221 1376 fraternae
1243 1329 1374 1374 concor·
1426 1311 1522 1380 Unde
1544 1321 1680 1396 apparet
1708 1320 1831 1394 quanta
1853 1311 1896 1376 sit
1924 1310 2060 1378 humani
2095 1311 2219 1395 ingenii
2242 1315 2373 1394 pravitas,

402 1400 475 1465 diae
508 1419 585 1481 prae
609 1419 644 1463 se
667 1398 795 1474 tulerit,
825 1396 926 1462 donec
947 1396 1109 1461 nefandae
1131 1395 1238 1462 caedis
1259 1414 1373 1478 perpo-
1427 1398 1511 1482 qnod
1533 1399 1683 1472 convicti,
1706 1404 1739 1460 et
1756 1395 1888 1480 proprio
1909 1417 2008 1462 sensu
2027 1396 2181 1470 damnati,
2204 1417 2268 1462 noo
2286 1407 2374 1461 tamen

402 1484 537 1550 trandae
571 1483 695 1550 occasio
718 1483 859 1548 daretur.
905 1487 1013 1565 Atque
1041 1483 1102 1548 boc
1136 1481 1287 1564 exemplo
1318 1480 1373 1544 do·
1427 1485 1604 1550 desinimus
1626 1483 1726 1548 iudici
1747 1491 1859 1546 nostro
1881 1483 1933 1546 vel
1955 1481 2104 1560 illudere,
2126 1481 2181 1549 vel
2200 1483 2375 1565 obstrepere.

403 1591 530 1646 cernor,
564 1587 733 1652 nunquam
764 1571 867 1651 magis
896 1567 1058 1634 timendos
1087 1589 1159 1634 esse
1187 1566 1375 1651 hypocritas
1427 1569 1639 1653 Prodigiosus
1673 1579 1724 1634 est
1755 1577 1884 1650 stupor,
1917 1568 2004 1651 quod
2033 1568 2117 1634 Cain
2149 1575 2241 1632 tanto
2277 1569 2376 1634 scelere

403 1654 602 1740 quemdum
636 1654 677 1719 ad
710 1654 902 1736 colloquium
931 1654 1093 1720 amicitiae
1120 1663 1291 1736 praetextu
1319 1650 1374 1715 de·
1426 1667 1612 1739 perpetrato
1648 1655 1711 1719 Dei
1744 1653 2003 1736 obiurgationem
2046 1653 2197 1720 ferociter
2237 1653 2376 1738 repudiat,

404 1740 582 1808 scendunt:
612 1741 688 1823 quia
717 1739 773 1805 ubi
802 1751 916 1822 aperta
946 1739 993 1820 vi,
1022 1749 1181 1822 quantum
1208 1747 1374 1821 cuperent,
1427 1743 1521 1808 cuius
1553 1751 1664 1805 tamen
1698 1759 1766 1804 non
1798 1749 1927 1823 poterat
1958 1759 2093 1804 manum
2127 1739 2279 1824 effugere.
2325 1739 2378 1806 Sed

405 1845 523 1892 nocero
545 1845 612 1890 non
635 1826 740 1906 datur,
764 1825 869 1891 subito
891 1824 932 1890 ed
961 1825 1051 1908 pacis
1075 1824 1316 1890 simulationem
1339 1844 1375 1887 se
1428 1826 1513 1891 idem
1551 1825 1703 1890 omnibus
1740 1823 1883 1908 quotidie
1925 1825 2037 1907 impiis
2080 1825 2211 1902 accidit,
2260 1845 2378 1908 quorum

405 1921 609 1978 convertunt.
662 1911 765 1994 Atqui
787 1911 921 1976 minime
943 1909 1141 1995 sperandum
1163 1921 1226 1988 est,
1250 1921 1286 1974 ut
1308 1909 1374 1973 sin·
1428 1933 1523 1977 nemo
1552 1926 1619 1977 non
1641 1912 1773 1976 affectat
1802 1910 1907 1975 videri
1929 1913 1964 1974 in
1992 1909 2161 1993 captandis
2183 1912 2379 1977 excusationi·

404 2019 478 2065 cere
507 2018 581 2063 cum
615 1996 802 2062 hominibus
833 1997 931 2062 fidem
965 1997 1125 2063 amicitiae
1159 1995 1283 2072 colant,
1319 1995 1375 2077 qui
1429 1999 1489 2064 bus
1510 1998 1648 2063 subtilis.
1693 1996 1777 2061 Nam
1801 2005 1867 2061 tam
1891 1997 2044 2062 flexuosis
2062 1995 2197 2062 latebris
2215 1996 2380 2061 involutum

405 2081 609 2150 truculentae
632 2083 762 2148 suntin
781 2082 889 2147 Deum
907 2084 1036 2148 bestiae.
1073 2080 1249 2163 Expondat
1266 2091 1375 2144 tammr
1428 2093 1479 2150 est
1505 2104 1559 2150 cor
1587 2082 1783 2158 humanum,
1807 2091 1845 2145 ut
1873 2081 1968 2146 facile
1992 2083 2036 2147 sit
2062 2082 2172 2167 impiis
2201 2083 2381 2148 obstinatum

405 2169 506 2236 lector
538 2188 648 2233 annon
683 2169 789 2251 potius
828 2168 1029 2233 intellexerit
1062 2168 1187 2244 Moses,
1227 2165 1376 2248 quamvis
1429 2169 1494 2235 Dei
1522 2174 1744 2251 contemptum
1777 2167 1896 2232 addere
1919 2167 1959 2232 ad
1989 2186 2049 2232 sua
2071 2168 2206 2234 scelera:
2230 2189 2294 2233 non
2314 2166 2381 2251 quod

405 2277 425 2320 a
453 2256 524 2324 Deo
547 2263 715 2338 correptus
747 2262 832 2319 esset
859 2254 957 2332 (lain,
991 2253 1204 2318 nihilominus
1233 2251 1377 2335 litigasse
1429 2255 1471 2321 ad
1499 2253 1725 2338 repellendum
1753 2253 1817 2318 Dei
1839 2253 1993 2318 iudicium
2016 2254 2096 2319 satis
2119 2253 2202 2319 dura
2223 2255 2269 2319 sit
2289 2273 2382 2317 eorum

405 2363 479 2408 oum
501 2342 603 2406 fratre
625 2360 698 2405 suo:
717 2349 815 2422 atque
835 2341 883 2404 ita
903 2337 990 2404 istud
1008 2338 1136 2416 Dicere,
1158 2336 1314 2420 penderet
1336 2355 1377 2400 ex
1429 2339 1633 2407 contumacia
1662 2337 1885 2423 (quantumvis
1914 2339 2002 2403 enim
2031 2338 2131 2404 abditi
2154 2340 2190 2403 in
2212 2337 2381 2422 profundos,

406 2427 636 2510 superioribus.
681 2426 753 2510 llgo
782 2437 869 2491 certe
891 2426 926 2490 in
948 2424 1032 2489 hanc
1054 2424 1250 2490 sententiam
1272 2421 1377 2506 magis
1429 2448 1510 2510 quos
1542 2425 1613 2490 dixi
1652 2444 1798 2489 recessus
1836 2424 1971 2490 occultis
2005 2423 2218 2490 nihilominus
2252 2423 2383 2491 cauteriis

406 2513 542 2590 inclino,
576 2510 662 2594 quod
691 2529 756 2574 non
790 2511 985 2576 continuerit
1019 2511 1106 2575 intra
1131 2529 1166 2574 se
1195 2508 1377 2591 malignum
1429 2533 1557 2596 semper
1575 2508 1743 2596 uruntur):
1768 2509 1824 2575 sed
1838 2511 1914 2593 quia
1934 2531 2030 2576 caeca
2047 2511 2264 2576 obstinatione
2281 2510 2383 2574 callum

407 2599 567 2674 affectum,
581 2597 637 2662 sed
649 2598 683 2660 in
694 2598 806 2660 fratris
824 2597 1062 2662 accusationem
1075 2597 1267 2679 proruperit,
1280 2605 1378 2675 utque
1429 2599 1492 2663 sibi
1522 2596 1696 2663 obducunt.
1747 2594 1830 2660 Inde
1858 2597 1946 2661 enim
1975 2595 2062 2661 clare
2089 2596 2192 2661 divini
2218 2595 2325 2661 iudicii
2344 2593 2384 2657 vis

407 2684 454 2748 illi
484 2683 685 2748 stomachose
718 2682 904 2763 exposuerit
936 2682 1090 2752 tristitiae
1124 2699 1204 2746 suae
1235 2698 1376 2745 causam.
1428 2684 1638 2767 perspicitur:
1666 2703 1749 2765 quae
1775 2682 1821 2746 sic
1851 2682 1884 2745 in
1918 2681 2041 2746 ferreos
2070 2681 2302 2747 sceleratorum
2328 2679 2384 2744 ani·

497 2771 598 2850 Qum
619 2768 771 2833 essentie
786 2788 870 2851 apro.
907 2767 995 2832 Hinc
1018 2767 1209 2851 colligimus,
1228 2763 1379 2848 quamvis
1430 2790 1500 2833 mos
1528 2778 1691 2852 penetrat,
1723 2778 1760 2831 ut
1789 2776 1948 2850 cogentur
1976 2768 2067 2832 intus
2089 2769 2139 2831 sui
2169 2787 2242 2832 esse
2265 2767 2383 2832 iudices:

409 2853 496 2920 domi
526 2863 722 2936 conquestus
751 2863 836 2918 esset
865 2852 948 2918 Oain
977 2852 1017 2917 de
1045 2853 1159 2928 fratre,
1189 2851 1236 2915 sic
1269 2859 1376 2914 tamen
1431 2876 1535 2937 neque
1557 2855 1680 2937 patitur
1701 2873 1756 2918 eos
1786 2851 1892 2916 delere
1921 2873 2016 2934 quem
2035 2853 2172 2918 extorsit
2193 2852 2306 2936 cnlpae
2326 2873 2385 2916 sen·

409 2939 603 3006 diabolicum
636 2939 756 3003 texisse
784 2939 927 3004 furorem
960 2960 1023 3021 quo
1050 2936 1200 3015 ardebat,
1231 2946 1267 3001 ut
1296 2935 1377 3000 nibil
1429 2962 1520 3018 sum,
1559 2939 1639 3022 quin
1679 2939 1777 3002 litura
1813 2951 1958 3015 maneat,
1994 2938 2043 3003 vel
2082 2939 2217 3004 cauterii
2259 2939 2384 3004 cicatrix

409 3026 552 3092 deterius
573 3025 756 3108 suspicatus
778 3026 820 3088 sit
842 3025 944 3091 Abel:
975 3023 1154 3090 vindictam
1175 3024 1263 3088 euim
1286 3021 1378 3086 diffe-
1430 3025 1541 3107 Quum
1581 3046 1616 3091 se
1662 3032 1762 3109 negat
1801 3023 1900 3088 fuisse
1946 3023 2112 3088 custodem
2156 3025 2247 3088 vitae
2283 3022 2387 3094 fratria

410 3113 503 3177 rebat
524 3113 558 3174 in
581 3121 709 3193 tempus
732 3109 892 3174 idoneum.
931 3110 1042 3176 Unum
1061 3130 1156 3194 porro
1175 3108 1236 3173 hoc
1253 3108 1378 3172 facinus
1430 3113 1491 3177 etsi
1524 3110 1675 3177 ferociter
1707 3111 1883 3192 insurgens
1920 3108 2062 3175 violento
2093 3111 2221 3192 impetu
2258 3109 2316 3174 Dei
2347 3109 2386 3170 iu·

410 3197 576 3262 luculente
601 3195 758 3272 ostendit,
781 3215 844 3277 qno
871 3195 1064 3279 praecipitet
1092 3194 1241 3260 homines
1263 3191 1377 3269 Satan,
1431 3196 1549 3262 dicium
1579 3195 1736 3279 repellere
1769 3195 1896 3271 nititur,
1931 3195 1991 3259 boo
2023 3205 2130 3260 tameo
2165 3194 2284 3260 cavillo
2314 3193 2386 3274 slep·

411 3284 467 3349 ubi
490 3285 633 3346 animum
655 3281 690 3345 in
714 3280 836 3344 malitia
854 3281 1069 3356 obstinorunt,
1093 3293 1130 3344 ut
1159 3291 1247 3344 certe
1269 3287 1378 3342 extre·
1431 3303 1505 3349 sum
1536 3303 1571 3348 se
1604 3291 1706 3364 putat,
1741 3301 1782 3344 ne
1814 3280 1874 3346 sibi
1907 3278 1946 3345 de
1975 3281 2079 3346 occiso
2106 3281 2209 3345 fratre
2244 3277 2389 3344 reddenda

410 3370 473 3433 mis
495 3368 674 3451 quibusque
696 3387 874 3450 poenarum
897 3367 1055 3450 exemplis
1074 3366 1172 3450 digna
1195 3374 1245 3429 ost
1266 3383 1378 3429 eorum
1431 3371 1475 3434 sit
1508 3369 1604 3444 ratio,
1641 3368 1717 3450 quia
1748 3386 1814 3430 non
1847 3364 1987 3431 habebat
2018 3385 2210 3450 expressum
2242 3363 2387 3430 custodiae

411 3455 622 3522 contumacia.
1432 3453 1630 3519 mandatum.

495 3541 526 3607 9.
556 3537 615 3607 Ubi
646 3545 690 3604 est
719 3537 822 3602 Abel?
847 3537 914 3618 Qui
943 3540 1073 3621 fingunt
1101 3549 1227 3620 patrem
1250 3536 1289 3600 de
1311 3535 1379 3600 filio
1519 3540 1568 3605 10.
1607 3539 1690 3620 Quid
1727 3537 1854 3619 fecisti?
1899 3538 2030 3622 sanguis
2072 3535 2196 3617 fratris.
2253 3534 2389 3602 Ostendit

410 3650 468 3693 suo
491 3625 573 3692 Abel
597 3647 638 3690 ex
661 3623 742 3690 (lain
766 3625 979 3701 sciscitatum,
1003 3637 1163 3688 enervant
1186 3632 1287 3686 totam
1311 3622 1379 3685 vim
1432 3625 1541 3691 Moses
1575 3645 1673 3707 quam
1707 3622 1788 3687 nibil
1822 3623 1996 3706 profecerit
2031 3622 2114 3686 Oain
2147 3619 2389 3703 tergiversando.

411 3713 575 3778 doctrinae
604 3730 699 3794 quem
722 3710 775 3775 hie
804 3711 933 3775 tradere
954 3710 1096 3775 instituit
1118 3710 1241 3787 Moses,
1264 3728 1379 3789 nempe
1432 3713 1530 3776 Prius
1562 3709 1788 3776 sciscitabatur
1821 3708 1912 3774 Deus
1949 3708 2004 3774 ubi
2044 3721 2129 3772 osset
2168 3708 2282 3771 frater:
2316 3724 2389 3769 nunc

411 3799 495 3880 quod
526 3797 616 3862 Deus
638 3805 708 3861 tum
736 3815 854 3861 aroana
878 3795 1106 3878 inspiratione,
1130 3807 1200 3860 tum
1223 3793 1379 3858 inusitato
1431 3797 1573 3881 pressius
1596 3797 1703 3877 ipsum
1725 3795 1866 3877 stringit,
1890 3803 1926 3858 ut
1947 3793 2051 3858 invito
2073 3793 2206 3858 sceleris
2231 3791 2390 3858 confessio

411 3884 518 3966 aliquo
530 3881 624 3947 modo
634 3878 827 3963 parricidam
845 3882 996 3948 citaverit
1014 3880 1054 3944 ad
1067 3901 1162 3946 snum
1175 3877 1328 3956 tribunal,
1348 3888 1381 3942 et
1432 3903 1508 3949 nem
1532 3891 1732 3963 extorqueat.
1779 3879 1887 3943 Nullis
1909 3880 1997 3943 enim
2025 3877 2181 3960 equuleis,
2211 3879 2310 3943 nullis
2331 3875 2390 3941 fidi-

412 3969 505 4050 quasi
517 3967 556 4032 dc
574 3966 663 4032 coelo
682 3968 868 4031 intonuerit.
895 3966 981 4031 Nam
998 3964 1084 4048 quod
1097 3966 1186 4049 prins
1198 3963 1275 4042 dixi,
1295 3985 1380 4029 mor·
1432 3968 1515 4037 culis
1535 3968 1588 4033 vel
1612 3965 1781 4030 tormentis
1802 3962 2000 4047 quibuslibet
2025 3973 2154 4028 tantum
2177 3966 2264 4028 inest
2281 3963 2390 4029 violen-

414 4055 506 4118 dious
525 4051 699 4117 tenendum
722 4063 786 4117 ost:
810 4050 1084 4135 quemadmodum
1098 4073 1186 4116 nunc
1201 4071 1259 4133 per
1281 4051 1380 4132 scrip·
1434 4056 1498 4118 tiae
1521 4053 1561 4118 ad
1591 4050 1754 4134 urgendos
1776 4050 1955 4126 maleficos,
1975 4070 2072 4133 quam
2096 4049 2157 4113 fuit
2181 4051 2296 4114 efficax
2318 4044 2392 4112 istud

414 4153 505 4204 turas
528 4137 693 4203 nobiscum
716 4139 859 4220 loquitur
883 4135 982 4216 Deus,
1005 4139 1052 4202 ita
1073 4159 1108 4202 se
1131 4137 1208 4201 olim
1230 4156 1288 4218 per
1310 4157 1380 4201 ora·
1434 4139 1564 4205 divinae
1593 4138 1681 4203 vocis
1709 4137 1831 4201 fulmen
1855 4135 1896 4199 ad
1917 4135 2096 4200 feriendum
2119 4133 2212 4211 (lain,
2237 4148 2275 4199 ut
2294 4133 2391 4200 confu-

413 4225 486 4292 cula
507 4225 652 4307 patribus
683 4224 923 4301 manifestasse,
947 4220 1114 4289 eteodem
1138 4221 1382 4305 quoquomodo
1433 4247 1498 4300 sus¹
1521 4225 1649 4289 iaceret.
1694 4222 1810 4305 Neque
1843 4222 1930 4286 enim
1968 4220 2107 4303 amplius
2144 4220 2282 4302 inquirit
2317 4221 2393 4284 Deus

414 4310 601 4394 patefecisse
641 4329 700 4374 sua
738 4309 858 4374 iudicia
890 4310 1035 4391 reprobis
1074 4319 1261 4373 sanctorum
1296 4307 1381 4371 filiis.
1435 4333 1475 4376 ao
1498 4310 1625 4376 fecerit:
1654 4306 1711 4374 sod
1738 4329 1803 4372 uno
1825 4306 1934 4385 verbo,
1958 4307 2070 4372 fecisse
2092 4308 2322 4389 pronuncians,
2340 4324 2393 4368 soe

414 4398 470 4463 Sic
492 4398 579 4480 Agar
600 4404 770 4478 postquam
793 4393 833 4459 ab
851 4393 984 4460 ecclesia
1001 4394 1193 4464 desciverat.
1213 4391 1384 4474 compellat
1435 4398 1512 4463 leris
1539 4394 1743 4461 atrocitatem
1771 4393 1956 4476 amplificat.
2009 4391 2184 4457 Caeterum
2221 4392 2282 4458 sub
2309 4391 2394 4456 unius

414 4484 449 4548 in
480 4480 575 4566 sylva
605 4481 760 4564 angelus,
789 4489 825 4543 ut
847 4479 1028 4545 videbimus
1051 4478 1132 4564 (cap.
1155 4479 1204 4557 16,
1228 4477 1382 4564 striari
1436 4483 1577 4547 bominis
1606 4499 1745 4564 persona
1772 4477 1928 4544 docemur
1949 4497 2047 4560 quam
2073 4477 2185 4542 infelix
2205 4499 2258 4543 eos
2278 4483 2394 4541 maneat

414 4568 544 4652 quidem
574 4575 681 4649 potest
702 4575 739 4631 ut
760 4567 859 4631 tacito
884 4565 1099 4632 conscientiae
1121 4565 1271 4629 examine
1294 4565 1384 4629 Deus
1436 4587 1551 4634 causae
1574 4575 1726 4641 eventus,
1749 4565 1804 4646 qui
1830 4584 1904 4628 oum
1927 4561 1998 4628 Deo
2021 4563 2179 4646 litigando
2198 4585 2234 4628 se
2253 4561 2395 4646 expedire

414 4653 667 4736 interrogaverit
687 4650 786 4727 Oain,
809 4659 842 4716 et
863 4652 933 4734 ipse
962 4651 1105 4716 vicissim
1131 4651 1273 4715 fremens
1295 4651 1384 4713 intus
1438 4662 1575 4719 tentant.
1636 4651 1750 4734 Neque
1789 4651 1876 4714 enim
1907 4650 2004 4732 longo
2032 4650 2171 4713 circuitu
2190 4647 2395 4731 inquisitionis

416 4751 449 4804 ει
477 4740 726 4804 obmurmurans
760 4738 969 4820 responderit.
1022 4735 1242 4803 Statuendum
1276 4747 1383 4799 tamen
1436 4761 1519 4823 opus
1542 4738 1639 4803 babet
1660 4737 1715 4801 ille
1737 4735 1883 4802 cordium
1901 4737 2058 4818 cognitor,
2081 4735 2137 4798 sod
2161 4736 2258 4800 verbo
2282 4755 2345 4798 uno
2361 4733 2396 4796 sit

314 4902 319 4910 Ι
416 4835 466 4890 εει
487 4845 553 4889 εοε
574 4833 711 4888 externa
737 4831 865 4887 tantum
895 4823 1037 4888 hominis
1060 4843 1137 4888 voce
1160 4823 1383 4886 examinatum
1436 4825 1588 4890 fulminat
1608 4825 1644 4887 in
1662 4844 1739 4888 suos
1756 4843 1837 4896 reos,
1856 4833 1893 4884 ut
1911 4823 1989 4886 satis
2012 4840 2171 4902 superque
2193 4823 2237 4885 sit
2258 4821 2299 4884 ad
2319 4819 2395 4882 dam·

1409 4912 1412 4930 t

416 4913 532 4975 fnisse:
555 4910 611 4974 sed
632 4908 799 4987 divinitus,
823 4917 860 4972 ut
880 4909 1017 4974 sentiret
1042 4929 1115 4973 cnm
1138 4905 1210 4972 Deo
1230 4907 1290 4972 sibi
1314 4928 1384 4972 esse
1437 4913 1614 4977 nationem.
1677 4908 1838 4974 Rhetores
1882 4907 2024 4990 primum
2067 4906 2264 4970 defensionis
2306 4923 2397 4988 genus

417 4995 593 5080 negotium.
638 4993 810 5061 Caeterum
841 4996 966 5076 quoties
989 4994 1028 5059 ad
1053 4993 1232 5077 reputanda
1254 5003 1386 5076 peccata
1409 4931 1413 5070 l
1437 5007 1585 5061 statuunt
1606 4996 1640 5059 in
1668 4994 1840 5078 negatione
1866 4992 1959 5058 facti:
1982 4992 2038 5056 ubi
2061 4993 2177 5076 negari
2199 4993 2319 5056 factum
2342 5009 2397 5052 non

418 5103 477 5146 nos
499 5099 634 5146 arcanas
657 5080 871 5146 conscientiae
893 5080 1083 5163 punctiones
1104 5079 1295 5152 sollicitant,
1317 5099 1385 5142 me·
1410 5089 1413 5180 l
1438 5091 1560 5166 potest,
1593 5081 1631 5146 ad
1662 5091 1785 5145 statum
1813 5079 1979 5160 qualitatis
2008 5079 2209 5162 confugiunt.
2261 5077 2397 5158 Utroque

419 5167 610 5232 minerimus
626 5166 736 5230 Deum
755 5164 1034 5248 nobiseumloqni.
1069 5165 1211 5230 Interior
1225 5166 1312 5229 enirn
1331 5165 1387 5228 ille
1439 5167 1601 5251 praesidio
1634 5166 1809 5247 depellitur
1841 5166 1939 5228 Oain:
1982 5172 2112 5227 namet
2140 5164 2270 5228 caedem
2301 5165 2398 5244 ipsum

420 5273 549 5332 sensus,
576 5273 638 5334 qno
666 5250 706 5315 de
736 5253 875 5334 peccatis
903 5253 1123 5334 conrgnimur,
1148 5251 1315 5333 proprium
1338 5259 1388 5313 ost
1439 5267 1584 5336 patrasse
1619 5253 1708 5316 Deus
1741 5253 1949 5332 pronunciat,
1972 5259 2004 5313 et
2040 5251 2138 5314 simul
2168 5249 2282 5313 definit
2312 5267 2397 5329 quam

421 5339 483 5402 Dei
505 5337 624 5416 forum,
647 5335 701 5400 ubi
731 5336 954 5402 iurisdictione
975 5361 1034 5402 sna
1060 5337 1214 5420 fungitur.
1261 5335 1388 5401 (laven-
1413 5391 1415 5394 .
1442 5340 1602 5403 nefarium
1632 5339 1673 5403 sit
1714 5337 1826 5402 scelus.
1884 5337 1929 5400 m
1951 5336 2019 5400 eius
2053 5335 2204 5417 exemplo
2237 5351 2399 5400 monemur
