4962 6192
114 437 165 504 tet
737 432 1108 508 COMMENTARIUS
1131 436 1180 501 IN
1203 433 1418 503 GENESIN.
2020 441 2091 509 958

112 625 244 690 iubentur
269 620 445 704 prophetae
475 619 648 686 obvertere
680 621 780 689 laeies
811 643 888 690 suas
915 622 957 687 sd
985 622 1058 689 looa
1109 643 1186 708 pars
1207 625 1320 710 populi
1341 623 1481 691 desoivit
1509 624 1550 690 ad
1573 623 1751 692 Ierobeam.
1800 627 1895 695 Tune
1916 630 2004 695 enim
2024 652 2086 696 rex

113 710 211 794 quibus
239 708 419 784 minantur,
454 724 492 771 ae
519 706 548 772 si
576 707 704 791 eopiosa
731 710 875 776 exereitu
905 709 1056 776 instructi
1110 708 1194 775 Iuda
1216 711 1331 777 similis
1343 731 1414 776 ease
1434 712 1542 794 eoepit
1558 711 1645 776 leoni
1657 711 1847 778 dormienti:
1870 736 1977 798 neque
1994 717 2085 784 enim

112 798 244 878 impetum
265 795 417 859 facerent.
1110 795 1226 862 ereetis
1247 796 1335 862 iubis
1357 805 1515 861 terrorem
1544 819 1639 862 suum
1669 798 1734 861 late
1762 798 1894 879 effudit,
1924 801 1981 866 sed
2003 823 2085 884 quo-

182 881 208 946 8.
238 879 323 945 Iuda
339 899 371 944 ee
389 885 430 955 tu,
448 878 621 944 laudabunt
635 883 664 944 te
678 878 797 961 {ratres
812 879 868 945 tasi.
902 879 1057 946 Inverbo
1110 881 1284 947 dammodo
1305 883 1502 949 aooubuitiu
1524 883 1689 966 spelunea.
1724 885 1841 950 Latuit
1852 895 1962 952 umen
1984 907 2085 970 quae-

111 964 244 1032 laudandi
264 964 380 1030 allusio
408 972 460 1030 est
489 963 530 1030 ad
554 985 673 1029 nomen
691 963 802 1031 Iudae.
847 964 904 1031 Sio
926 966 1057 1031 enima
1110 967 1185 1032 dam
1207 969 1332 1034 oeeulta
1344 968 1405 1032 Dei
1429 969 1534 1034 virtus
1555 969 1617 1034 sub
1639 969 1696 1033 illo
1718 989 1842 1052 sopore,
1865 981 1902 1036 ut
1919 992 1993 1038 eum
2012 983 2085 1038 tur·

110 1061 198 1116 matre
217 1059 348 1117 voeatus
370 1050 477 1117 luerat
506 1049 591 1132 quod
619 1051 757 1116 materia
784 1061 873 1117 esset
900 1050 1056 1116 laudandi
1109 1053 1187 1118 bare
1209 1054 1279 1118 ausi
1303 1073 1370 1118 non
1392 1055 1516 1118 meunt
1538 1054 1596 1136 qui
1616 1056 1760 1121 maxime
1788 1067 1956 1138 optassent
1974 1059 2084 1141 perdi·

110 1138 169 1202 Dei.
199 1137 319 1202 Novam
338 1136 569 1220 etymologiam
587 1136 684 1201 affert
700 1143 803 1220 pater,
827 1135 911 1220 quod
931 1136 1057 1204 eelebre
1110 1147 1189 1219 tum,
1211 1140 1321 1221 etqui
1343 1138 1383 1203 ad
1407 1139 1610 1204 inferendam
1633 1142 1810 1222 perniciem
1833 1144 1957 1210 viribus
1980 1145 2082 1226 polle·

108 1224 160 1288 erit
179 1237 208 1288 et
227 1221 430 1307 splendidum
453 1223 521 1287 eius
543 1243 663 1288 nomen
685 1221 771 1288 inter
792 1223 926 1303 fratres,
956 1232 995 1288 ut
1016 1222 1056 1287 ab
1109 1223 1198 1289 bant.
1242 1225 1334 1308 Ergo
1363 1237 1533 1307 postquam
1555 1224 1650 1291 Iaeob
1679 1227 1853 1310 imperium
1884 1227 2002 1296 detulit
2023 1231 2082 1296 uni

107 1308 237 1374 omnibus
256 1310 363 1374 instar
382 1307 591 1392 primogeniti
608 1308 742 1375 oolatur.
775 1305 908 1391 Duplex
925 1307 1056 1391 quidem
1109 1310 1211 1375 Iudae
1232 1332 1333 1393 super
1354 1312 1480 1388 iratres,
1503 1312 1576 1376 vioe
1598 1313 1808 1378 eorreotionis
1831 1335 1918 1381 nuno
1940 1315 2082 1396 subiioit,

108 1395 196 1476 portio
216 1416 311 1477 quam
340 1413 445 1477 nuper
473 1393 623 1458 attribuit
649 1394 718 1459 filio
739 1393 876 1477 Ioseph,
910 1414 952 1458 ex
984 1394 1056 1459 iure
1109 1397 1237 1462 etiamsi
1268 1397 1338 1461 eius
1373 1396 1553 1479 potentiam
1594 1397 1745 1462 imminui
1785 1400 1971 1483 eontingat,
2012 1401 2083 1468 lore

106 1481 363 1562 primogeniturae
385 1479 561 1562 pendebat:
595 1479 651 1545 sed
679 1480 754 1562 quia
775 1478 971 1545 translatum
993 1480 1057 1545 fuit
1108 1489 1219 1547 tamen
1241 1481 1389 1548 hostibus
1410 1481 1481 1547 suis
1492 1481 1671 1549 terribilem
1694 1504 1760 1549 non
1778 1505 1872 1552 seeus
1895 1506 1932 1553 ao
1954 1487 2084 1554 leonem

108 1586 226 1648 regnum
246 1567 288 1632 ad
311 1567 432 1631 tribum
455 1564 550 1642 Iuda,
573 1565 689 1630 merito
711 1565 873 1631 laudabile
896 1565 963 1632 fore
985 1565 1056 1632 eius
1110 1567 1187 1633 dum
1209 1568 1244 1632 in
1266 1568 1422 1649 spelunea
1444 1588 1504 1634 aua
1525 1569 1617 1634 iaeet.

106 1671 207 1717 nomen
245 1653 439 1734 prenuueiat
470 1650 577 1715 Iaoob.
632 1647 719 1716 Nam
759 1650 901 1734 dignitas
934 1651 1056 1734 Ioseph
1196 1653 1660 1735 teneraetenerae.
1705 1653 1902 1738 Quanquam
1924 1656 2083 1726 obscurus

105 1737 276 1820 temporalis
303 1738 375 1803 fuit.
419 1736 485 1802 Hie
512 1745 621 1801 autom
650 1736 691 1801 de
714 1737 825 1802 stabili
846 1744 880 1801 et
901 1737 1056 1802 diuturno
1109 1749 1158 1804 est
1179 1738 1232 1805 hie
1254 1740 1353 1816 loeus,
1377 1760 1444 1804 non
1466 1748 1575 1805 tamen
1598 1739 1799 1822 usqueadeo
1817 1740 1949 1808 diffieile
1967 1744 2084 1809 luisset

105 1823 222 1905 imperio
248 1821 373 1908 agitur,
405 1821 491 1905 quod
524 1843 626 1906 penes
659 1823 743 1890 filios
772 1822 874 1888 Iudae
906 1823 1053 1888 futurum
1109 1825 1290 1910 genuinum
1312 1847 1446 1891 sensum
1468 1826 1596 1905 elieere,
1617 1826 1681 1892 nisi
1699 1825 1813 1892 Iudaei
1836 1848 1895 1911 pro
1912 1849 2003 1894 more
2020 1849 2083 1896 suo

104 1917 170 1973 erat.
211 1909 298 1975 ilino
318 1908 502 1992 eolligimus
524 1928 623 1991 quum
646 1909 739 1975 Deus
767 1909 947 1992 perfeetum
971 1910 1054 1991 regi-
1109 1912 1246 1977 nebulas
1268 1910 1423 1977 indueere
1451 1919 1641 1976 tentassent.
1686 1910 1822 1977 Certum
1851 1922 1902 1979 est
1923 1914 2083 1983 Messium

103 1993 188 2059 minis
207 2003 326 2061 statum
343 1995 531 2060 institueret
548 1993 585 2058 in
602 2013 661 2059 suo
678 1995 808 2078 populo,
830 1994 1055 2060 monarehiam
1110 1998 1163 2062 hie
1185 1997 1341 2081 promitti,
1364 1998 1418 2080 qui
1440 1997 1585 2062 oriturus
1606 2006 1678 2062 erat
1699 2018 1717 2062 e
1740 1998 1932 2064 tribqude.
1968 2000 2082 2081 Quum

103 2078 137 2142 ab
153 2101 187 2145 eo
207 2081 343 2149 eleetam
365 2101 444 2146 esse.
489 2078 587 2159 Quod
616 2089 724 2145 autem
754 2081 840 2164 regis
869 2081 991 2146 ursatio
1019 2081 1055 2145 in
1109 2083 1196 2148 ultro
1218 2082 1375 2148 deberent
1388 2082 1429 2148 ad
1448 2082 1981 2167 eumamplexandumoeourrere,
2004 2085 2082 2152 data

102 2163 176 2248 lege,
201 2169 321 2250 partim
343 2166 510 2232 hominum
532 2165 675 2246 libidini,
704 2168 824 2249 partim
846 2167 978 2232 eoeleeti
1000 2163 1056 2231 de-
1110 2189 1209 2251 operu
1231 2169 1366 2250 quaevis
1388 2169 1510 2253 effugia
1531 2179 1712 2252 captarunt,
1735 2167 1852 2251 quibus
1881 2191 1917 2236 se
1944 2183 1977 2238 et
1998 2173 2082 2240 alios

100 2259 177 2316 orele
194 2252 357 2331 tribuitur,
379 2253 441 2318 hoe
459 2250 500 2317 ad
518 2253 612 2337 regni
630 2251 800 2318 exordium
818 2253 932 2317 referri
951 2250 1055 2328 debet,
1109 2253 1224 2338 prooul
1258 2255 1295 2319 iu
1335 2255 1499 2319 flexuosus
1540 2253 1695 2337 ambages
1733 2253 1942 2321 abduuerent.
2003 2258 2081 2324 Non

101 2337 174 2417 quod
190 2339 259 2405 ideo
277 2340 516 2421 inauspicatum
536 2337 605 2416 fuit,
624 2338 700 2421 quia
718 2346 892 2419 antequam
910 2337 1057 2404 venisset
1109 2342 1229 2406 mirum
1250 2359 1329 2422 ergo
1350 2340 1378 2404 si
1396 2339 1623 2405 amaritudinis
1645 2349 1680 2404 et
1696 2341 1918 2429 ooutumaoiae
1935 2343 2081 2426 spiritus,

100 2421 304 2491 inmaturum
323 2435 464 2508 tempus,
485 2424 623 2507 populus
641 2443 751 2507 regem
769 2424 829 2489 sibi
849 2422 920 2488 dari
938 2425 1057 2489 tumul·
1109 2424 1304 2509 rixandique
1321 2425 1420 2490 libido
1440 2425 1488 2490 ita
1509 2445 1564 2490 eos
1582 2426 1770 2490 exeaecavit
1791 2435 1829 2491 ut
1850 2427 1884 2490 in
1902 2429 1991 2495 alara
2007 2429 2082 2497 luee

99 2513 178 2574 tuose
198 2513 302 2594 petiit.
346 2511 464 2594 Itaque
485 2510 562 2574 feeit
583 2509 640 2574 illa
661 2517 870 2591 praepostera
889 2509 1056 2575 festinatio
1108 2512 1173 2578 hue
1191 2511 1269 2577 illuo
1285 2512 1425 2595 turpiter
1444 2511 1649 2596 impegerint.
1672 2509 1711 2575 lu
1730 2511 1930 2579 Christianis
1949 2515 2081 2581 tametsi

98 2601 129 2656 ut
147 2615 282 2680 regnum
304 2598 339 2661 in
361 2595 449 2661 tribu
460 2595 545 2661 Iuda
565 2615 631 2660 uon
654 2594 765 2659 statim
784 2603 928 2661 ereetum
946 2594 1056 2676 fuerit,
1108 2599 1163 2682 pia
1189 2597 1252 2662 luit
1278 2594 1493 2662 illustrandae
1522 2595 1648 2662 Christi
1699 2597 1799 2661 leriae
1827 2597 1999 2679 sedulitas,
2029 2609 2083 2667 est

97 2679 146 2743 sed
175 2683 332 2765 prodierit
373 2683 465 2766 quasi
501 2681 668 2746 abortivus
703 2690 816 2762 partus
848 2681 884 2745 iu
916 2701 1055 2765 persona
1108 2693 1218 2748 tamen
1240 2685 1274 2748 in
1297 2704 1411 2748 eorum
1429 2681 1559 2747 fervore
1574 2617 1698 2765 aliquid
1713 2683 1861 2749 nimium.
1895 2685 1982 2750 Nam
2001 2685 2080 2753 dum

97 2761 207 2834 Saulis:
235 2768 370 2835 taudem
392 2789 489 2847 vero,
513 2767 575 2834 Dei
597 2766 751 2850 auspieiis
776 2776 809 2830 et
830 2766 979 2850 legitimo
1001 2787 1055 2831 or·
1107 2770 1207 2835 nimis
1228 2769 1372 2852 praseise
1395 2776 1516 2852 urgent
1542 2768 1702 2851 quaedam
1724 2767 1845 2848 verba,
1876 2771 1959 2836 nibil
1988 2771 2081 2838 aliud

95 2848 176 2932 diue,
205 2853 385 2922 seeundum
414 2853 607 2920 vadeinium
628 2852 740 2932 Iaeob,
771 2853 906 2918 emersit
933 2853 1054 2936 prinoi-
1107 2857 1283 2938 profioiunt
1312 2855 1375 2920 nisi
1405 2853 1491 2937 quod
1520 2853 1745 2920 subsannandi
1780 2875 1894 2920 ausam
1921 2857 2081 2940 praebent

93 2943 179 3017 petus
197 2937 303 3005 tribus
324 2941 408 3005 Iuda
429 2941 463 3005 iu
486 2939 623 3005 Doride.
1106 2939 1248 3018 Iudaeis,
1271 2961 1352 3024 quos
1373 2959 1505 3006 neeesse
1526 2949 1576 3006 est
1596 2941 1701 3005 firmis
1723 2953 1761 3006 ae
1781 2941 1901 3006 validis
1926 2944 2080 3012 eaneellis

168 3025 289 3092 Manus
308 3030 373 3091 tua.
418 3026 481 3092 His
508 3023 617 3090 verbis
643 3024 820 3108 signifieat,
842 3022 959 3090 Iudam
988 3043 1053 3089 non
1105 3025 1312 3107 eireumdari‚
1333 3025 1420 3092 unde
1443 3023 1528 3091 elabi
1540 3031 1721 3108 nequeant:
1744 3044 1806 3091 uos
1823 3027 1944 3094 talibus
1966 3048 2078 3095 exem-

91 3105 152 3174 fore
172 3112 350 3177 immunem
373 3111 415 3177 ab
439 3110 603 3178 hostibus:
627 3109 684 3175 sed
706 3109 856 3193 quamvis
878 3109 973 3174 multi
995 3132 1054 3175 ne·
1105 3112 1169 3196 plis
1201 3113 1334 3192 moniti,
1368 3112 1439 3178 siue
1467 3112 1676 3178 eontentione
1707 3133 1822 3178 verum
1854 3112 1917 3178 looi
1945 3134 2079 3181 sensum

90 3195 205 3274 gotium
237 3198 289 3263 illi
321 3199 499 3275 faoessant,
532 3204 566 3262 et
596 3218 671 3262 eum
703 3197 776 3261 iure
803 3217 862 3261 suo
889 3194 1053 3278 depellere
1104 3219 1310 3281 quaeramus.
1365 3198 1480 3263 Primo
1516 3197 1694 3262 tenendum
1727 3207 1777 3262 est
1806 3198 1943 3281 spiritus
1970 3201 2079 3267 saneti

89 3293 247 3362 sonentur,
271 3283 443 3350 viatorium
465 3285 494 3348 ei
515 3283 694 3365 promittit:
729 3301 795 3346 nou
817 3280 902 3363 quod
924 3302 1054 3364 semper
1105 3285 1286 3364 eonsilium,
1309 3283 1395 3366 qnod
1417 3283 1577 3349 haetenus
1599 3302 1662 3348 non
1692 3283 1772 3348 satis
1801 3284 2077 3366 animadversum,

88 3361 226 3435 hostibus
247 3369 319 3435 suis
337 3369 580 3451 praevaluerint
596 3369 655 3435 lilii
666 3366 806 3435 Doridis
824 3366 944 3454 (neque
963 3369 1052 3433 enim
1105 3369 1157 3438 vel
1183 3391 1250 3435 non
1278 3369 1358 3436 satis
1388 3369 1539 3435 distinete
1568 3367 1753 3450 expositum
1780 3368 1852 3434 tuit.
1896 3369 2076 3455 Postquam

87 3467 174 3530 passa
205 3463 257 3520 est
289 3473 402 3520 eorum
435 3454 638 3540 ingratitudo
671 3465 707 3518 ut
739 3454 821 3520 baso
850 3453 914 3518 Dei
946 3456 1051 3536 gratia
1103 3455 1226 3522 tribum
1256 3455 1340 3521 Iuda
1373 3454 1506 3520 ornavit
1535 3453 1687 3537 imperio,
1725 3454 1837 3519 statim
1878 3460 2077 3539 pronunciat

86 3538 268 3606 ununuum
291 3541 427 3607 haberet
454 3563 492 3607 ae
514 3538 715 3623 aequabilem
736 3537 882 3626 sursum)
902 3537 960 3604 sed
988 3539 1051 3606 hae
1103 3539 1213 3606 Deum
1246 3539 1370 3606 tuendo
1402 3547 1524 3606 statum
1558 3539 1652 3624 regni
1684 3538 1783 3618 illius,
1816 3560 1930 3606 euram
1963 3543 2074 3626 populi

85 3622 192 3690 saltem
213 3629 249 3692 in
267 3635 361 3710 parte
378 3628 526 3710 superior
540 3623 706 3702 luitluda,
729 3625 814 3706 quod
833 3623 944 3689 inille
962 3625 1049 3690 tribu
1102 3627 1300 3702 habiturum,
1322 3625 1425 3690 donee
1447 3623 1488 3690 ad
1516 3644 1680 3690 summum
1706 3625 1872 3690 oumulum
1901 3628 2076 3709 perveniat

84 3709 167 3774 stetit
186 3714 279 3798 regia
300 3711 394 3778 sedes
412 3732 510 3796 quam
521 3711 612 3777 Deus
630 3709 798 3795 probabat,
819 3718 854 3774 et
875 3731 958 3793 quae
974 3711 1049 3776 fun·
1102 3713 1264 3796 premissa
1284 3711 1432 3778 selieitas.
1463 3711 1549 3780 Nam
1565 3713 1611 3776 sie
1628 3711 1787 3776 asseritur
1805 3711 1947 3796 dignitas
1959 3713 2072 3795 Iudae,

84 3789 154 3860 data
175 3808 247 3863 erat
268 3799 302 3863 iu
326 3799 396 3864 eius
418 3799 526 3864 verbo.
559 3797 645 3862 Nam
667 3796 730 3861 etsi
747 3795 862 3879 opibus
879 3815 918 3860 ao
939 3797 1050 3880 populi
1102 3813 1139 3863 ut
1160 3808 1272 3864 tamen
1294 3817 1412 3880 seopus
1434 3797 1479 3862 sit
1506 3798 1688 3862 eommunis
1710 3797 1821 3880 populi
1850 3799 1950 3865 totius
1971 3799 2072 3868 salus.

85 3881 287 3950 multitudine
303 3885 409 3968 magis
426 3883 537 3949 floruit
554 3881 818 3968 regnumIsrael,
840 3881 917 3965 quia
938 3890 1049 3948 tamen
1101 3883 1293 3950 Benedietio
1314 3883 1432 3948 semini
1450 3881 1602 3947 Abrabae
1623 3883 1784 3965 promissa
1802 3880 1855 3968 (ut
1876 3885 1966 3966 prins
1988 3885 2073 3951 vidi·

84 3963 297 4036 adulteriuum
319 3969 391 4047 brit,
414 3991 479 4036 non
502 3969 641 4036 babetur
663 3968 735 4033 eius
755 3969 855 4033 ratio:
889 3987 950 4033 neo
973 3989 1051 4034 vero
1101 3969 1188 4057 mus)
1206 3970 1272 4035 nisi
1283 3968 1324 4036 ab
1341 3989 1407 4034 uno
1424 3967 1532 4050 eapite
1542 3968 1667 4046 flueret,
1690 3975 1763 4032 rata
1774 3987 1845 4033 esse
1856 3989 1921 4034 non
1933 3977 2071 4054 poterat.

83 4048 184 4119 luooso
202 4077 263 4122 suo
285 4055 457 4139 splendore
476 4054 614 4121 obruere
631 4053 744 4119 debuit
783 4053 899 4118 loriam
917 4053 1048 4120 divinae
1100 4055 1194 4122 Idem
1222 4077 1309 4121 nune
1337 4061 1477 4122 testatur
1506 4052 1619 4133 Iaeob,
1647 4061 1826 4118 venturum
1860 4074 1931 4120 esso
1958 4077 1993 4122 re
2017 4078 2072 4127 em

81 4133 243 4209 eleotiouis
265 4142 368 4210 tribui
390 4142 492 4207 Iudae
513 4139 720 4222 insculptam.
754 4074 796 4203 gn
819 4138 949 4205 Davide
970 4159 1049 4223 ergo
1100 4140 1246 4224 subque
1269 4141 1337 4206 suis
1359 4077 2070 4239 numeriseonstabitpromissaillafeiioi-

80 4222 172 4302 plane
194 4229 316 4295 enituit
336 4229 388 4295 vis
410 4236 445 4292 et
462 4228 596 4293 effeetus
618 4225 715 4290 huius
737 4225 897 4291 vaboinii:
928 4223 1047 4292 deinde
1100 4237 1159 4294 tas.
1200 4227 1273 4293 Hoe
1294 4247 1337 4292 ne
1358 4225 1472 4291 Iudaei
1494 4224 1625 4308 quidem
1647 4223 1824 4307 negabunt,
1846 4223 1903 4289 ubr
1925 4228 2070 4311 viguerit

79 4307 111 4374 in
123 4309 311 4380 Solomone:
334 4321 446 4397 postea
456 4313 606 4396 quamvis
618 4311 771 4377 mutilum
789 4311 1047 4395 fueritreguum,
1099 4312 1271 4379 medioeris
1299 4312 1480 4378 benedietio
1508 4312 1544 4374 iu
1572 4309 1659 4374 tribu
1679 4308 1774 4389 luda,
1805 4329 1897 4392 spem
1924 4313 2071 4382 melioris

79 4397 270 4466 mirabiliter
290 4407 400 4465 tamen
422 4407 589 4465 servatum
611 4399 674 4464 fuit
694 4396 759 4464 Dei
780 4415 896 4463 manu:
926 4397 1047 4482 alioqui
1099 4407 1132 4464 et
1164 4398 1402 4465 excellentioris
1421 4403 1541 4463 vstatus
1573 4393 1627 4460 hio
1660 4393 1740 4460 dari.
1784 4397 1937 4462 Alterum
1969 4400 2069 4466 etiarn

78 4485 196 4552 eendes
221 4487 316 4553 brevi
345 4494 493 4570 tempore
514 4483 717 4553 oonoidisset.
761 4483 815 4550 Ita
842 4485 966 4550 loetum
996 4492 1047 4550 est
1098 4483 1238 4550 libenter
1258 4481 1454 4562 eoneedent,
1483 4480 1601 4564 plenae
1629 4487 1662 4545 et
1688 4479 1811 4546 solidae
1839 4481 2007 4550 felioitatis
2036 4495 2070 4550 et

78 4576 112 4631 ut
142 4572 259 4658 iugum
298 4574 366 4640 suis
398 4571 546 4638 hostibus
584 4569 801 4653 imposuerint
840 4570 899 4635 lilii
932 4569 1043 4636 Iudae.
1097 4571 1221 4656 gloriae
1247 4571 1381 4635 uuieum
1413 4575 1561 4633 autorem
1597 4587 1668 4633 esse
1702 4566 1867 4632 Messium.
1918 4569 2068 4637 uersum

78 4651 169 4734 Quod
192 4667 305 4724 autem
327 4659 437 4725 deeem
456 4659 559 4724 tribus
577 4655 720 4738 abripuit
738 4655 872 4720 defeotio
894 4677 935 4720 ne
956 4677 1044 4741 genu
1096 4664 1195 4740 eaput
1218 4656 1303 4739 quod
1333 4675 1376 4720 ne
1404 4654 1485 4737 ipsis
1513 4650 1643 4736 quidem
1672 4651 1932 4735 repugnantibus
1959 4655 2068 4723 faeere

75 4741 242 4811 fleeterent
262 4745 338 4810 liliis
350 4743 497 4823 Davidis,
521 4742 584 4809 hoe
605 4741 738 4825 quidem
759 4740 855 4806 modo
876 4741 1043 4808 turbatum
1095 4743 1181 4820 lieet,
1203 4761 1292 4806 nuno
1315 4738 1481 4817 addamus,
1505 4761 1540 4804 re
1586 4757 1643 4803 um
1658 4734 1744 4819 quod
1760 4737 2066 4822 iuoepitaDavids,

74 4825 135 4892 fuit
155 4829 342 4916 legitimum
362 4831 518 4914 regimen,
540 4836 574 4895 et
593 4827 709 4893 illioita
729 4825 876 4892 conlusio
893 4825 1041 4894 induota:
1094 4827 1301 4914 praeludium
1323 4827 1422 4894 luisse
1451 4824 1535 4909 quod
1559 4845 1612 4890 am
1642 4843 1680 4888 ae
1699 4822 1872 4888 umbratile
1901 4827 2066 4907 specimen

74 4909 136 4978 Dei
163 4925 277 4982 tamen
306 4915 471 4982 decretum
500 4913 620 4980 violari
648 4934 715 4979 non
745 4913 853 4996 potuit
881 4913 961 4995 quin
990 4913 1042 4980 ius
1095 4913 1229 4980 maioris
1257 4912 1346 4978 illius
1375 4913 1500 4998 gratias
1532 4929 1615 4993 quae
1647 4909 1682 4972 in
1716 4907 1894 4974 advemum
1923 4912 2066 4979 Messias

73 5013 223 5068 maneret
244 5023 345 5086 penes
366 5001 488 5066 tribum
509 4999 601 5066 Iuda.
1095 4999 1197 5066 dilata
1219 5000 1281 5065 fuit
1302 5017 1340 5062 ae
1361 5015 1527 5081 suspensa.
1572 4993 1707 5061 Nullum
1730 4992 1860 5077 quidem
1884 4996 2066 5079 spiritualis

155 5089 186 5155 9.
213 5087 344 5154 cauto
364 5087 463 5154 leoais
484 5087 578 5153 Iuda.
619 5083 807 5153 Similitudo
828 5083 909 5150 haee
930 5085 1039 5167 proxi·
1094 5087 1188 5171 regui
1221 5091 1355 5170 gustum
1381 5081 1582 5164 ooneipiunt:
1616 5081 1727 5162 itaque
1752 5099 1832 5178 epos
1861 5083 1970 5164 potius
2001 5085 2064 5150 sibi

71 5193 158 5238 mam
181 5175 380 5242 sententiam
401 5173 588 5253 ooufirmat,
632 5172 696 5239 uod
717 5169 865 5238 hostibus
886 5168 1040 5235 formida-
1093 5173 1232 5256 lingunt,
1254 5176 1289 5236 et
1308 5169 1501 5251 potentiam,
1530 5177 1704 5248 suaveque'
1715 5170 1819 5230 etrum
1841 5177 1876 5232 et
1897 5175 2064 5236 temanum

71 5258 146 5326 bilis
178 5261 312 5326 futurus
344 5258 387 5326 sit
423 5257 514 5324 Iuda.
567 5193 709 5324 Videtur
748 5267 859 5324 tamem
895 5255 1041 5323 alludere
1094 5257 1323 5322 amoenitatem
1346 5254 1407 5320 sibi
1429 5261 1616 5336 proponunt
1643 5270 1741 5334 quam
1769 5251 1943 5332 iustitiam,
1976 5257 2066 5323 vitae

68 5345 168 5414 Iaoob
202 5345 246 5413 ad
276 5345 537 5412 imminutionem
570 5365 653 5428 quae
685 5345 823 5429 oontigit
855 5344 910 5410 ubi
936 5344 1042 5410 maior
1094 5343 1273 5409 nentatem
1293 5362 1369 5408 oum
1384 5338 1531 5424 gratuita
1546 5336 1870 5491 peoeatorumvegrgip.
1899 5339 2066 5408 Fatentur
