4988 6192
173 399 229 466 tot
812 393 1184 465 COMMENTARIUS
1203 395 1254 462 IN
1277 393 1492 464 GENESIN.
1604 467 1607 474 ,
2096 401 2164 470 458

250 586 281 652 4.
314 585 360 651 Er
385 585 470 652 etet
499 575 624 653 Mem
657 583 701 651 ed
724 583 856 652 Homer.
917 584 1049 652 (ilarius
1075 584 1135 652 hoe
1185 583 1279 650 nobis
1300 592 1351 650 est
1371 581 1437 648 Dei
1458 583 1695 664 misericordia,
1723 605 1786 670 qua
1815 583 2014 652 laetum-est
2035 593 2073 653 ut
2094 588 2161 656 t’ce·

171 674 236 739 loue
260 671 471 756 exprimitur,
491 669 629 739 Sichem
653 677 783 753 optasse
812 671 934 737 Dinam
963 670 1025 737 sibi
1051 691 1134 738 uxo·
1185 669 1246 736 dus
1269 670 1395 754 gratiae
1414 677 1564 736 maneret
1585 671 1621 736 in
1642 670 1780 754 posteris
1801 669 1909 738 Iacob.
1959 671 2047 753 Quid
2070 674 2160 740 enim

171 779 249 826 rsm:
277 777 345 824 nen
374 778 452 842 erge
481 765 552 822 tam
580 756 733 822 efficeris
761 756 825 822 fuit
853 758 925 823 eius
951 755 1068 834 libido,
1097 761 1136 822 ut
1185 755 1295 822 minus
1316 763 1589 835 consentaneum,
1613 777 1710 840 quam
1733 765 1770 825 ut
1792 766 1858 822 toto
1879 756 2004 822 munde
2026 760 2159 842 postha-

170 851 349 927 stupratam
377 841 519 909 ludibrio
543 842 690 909 haberet.
740 842 938 910 Ostenditnr
965 851 1136 926 praeterea
1184 840 1260 919 bite,
1283 841 1378 925 pauci
1400 840 1558 922 homines,
1578 842 1752 928 inquibus
1772 843 2159 928 regnattambelluinus

170 928 338 996 laudabilis
364 927 540 1009 modestia,
576 949 676 1012 quum
705 928 792 1012 patri
818 929 995 1012 imperium
1021 926 1135 1004 defert,
1184 926 1275 994 furor
1302 946 1376 995 cum
1410 926 1610 1011 implacabili
1638 928 1780 1008 malitia,
1814 929 1848 994 iu
1876 928 1940 994 Dei
1971 928 2092 1014 popule
2124 943 2160 998 et

169 1035 270 1099 neque
297 1013 386 1080 enim
407 1035 467 1081 sue
488 1015 559 1098 ipse
581 1015 717 1081 arbitrio
742 1013 933 1098 aggreditur
956 1013 1133 1098 quidquam
1184 1012 1261 1078 filiis
1282 1011 1502 1079 censeantur?
1529 1012 1691 1081 Videmus
1711 1022 1798 1080 certe
1820 1035 1878 1097 per
1898 1015 1987 1098 ipses
2009 1037 2075 1082 nen
2094 1023 2159 1086 stc-

170 1101 207 1168 de
235 1101 385 1186 coningio
407 1100 545 1185 pacisci,
568 1098 625 1166 sed
647 1100 817 1166 autoritati
839 1100 942 1182 petris
970 1099 1032 1167 hee
1059 1120 1135 1184 per·
1184 1097 1263 1166 tisse
1291 1098 1466 1182 quominus
1498 1119 1518 1163 a
1550 1098 1615 1164 Dei
1643 1120 1746 1185 regne
1778 1119 1915 1184 prorsus
1948 1097 2161 1169 desciverint.

168 1187 274 1252 mittit
329 1186 403 1252 Etsi
429 1186 518 1253 enim
552 1185 723 1269 praecipiti
749 1183 894 1252 libidinis
924 1186 1040 1252 erdere
1065 1191 1135 1252 tur·
1184 1183 1281 1250 Unde
1302 1193 1439 1269 apparet
1465 1185 1609 1253 favorem
1630 1205 1695 1269 que
1718 1184 1871 1270 dignates
1898 1194 1950 1253 est
1977 1187 2066 1270 ipses
2088 1187 2158 1256 Do-

167 1273 249 1358 pitsr
270 1271 450 1352 exciderat,
479 1292 568 1338 nuno
595 1277 708 1336 umen
730 1270 771 1338 ad
798 1291 835 1336 se
855 1271 964 1354 ipsum
992 1271 1134 1350 rediens,
1184 1270 1309 1348 minus,
1338 1270 1521 1354 gratuitum
1548 1271 1664 1348 fuisse,
1691 1292 1752 1337 nec
1781 1270 1955 1338 fundatum
1980 1273 2020 1339 in
2045 1295 2158 1342 sorum

168 1357 298 1425 duetnm
320 1365 456 1424 naturae
477 1355 637 1440 sequitur.
681 1356 756 1438 Quo
784 1357 891 1442 magis
911 1356 974 1423 sibi
996 1358 1134 1424 iuvenes
1185 1355 1322 1423 meritis.
1371 1355 1499 1422 Eadem
1528 1375 1658 1440 queque
1683 1355 1890 1441 indulgentia
1911 1357 2081 1426 nobiseum
2103 1361 2158 1444 agi

166 1442 488 1510 covorouebontno
515 1442 699 1509 inlubrico
718 1449 841 1521 astate,
870 1443 979 1509 carnis
999 1442 1136 1509 lascivia
1184 1462 1316 1510 neeesse
1344 1448 1411 1522 est,
1443 1441 1499 1524 qui
1534 1442 1673 1510 subinde
1705 1443 1883 1522 effluimus,
1917 1443 1982 1510 nisi
2013 1445 2156 1530 peccetis

167 1549 218 1594 sos
239 1527 281 1595 ad
309 1529 417 1594 multa
443 1528 570 1613 flagitia
597 1527 755 1612 impellat.
810 1528 891 1595 Plus
920 1529 1010 1594 enim
1038 1525 1135 1594 hedis
1184 1529 1304 1593 nestris
1325 1526 1419 1593 Deus
1440 1527 1597 1612 ignescat.
1625 1528 1688 1596 Est
1708 1527 1839 1613 quidem
1861 1529 1947 1596 iusta
1969 1530 2161 1599 offensionis

164 1613 314 1682 licentiae
346 1614 468 1697 passim
500 1628 686 1698 grassatur,
717 1622 754 1680 nt
786 1614 877 1680 nulla
903 1614 1084 1681 moderatio
1114 1635 1135 1680 a
1184 1613 1268 1678 ratio
1296 1613 1331 1677 in
1359 1612 1575 1680 filiisIaceb:
1602 1615 1775 1697 quianon
1803 1613 1911 1682 selum
1939 1616 2069 1700 privata
2098 1637 2161 1685 sue

163 1699 366 1784 turpitudine
383 1700 521 1766 iuvenes
538 1709 657 1766 masat.
686 1699 980 1784 Casurumquom
998 1698 1135 1768 Siehem
1184 1697 1366 1782 gnominis
1386 1707 1583 1782 tanguntur,
1606 1698 1663 1766 se‘d
1685 1719 1741 1766 ees
1762 1701 1931 1768 excruciat
1951 1701 2084 1770 sceleris
2105 1703 2157 1770 in·

163 1795 282 1852 natura
303 1785 385 1852 duce
406 1795 440 1851 et
468 1786 643 1870 magistra,
673 1793 799 1869 patrem
828 1786 971 1870 coniugii
999 1786 1052 1853 sui
1075 1806 1134 1851 an·
1185 1783 1344 1865 dignitas,
1366 1782 1454 1868 qued
1475 1806 1517 1852 ex
1538 1784 1634 1851 dome
1656 1785 1768 1866 Iacob,
1800 1787 1892 1870 quasi
1914 1808 1956 1854 ox
1978 1788 2042 1854 Dei
2064 1809 2157 1856 sanc-

164 1882 266 1937 torem
293 1891 365 1938 esse
390 1871 487 1950 velit,
521 1871 599 1938 hino
629 1870 813 1956 colligimus
843 1872 909 1938 ius·
928 1870 1018 1938 istud
1047 1869 1134 1957 qnod
1184 1869 1306 1950 tuario,
1330 1878 1435 1938 tracta
1456 1869 1558 1937 iurarit
1585 1891 1678 1937 seror
1705 1871 1748 1938 ad
1775 1880 1937 1957 stuprum.
1986 1873 2072 1942 Nam
2095 1874 2157 1944 hec

163 1956 284 2023 habent
310 1964 465 2041 parentes
493 1957 528 2021 iu
557 1955 658 2036 filies,
688 1977 759 2023 osso
784 1956 989 2024 inviolabile:
1016 1965 1054 2023 ut
1075 1956 1133 2042 qni
1183 1956 1359 2040 praecipue
1385 1962 1523 2040 urgent,
1553 1957 1639 2055 qnod
1660 1959 1693 2023 in
1717 1958 1818 2026 electe
1843 1968 1877 2025 ot
1898 1969 2011 2026 saneto
2038 1960 2165 2045 populo*

162 2041 195 2107 id
227 2041 424 2110 labefactare
456 2051 633 2123 conantur,
664 2042 792 2108 coslum
824 2051 931 2110 terrae
963 2043 1134 2110 misceant.
1185 2040 1252 2107 tale
1273 2040 1413 2108 dedecus
1435 2040 1566 2107 admitti
1588 2043 1680 2111 nefas
1702 2043 1808 2120 luerit
1831 2042 1888 2111 sad
1905 2045 1968 2128 ipsi
1986 2045 2060 2112 edio
2082 2067 2165 2130 pec·-

163 2127 284 2216 Quare¹
307 2148 410 2212 quum
442 2147 527 2212 papa
558 2128 594 2194 in
633 2127 790 2194 honorem
827 2130 972 2214 coniugii
1004 2149 1135 2197 sacrum
1184 2128 1251 2194 cati
1272 2127 1370 2193 unius
1387 2126 1429 2194 ad
1451 2127 1547 2212 plura
1567 2136 1600 2194 ot
1629 2131 1739 2196 minus
1761 2128 1930 2197 toleranda
1959 2130 2082 2198 scelera
2103 2133 2167 2198 iu·-

164 2213 244 2280 illud
265 2223 406 2281 naturae
428 2213 595 2280 vinculum
618 2212 814 2298 abrumpere
843 2236 943 2281 ausus
965 2216 1025 2294 sit,
1053 2215 1135 2281 satis
1183 2213 1268 2280 ricse
1289 2212 1473 2297 prosiliunt.
1525 2211 1719 2282 (lavandum
1746 2235 1825 2300 erge
1847 2225 1898 2284 set
1918 2238 1960 2288 ns
1981 2225 2164 2301 postquam·

163 2319 324 2452 squrqrgs
348 2299 490 2451 'mollia
498 2298 667 2450 ιιιιίιίιὲῃξιὶξι
689 2299 789 2451 idudex
818 2309 977 2368 scortator
998 2299 1133 2370 Siehem
1183 2296 1604 2452 igogiamnandisdaliqzum
1631 2299 1760 2369 delictis
1781 2304 1890 2401 severi
1918 2303 2076 2370 fuerimus
2101 2307 2151 2404 iu-

164 2407 182 2452 a
246 2407 444 2452 mancini
490 2407 523 2450 m
623 2406 777 2452 unam.
1255 2406 1288 2465 s,
1309 2406 1437 2452 rnoonsr
1461 2405 1517 2451 era
1571 2407 1724 2467 ruamus,
1770 2407 2022 2455 raseruevo
2104 2409 2165 2455 ·o·-

246 2471 277 2538 5.
316 2471 362 2538 Et
382 2470 518 2538 Iebueeb
535 2470 665 2538 audiuit.
716 2471 839 2538 Inserit
867 2492 1000 2539 versum
1030 2493 1133 2538 unum
1183 2465 1455 2538 lentisremediis
1477 2470 1707 2540 abstinendum
1729 2409 1796 2551 eit,
1819 2410 1902 2557 qudo
1923 2410 2163 2559 mallmaqllodz

162 2557 272 2624 Moses
301 2555 342 2623 de
369 2555 470 2624 tacito
497 2576 645 2624 moerere
672 2556 779 2624 Iacob.
837 2555 967 2626 Scimus
994 2579 1049 2625 eos
1075 2558 1132 2642 qui
1184 2557 1346 2640 corrigere
1368 2557 1529 2640 cupimus,
1551 2578 1633 2625 exse
1657 2571 1761 2626 erant.

162 2643 370 2710 contumeliis
392 2642 514 2710 assueti
544 2664 610 2709 non
637 2651 732 2721 snut,
761 2643 859 2727 longe
886 2644 1021 2728 gravius
1043 2643 1132 2710 affici
1269 2639 1314 2708 Et
1342 2643 1389 2708 sic
1412 2663 1475 2708 een
1500 2643 1562 2724 fist.
1652 2645 1851 2712 emmuniter
1886 2653 2023 2712 venunt
2053 2647 2157 2712 inter·

162 2730 290 2814 siquid
321 2728 431 2812 probri
459 2729 636 2813 contingat.
687 2729 778 2813 Ergo
807 2729 860 2795 vir
887 2729 1039 2797 cordatus
1068 2751 1132 2814 que
1183 2736 1302 2812 pratos,
1324 2729 1400 2796 Non
1421 2728 1468 2795 sie
1488 2729 1560 2795 fieri
1582 2727 1690 2797 deest:
1713 2730 1771 2798 sed
1788 2730 1907 2814 aptius,
1930 2730 2155 2812 meoiudicio,

160 2817 266 2900 magis
287 2814 460 2881 studuerat
488 2814 619 2880 demum
648 2814 771 2882 habers
801 2835 918 2898 puram
943 2815 1033 2882 omni
1061 2837 1131 2882 ma·
1183 2814 1325 2881 refertur
1347 2816 1408 2882 heo
1430 2833 1469 2880 ac
1485 2813 1571 2882 filios
1587 2813 1694 2896 Iacob,
1716 2815 1804 2900 quod
1821 2817 1997 2884 statuerint
2013 2816 2102 2900 apud
2119 2839 2158 2884 ss

157 2901 238 2980 enla,
256 2909 383 2968 casum
400 2910 434 2965 et
452 2900 533 2967 bene
551 2909 720 2980 moratam,
743 2921 781 2966 sc
802 2901 909 2986 magis
926 2902 1130 2968 vulneratur.
1184 2900 1269 2968 hane
1290 2900 1445 2966 iniuriam
1466 2901 1602 2967 minime
1624 2899 1801 2970 ferendam.
1850 2903 1954 2987 Atqui
1982 2923 2162 2987 perperam

158 2983 223 3054 Sed
246 2985 326 3071 qnia
347 2986 437 3052 solus
459 2995 510 3052 set
531 2984 635 3066 demi,
657 2985 857 3068 dissimulat,
878 2995 913 3053 et
934 2986 1023 3054 intns
1041 2986 1131 3054 dole·
1183 2985 1365 3072 exigendae
1387 2984 1553 3054 vindictas
1579 2987 1632 3054 ins
1659 2988 1722 3054 sibi
1750 2988 1897 3072 rapiunt:
1927 3009 1986 3055 cur
2008 3011 2074 3060 nen
2095 3009 2155 3072 pe-

157 3093 226 3138 rsm
254 3093 355 3140 suum
384 3072 549 3150 absorbet,
581 3071 684 3138 dense
717 3072 854 3138 redeant
881 3073 942 3138 lilii
972 3091 1130 3160 onagro.
1184 3075 1250 3139 tius
1271 3071 1477 3157 expendunt,
1505 3074 1597 3140 Deua
1626 3075 1682 3158 qui
1710 3075 1746 3140 in
1766 3075 1863 3140 fidem
1892 3072 2163 3159 praesidiumque

156 3157 261 3225 Porro
282 3158 338 3224 his
366 3158 475 3224 verbis
503 3179 568 3224 nen
596 3155 751 3242 intelligit
773 3159 900 3239 Moses,
929 3159 1027 3227 Ieeob
1057 3161 1132 3227 vin·
1184 3179 1280 3225 auum
1312 3177 1375 3225 nes
1417 3159 1554 3243 recepit,
1593 3159 1747 3226 iniuriam
1786 3160 1873 3228 hanc
1909 3181 1977 3228 nen
2013 3161 2158 3245 patietur

157 3242 276 3311 dietam
312 3242 478 3311 distulisse
508 3264 611 3326 nsque
639 3242 681 3308 ad
713 3244 846 3310 illorum
877 3245 1032 3311 reditum:
1073 3246 1131 3314 sed
1183 3244 1340 3310 inultam:
1369 3250 1518 3310 neruum
1553 3244 1679 3312 interea
1714 3252 1764 3312 est
1794 3247 1908 3326 silere,
1939 3267 1977 3314 ao
2005 3267 2162 3330 poenam,

157 3330 234 3413 qnia
251 3331 343 3397 solus
364 3337 451 3409 erat,
479 3330 612 3396 consilio
640 3339 674 3395 et
694 3330 809 3397 solatio
830 3331 1024 3413 destitutus,
1053 3353 1131 3398 exa·
1182 3350 1266 3414 quas
1301 3330 1337 3397 in
1374 3350 1475 3396 manu
1503 3336 1618 3397 nestra
1644 3331 1752 3415 posita
1780 3353 1847 3398 non
1876 3340 1928 3402 est
1955 3333 2154 3416 permittere,

156 3417 281 3482 nimam
311 3416 457 3482 iacuisse.
502 3414 627 3483 Sensus
655 3436 733 3500 ergo
760 3424 827 3496 est,
859 3418 987 3501 ingenti
1020 3416 1132 3484 dolero
1182 3416 1253 3482 eins
1289 3415 1433 3484 arbitrie.
1483 3416 1573 3482 Hinc
1601 3416 1764 3485 suemus
1793 3417 1909 3484 alienis
1936 3419 2079 3502 peccatis
2108 3419 2158 3484 ita

156 3501 255 3569 luisse
277 3522 297 3568 o
321 3521 486 3586 pressum,
516 3507 553 3566 ut
574 3501 673 3567 etiam
696 3502 906 3570 obmutuerit.
956 3503 1131 3571 Pellusndi
1181 3501 1296 3581 iunci,
1333 3523 1375 3568 ne
1412 3499 1491 3586 quid
1524 3509 1636 3570 tamen
1664 3510 1795 3588 praetor
1822 3503 1967 3570 efficium
2003 3511 2154 3570 nestrum

156 3587 256 3654 verbe
290 3523 385 3656 docet
416 3587 530 3656 Moses
567 3607 729 3671 quaenam
768 3609 848 3655 vera
883 3589 927 3656 sit
959 3590 1131 3656 hominum
1181 3595 1356 3654 tentemus.

156 3673 352 3755 mundities,
380 3673 458 3739 dnm
488 3673 613 3741 scilieet
640 3674 773 3740 assutas
794 3683 907 3741 sancte
931 3675 1067 3754 celitur,
1097 3683 1131 3742 et
1267 3673 1298 3740 8.
1326 3673 1492 3758 Loquere
1508 3678 1554 3741 eat
1574 3673 1702 3741 Hener.
1753 3672 1952 3758 Quanquam
1977 3673 2064 3739 iuste
2093 3693 2154 3740 ox·

157 3762 297 3845 qniequo
319 3780 378 3826 vas
399 3780 497 3826 suum
525 3760 560 3824 in
587 3759 744 3826 honorem
771 3761 922 3843 possidet
974 3761 1131 3845 Quisquis
1181 3759 1388 3827 canduerant
1408 3759 1469 3826 filii
1489 3758 1602 3839 Iacob,
1632 3759 1745 3826 debuit
1766 3769 1877 3826 tamen
1901 3759 1964 3826 hae
1985 3765 2080 3824 tanta
2100 3779 2156 3826 ee·

156 3859 265 3912 autem
313 3867 431 3930 eorpus
470 3866 565 3912 suum
603 3843 645 3910 ad
684 3847 916 3912 scortationem
951 3847 1130 3930 prostituit,
1181 3845 1297 3911 mitate
1316 3845 1443 3912 Homer
1464 3844 1585 3928 placari
1606 3866 1719 3912 eorum
1741 3844 1938 3930 indignatio,
1961 3845 2014 3912 vsl
2035 3844 2156 3912 saltem

156 3931 250 3999 leode
272 3953 310 3999 se
332 3939 535 4015 conspurcat.
574 3930 718 4012 Quodsi
739 3932 865 4016 polluta
886 3932 1008 4000 dicitur
1028 3932 1131 4000 fuisso
1181 3932 1386 4015 aliquatenus
1407 3931 1563 4016 mitigari.
1614 3930 1713 4013 Quod
1735 3932 1763 3998 si
1787 3932 1873 3998 filies
1894 3929 1993 3997 Iacob
2013 3931 2076 4014 ipsi
2099 3929 2154 3998 Si-

156 4017 256 4099 Dine‚
278 4017 333 4084 cui
354 4025 506 4102 stuprum
527 4037 587 4101 per
608 4019 676 4084 vim
696 4017 856 4084 intulerat
877 4017 1022 4100 Sichem,
1052 4018 1129 4102 quid
1179 4018 1276 4084 chem
1295 4017 1507 4084 reconciliare
1529 4036 1595 4082 nou
1615 4018 1723 4100 potuit
1745 4015 1934 4084 hnmanitas
1955 4017 2059 4100 patris
2080 4016 2151 4082 He·

157 4103 197 4170 de
219 4104 418 4171 voluntariis
438 4101 597 4170 adulteris
617 4111 652 4170 et
676 4104 908 4171 seortateribus
929 4102 1129 4172 dicendum?
1179 4124 1268 4182 mer,
1290 4102 1363 4187 ipse
1384 4103 1515 4186 quidem
1537 4123 1639 4168 senex
1661 4101 1781 4189 dignus
1802 4111 1873 4169 erat
1894 4103 2157 4187 quambenigno

244 4192 275 4258 l.
307 4189 352 4255 tu
375 4189 438 4274 stit
468 4188 604 4256 Iebuced
630 4194 778 4256 umerum
804 4191 843 4256 de
871 4211 956 4275 agro.
1006 4189 1131 4274 Incipit
1180 4191 1376 4273 exciperent.
1405 4187 1567 4255 Videmus
1588 4209 1687 4272 quam
1709 4208 1830 4273 aequas
1849 4187 2050 4255 conditiones
2072 4188 2153 4255 effe·

158 4297 296 4344 narrare
324 4276 433 4342 Moses
460 4275 624 4360 tragicum
652 4276 751 4342 huius
779 4276 935 4344 historias
964 4285 1129 4344 eventum.
1181 4285 1250 4344 rat:
1278 4275 1351 4358 ipse
1376 4273 1465 4341 urbis
1495 4274 1647 4357 princeps
1674 4283 1762 4354 orat,
1789 4274 1849 4340 filii
1871 4273 1969 4341 Iaoeb
1992 4273 2156 4360 inquilini.

159 4362 305 4430 Sceleste
327 4361 458 4446 quidem
486 4373 520 4428 ot
540 4363 640 4447 impis
662 4360 796 4428 Siehem
826 4371 952 4447 egerat:
982 4362 1041 4430 sod
1069 4364 1130 4430 hoe
1181 4362 1271 4445 Ergo
1292 4360 1367 4445 plus
1389 4379 1486 4445 qnam
1507 4370 1616 4430 truces
1637 4361 1763 4425 animos
1790 4359 1891 4429 fuisse
1920 4369 2063 4444 opertet,
2095 4359 2152 4443 qui

157 4450 255 4536 longo
277 4448 421 4515 atrocius
443 4457 477 4514 et
499 4450 604 4532 magis
625 4447 804 4527 nefarium,
833 4447 919 4533 qued
941 4448 1001 4514 filii
1022 4448 1129 4528 Iaeeb,
1181 4447 1223 4512 ad
1238 4448 1413 4512 'lenitatem
1436 4445 1514 4512 flexi
1542 4467 1608 4511 non
1634 4462 1721 4513 sunt.
1776 4444 1872 4512 Adde
1900 4444 1986 4529 qued
2013 4445 2152 4530 supplex

159 4547 196 4603 nt
218 4535 483 4604 se'ulciseantur
504 4532 544 4599 ds
565 4534 693 4617 private
715 4535 815 4600 nnius
836 4534 981 4601 heminis
1003 4534 1129 4614 dsliete,
1180 4532 1221 4598 de
1244 4533 1366 4600 recedo
1397 4531 1500 4617 ipsius
1537 4529 1670 4598 Siehsm
1703 4531 1765 4599 hoe
1793 4529 1994 4611 merebatur,
2023 4539 2060 4596 ut
2087 4532 2152 4598 isr-

158 4631 266 4688 totum
288 4619 445 4704 populum
462 4619 637 4686 trucidant.
681 4619 869 4686 Levitatem
891 4630 978 4687 certe
1000 4627 1034 4686 st
1055 4643 1131 4705 pre·
1181 4553 1258 4685 vide
1281 4619 1351 4686 eius
1378 4617 1483 4684 amori
1511 4618 1643 4684 venum
1671 4617 1798 4684 darem.
1854 4615 1950 4699 Quod
1979 4637 2057 4701 ergo
2089 4617 2153 4682 im·

158 4708 300 4775 terciam
322 4705 453 4772 iuvenis
469 4708 569 4771 unius
586 4705 721 4771 minime
739 4706 873 4773 decebat
890 4715 938 4772 tot
958 4707 1131 4773 hominnm
1181 4704 1356 4790 placabiles
1377 4711 1522 4780 manent,
1541 4704 1672 4788 signum
1691 4711 1742 4770 est
1758 4702 1855 4770 valde
1875 4701 2017 4771 crudelis
2037 4723 2151 4787 super·

159 4793 258 4862 caede
280 4792 457 4858 crudeliter
478 4792 609 4858 sarcire.
652 4791 783 4858 Deinde
805 4792 878 4875 quis
898 4793 988 4876 ipsos
1009 4793 1133 4860 iudices
1182 4791 1263 4857 biae.
1320 4787 1409 4871 Quid
1430 4789 1580 4856 hostibus
1601 4789 1670 4856 suis
1691 4789 1808 4856 facturi
1830 4798 1938 4866 erant,
1968 4788 1996 4853 si
2026 4789 2081 4872 qui
2109 4809 2152 4854 ex

160 4880 387 4954 constituerat,
417 4887 456 4944 nt
484 4877 627 4945 audeant
647 4879 716 4944 suis
737 4879 888 4944 manibus
909 4878 1048 4946 iniuriae
1069 4879 1133 4946 sibi
1182 4878 1326 4961 professe
1349 4897 1403 4942 ees
1432 4875 1619 4942 laesissent:
1647 4875 1776 4958 quande
1798 4875 1840 4940 ad
1870 4876 1940 4940 eius
1961 4894 2074 4958 preces
2095 4872 2152 4957 qui

159 4968 274 5032 illatas
297 4964 477 5032 vindictam
497 4965 653 5050 exsequi?
698 4964 846 5032 Accessit
867 4966 965 5030 etiam
986 4965 1132 5049 perfidia,
1182 4982 1277 5031 caece
1303 4981 1413 5027 amere
1442 4959 1613 5044 deeeptus,
1641 4960 1896 5027 incontinentiae
1925 4979 2052 5040 errore,
2083 4979 2150 5025 non

159 5051 248 5137 quod
270 5050 333 5118 sub
355 5049 492 5118 foederis
510 5060 680 5134 praetextu
704 5049 744 5115 ad
766 5050 963 5134 patrandum
982 5059 1050 5116 tam
1071 5051 1133 5116 im·
1182 5049 1326 5132 maligno
1347 5046 1480 5114 consilio
1502 5047 1589 5130 ipses
1610 5046 1713 5126 laesit,
1735 5068 1801 5113 nen
1822 5045 2022 5112 fleetuntur?

160 5159 260 5203 mane
283 5136 412 5203 facinus
433 5138 598 5222 progressi
620 5147 704 5202 sunt.
739 5137 778 5201 In
797 5136 894 5204 Iacob
914 5157 1011 5220 porro
1033 5137 1132 5202 mira·
1270 5133 1320 5200 13.
1354 5132 1399 5198 ut
1425 5133 1648 5216 reponemus
1670 5133 1734 5214 titt
1762 5131 1864 5199 Iacob.
1907 5131 2054 5200 tInitium
2076 5151 2151 5212 por·

162 5225 239 5291 bilis
257 5223 452 5289 tolerantiae
466 5224 653 5306 exemplum
673 5222 876 5302 describitur,
894 5224 951 5306 qui
968 5230 1019 5288 tet
1036 5224 1133 5289 malis
1182 5220 1279 5287 fidiae
1302 5229 1471 5298 narratur,
1500 5239 1577 5282 nam
1605 5239 1705 5300 quum
1736 5219 1826 5284 rabie
1848 5218 1953 5302 magis
1975 5235 2072 5299 quam
2102 5216 2151 5282 ira

162 5309 308 5377 afflictus
330 5328 394 5374 nen
419 5309 597 5376 succubuit.
649 5307 715 5376 Sed
743 5309 777 5374 in
806 5309 923 5393 primis
950 5306 1134 5393 reputanda
1184 5306 1322 5387 accensi,
1343 5306 1378 5371 in
1400 5313 1504 5372 tetam
1526 5305 1641 5371 urbem
1662 5304 1806 5388 grassari
1827 5304 1958 5384 vellent,
1981 5312 2012 5368 et
2037 5313 2153 5370 centra
