5022 6192
400 408 443 476 83
1059 404 1431 472 COMMENTARIUS
1452 405 1501 470 IN
1524 404 1738 472 GENESIN.
2343 415 2377 478 84

401 593 599 664 conterendo
622 615 681 678 per
701 615 813 660 semen
835 616 932 662 suum
955 593 1074 660 diaboli
1096 592 1211 678 eapite.
1251 593 1376 658 Putant
1426 601 1502 676 pote
1525 594 1582 676 qui
1604 591 1736 676 pictatis
1757 592 1863 660 officia
1884 615 1963 680 erga
1982 593 2090 662 Deum
2107 597 2237 675 coleret
2260 601 2378 666 victum-

402 692 513 749 autem
541 682 576 746 in
604 701 742 764 persona
777 680 830 746 vel
865 678 1036 746 individuo
1068 678 1168 744 fuisse
1198 678 1376 762 deceptam,
1426 677 1573 760 quesibi
1600 687 1634 744 et
1655 678 1722 745 suis
1749 689 1922 762 quaereret
1943 679 2080 748 honesto
2107 693 2140 748 st
2160 685 2245 750 iusto
2267 685 2377 752 laboro:

401 769 480 850 quia
507 765 548 832 ad
571 765 655 832 (lain
678 767 888 834 restrinxerit
912 765 1000 849 qued
1021 765 1061 832 de
1084 765 1215 830 Christo
1236 765 1374 849 promis·
1426 763 1699 846 quemadmodum
1727 763 1815 850 frugi
1850 775 1883 830 et
1913 766 2096 832 modestum
2129 771 2378 852 patremfamilias

401 861 577 920 sumeret.
608 852 694 918 Mihi
712 867 821 918 autem
843 853 1008 936 genuinus
1037 849 1091 917 hio
1112 849 1242 917 videtur
1260 871 1375 916 sensus
1426 849 1525 918 decet.
1578 851 1681 916 Porro
1710 852 1866 918 memoria
1892 851 1945 918 hic
1967 863 2113 936 repetere
2135 857 2289 921 convenit
2308 857 2378 938 quod

400 959 480 1018 esso,
510 936 598 1022 quod
619 935 697 1003 dum
727 938 787 1004 sibi
809 938 997 1023 gratulatur
1018 937 1117 1003 Hera
1138 934 1177 1002 de
1199 935 1265 1000 filio
1289 949 1374 1014 nato,
1424 937 1516 1018 prius
1541 936 1698 1014 diximus,
1726 937 1848 1020 primos
1878 937 2026 1005 homines
2053 939 2100 1005 sic
2129 941 2274 1023 privatos
2294 941 2379 1008 luisse

399 1045 473 1090 eum
503 1023 576 1089 Dec
614 1035 773 1106 tanquam
809 1024 939 1108 generis
972 1023 1022 1088 sui
1057 1022 1217 1105 primitias
1249 1022 1373 1086 offerat.
1425 1019 1528 1086 divini
1546 1023 1665 1087 amoris
1687 1034 1898 1100 attramento,
1919 1045 2020 1106 quum
2043 1027 2168 1092 avitae
2190 1028 2303 1094 arbore
2322 1031 2379 1092 lue

398 1109 543 1176 Proinde
555 1107 748 1176 vertendum
767 1130 896 1176 censeo:
915 1110 1086 1191 Aequisivi
1097 1109 1238 1174 Domino
1258 1108 1375 1186 virum,
1424 1119 1500 1171 runt
1532 1107 1697 1189 prohibiti,
1726 1115 1763 1173 ut
1792 1129 1866 1192 spes
1896 1110 1961 1174 illis
1992 1110 2108 1176 salutis
2140 1112 2255 1178 relicta
2286 1113 2380 1191 fuerit,

400 1196 486 1280 quod
508 1195 549 1260 ad
571 1195 708 1280 phrasin
726 1194 911 1262 hebraicam
931 1196 1065 1278 propius
1087 1193 1219 1260 accedit.
1254 1192 1372 1258 Virum
1424 1193 1516 1258 cuius
1538 1194 1572 1257 in
1595 1194 1762 1258 sacrifieiis
1783 1203 1923 1260 tesseras
1945 1195 2118 1262 habebant.
2159 1195 2216 1264 Sia
2238 1201 2320 1264 enim
2340 1209 2380 1264 tc-

440 1303 494 1346 rro
521 1281 664 1364 appellat
690 1281 848 1346 infantem
880 1303 994 1346 reeens
1022 1291 1145 1362 netum,
1171 1282 1248 1362 quia
1270 1301 1373 1364 genus
1424 1277 1568 1342 nendum
1590 1290 1650 1356 est,
1672 1300 1739 1345 non
1761 1280 1862 1348 luisse
1883 1289 2006 1346 wmsrc
2028 1285 2246 1358 excogitatum
2269 1285 2381 1351 abillis

397 1302 590 1442 Mannum,
620 1367 706 1448 qnod
734 1388 795 1432 sua
815 1367 911 1450 culpa
933 1375 1001 1430 tam
1023 1367 1094 1448 ipsa
1116 1387 1212 1448 quam
1235 1367 1373 1430 maritus
1423 1364 1625 1430 sacrificandi
1655 1386 1792 1443 morsm,
1821 1364 1879 1431 sed
1908 1367 2065 1432 traditum
2094 1368 2261 1434 divinitus.
2309 1371 2380 1435 Nam

397 1452 617 1536 perdiderant,
639 1463 831 1518 renovatum
854 1452 1000 1535 adspicit.
1422 1469 1520 1531 quum
1551 1449 1745 1534 dignitatem
1775 1450 1923 1519 sacrificii
1948 1453 2031 1517 Abel
2059 1465 2223 1536 acceptam
2247 1455 2319 1520 fidoi
2339 1478 2379 1520 re·

483 1539 513 1603 2.
537 1537 581 1602 Et
609 1538 733 1604 addidit
756 1559 871 1624 parere
898 1539 1029 1620 fratrem
1055 1538 1121 1602 etus
1142 1535 1230 1602 ΕΜ.
1276 1535 1372 1602 Unde
1423 1535 1506 1600 ierat
1527 1536 1692 1618 apostolus
1714 1535 1831 1621 (Hebr.
1855 1537 1914 1612 11,
1935 1537 1985 1623 4):
2014 1541 2177 1620 sequitur,
2207 1540 2298 1606 illum
2326 1565 2381 1606 ncn

397 1644 516 1690 nomen
540 1622 620 1690 Cain
643 1623 819 1692 deductum
842 1624 901 1704 sit,
931 1636 963 1688 et
984 1644 1047 1706 qno
1070 1633 1217 1704 respectu
1240 1622 1289 1685 illi
1312 1624 1371 1686 im·
1422 1620 1542 1703 absque
1557 1622 1617 1686 Dei
1629 1623 1783 1686 mandato
1795 1621 1959 1688 obtulisse.
1985 1624 2112 1690 Deinde
2122 1627 2162 1690 ab
2173 1627 2268 1690 initio
2280 1626 2380 1691 mnndi

397 1711 551 1794 positum,
580 1709 661 1774 satis
690 1720 801 1774 notum
836 1719 894 1776 est.
939 1709 1035 1775 Dixit
1056 1711 1143 1773 enim
1166 1719 1271 1774 mater
1292 1721 1371 1794 ’ΜΡ
1422 1727 1536 1771 verum
1564 1707 1641 1790 luit,
1670 1708 1864 1789 quibuslibet
1886 1710 2028 1775 riotimis
2050 1720 2219 1792 praestare
2245 1712 2381 1778 obedien·

399 1797 522 1861 virum:
552 1795 687 1878 ideoque
711 1793 795 1862 Cain
817 1795 969 1880 appellat.
1011 1796 1063 1861 De
1085 1792 1167 1860 Abel
1197 1793 1370 1858 nunidem
1423 1793 1510 1866 tiam,
1541 1803 1742 1876 matremque
1765 1815 1835 1859 csse
1861 1798 2006 1860 omnium
2036 1797 2199 1862 virtutum
2228 1797 2272 1882 (1.
2302 1799 2380 1864 Sam

398 1882 605 1965 exprimitur.
657 1880 753 1963 Quod
784 1889 903 1963 putant
932 1879 1065 1964 quidam
1090 1879 1302 1962 contemptim
1325 1881 1371 1946 sic
1424 1877 1481 1954 15,
1504 1877 1568 1964 22).
1620 1877 1714 1944 Unde
1736 1881 1901 1962 sequitur,
1927 1893 2137 1965 praeceptum
2159 1883 2259 1948 fuisse
2281 1907 2300 1949 a
2320 1883 2381 1948 Deo

399 1976 551 2034 vocatum
573 1967 672 2034 luisse
694 1989 714 2031 a
736 1979 856 2046 matre,
882 1987 919 2032 ae
939 1968 966 2031 si
989 1967 1073 2032 foret
1094 1986 1316 2050 supervacuus
1338 1975 1372 2030 et
1422 1963 1579 2047 quidquid
1607 1963 1655 2028 illi
1684 1965 1814 2047 plueuit.
1870 1967 1996 2043 Tertio,
2025 1988 2124 2050 quum
2150 1969 2241 2035 Deus
2269 1991 2382 2050 semper

397 2073 498 2136 prope
521 2053 663 2132 inutilis,
685 2073 818 2135 prorsus
840 2051 1018 2118 absurdum
1041 2062 1103 2117 ost:
1131 2053 1263 2116 tenebat
1284 2053 1370 2116 enim
1422 2049 1539 2115 similis
1561 2051 1660 2114 fuerit
1682 2052 1742 2126 sui,
1767 2071 1833 2115 non
1856 2052 2002 2118 dicemus
2027 2075 2173 2136 unquam
2194 2054 2295 2120 fuisse
2315 2057 2381 2119 sim·

397 2139 564 2214 memoria,
587 2159 742 2222 quorsum
761 2137 910 2204 tenderet
927 2137 1138 2216 foecunditas,
1161 2159 1220 2203 noc
1243 2137 1291 2201 illi
1313 2159 1369 2202 ex·
1422 2134 1548 2217 pliciter
1571 2133 1764 2200 delectatum
1786 2137 1909 2202 carnali
1931 2149 1964 2202 et
1985 2148 2121 2204 externo
2143 2140 2245 2206 cultu.
2291 2141 2383 2206 Grata

397 2224 522 2295 uiderat
548 2223 729 2290 benedictio
748 2225 837 2302 ista,
863 2224 1022 2300 Crescite,
1044 2234 1104 2287 etc.
1128 2222 1263 2288 Rectius
1284 2221 1370 2308 (mec
1421 2230 1529 2286 autem
1553 2221 1669 2286 habuit
1690 2221 1747 2286 illa
1769 2222 1866 2306 primi
1889 2223 2010 2290 saeculi
2033 2225 2201 2292 sacrificia.
2237 2224 2381 2308 Sequitur

396 2309 530 2395 indicio)
552 2309 706 2388 dicemus,
728 2331 827 2392 quum
850 2311 885 2374 in
909 2307 1123 2392 primogenito
1145 2317 1264 2373 testata
1285 2318 1371 2374 esset
1420 2328 1498 2391 ergo
1520 2307 1733 2390 spiritualiter
1755 2307 1803 2372 illi
1826 2308 1925 2374 fuisse
1943 2308 2065 2374 oblata:
2089 2311 2150 2376 hoc
2172 2321 2232 2388 ost,
2256 2333 2319 2377 ncn
2340 2312 2381 2374 in·

395 2395 493 2460 Hsva
515 2393 670 2478 gaudium
693 2395 780 2478 quod
803 2409 936 2478 repente
958 2395 1134 2471 affulserat,
1159 2406 1191 2460 ot
1214 2395 1275 2460 Dei
1297 2416 1371 2477 gra·
1421 2391 1762 2458 anibnscaeremoniis
1782 2393 1896 2460 lusisse
1914 2405 2174 2478 sanctospatres,
2196 2399 2255 2462 sed
2274 2395 2383 2480 aliquid

395 2480 692 2554 tiamcelebrasset
711 2491 824 2565 postea
840 2483 875 2546 in
894 2482 1114 2564 attemperes,
1132 2480 1165 2544 in
1178 2482 1368 2546 memoriam
1420 2478 1703 2560 comprehendisse
1732 2479 1830 2545 altius
1860 2491 1894 2544 et
1927 2482 2031 2564 magis
2064 2482 2282 2548 reconditum:
2309 2485 2383 2566 quod

396 2565 529 2632 rediisse
556 2566 693 2632 humani
719 2566 848 2649 generis
876 2568 1031 2632 miserius.
1089 2565 1134 2630 Et
1170 2575 1256 2632 certe
1284 2587 1369 2632 nova
1420 2562 1542 2646 absque
1564 2564 1666 2629 verbo
1689 2586 1753 2630 non
1776 2575 1936 2646 poterant.
1977 2567 2055 2632 Sola
2077 2569 2164 2632 enim
2188 2579 2239 2632 est
2260 2569 2384 2633 interior
2486 2623 2487 2666 ἒ

397 2653 460 2718 Dei
483 2652 664 2718 benedictio
694 2675 759 2716 non
790 2653 934 2736 vulgaris
963 2652 1106 2716 laetitiae
1130 2652 1268 2716 materia
1289 2664 1367 2717 erat.
1419 2650 1551 2729 veritas,
1567 2671 1649 2733 quae
1666 2651 1701 2714 in
1713 2650 1816 2734 signis
1833 2653 1978 2718 externis
1990 2653 2137 2718 nativum
2156 2664 2189 2721 et
2199 2655 2384 2720 rationalem

397 2735 463 2803 Sed
486 2759 618 2804 rursum
641 2749 787 2820 posteros
804 2749 852 2803 tot
872 2739 967 2802 malis
986 2737 1120 2802 devotos
1138 2758 1276 2820 quorum
1298 2739 1369 2820 ipsa
1420 2735 1483 2801 Dei
1505 2735 1630 2801 cultum
1660 2756 1808 2802 aerasso
1841 2748 1874 2802 et
1894 2740 2117 2821 superstitioso
2146 2739 2309 2805 discernit.
2346 2739 2385 2802 lit

395 2835 596 2900 censuerat,
624 2825 693 2887 sine
720 2823 929 2890 acerbissimo
956 2823 1064 2888 dolore
1085 2823 1206 2888 intueri
1228 2844 1293 2887 non
1316 2845 1370 2906 po-
1420 2831 1597 2886 cartonen
1627 2822 1724 2888 aliter
1751 2833 1902 2906 poteraut
1929 2824 2056 2890 sincere
2085 2825 2230 2890 animum
2255 2826 2385 2890 adiicere

397 2910 474 2975 tuit:
495 2911 566 2975 eius
588 2930 667 2993 ergo
686 2909 838 2976 tristitiae
855 2920 1103 2974 monumentum
1123 2919 1251 2974 exstare
1265 2908 1369 2974 voluit
1420 2905 1462 2972 ad
1486 2907 1593 2972 Deum
1611 2907 1792 2984 colendum,
1814 2929 1910 2990 quam
1930 2906 1970 2974 de
1987 2909 2058 2976 eius
2075 2910 2303 2976 benevolentia
2321 2910 2383 2975 red·

395 2995 430 3061 iu
453 2996 587 3060 nomine
615 2994 750 3062 secundi
773 2994 830 3060 filii
853 3005 885 3060 ct
910 3015 1082 3061 commune
1106 2994 1275 3079 speculum
1298 3015 1369 3078 prc-
1421 2992 1481 3056 diti
1509 2993 1678 3060 certiores:
1714 2995 1790 3077 quia
1825 3015 1867 3059 ex
1901 3015 1999 3062 sensu
2029 2996 2213 3079 fiduciaque
2241 2997 2384 3063 bonitatis
2417 2991 2422 3004 '

395 3100 532 3164 ponere,
568 3101 631 3162 quc
665 3091 768 3146 totam
797 3081 988 3166 progeniem
1020 3079 1183 3146 humanae
1212 3081 1369 3146 vanitatis
1421 3078 1491 3144 eius
1528 3079 1717 3144 voluntaria
1754 3081 1938 3146 reverentia
1970 3083 2133 3146 nescitur:
2168 3092 2285 3148 contra
2315 3103 2385 3147 vero

395 3164 593 3232 admoneret.
652 3166 749 3247 Quod
783 3179 1030 3250 praeposterum
1059 3166 1176 3232 Horae
1212 3165 1369 3232 iudicium
1421 3163 1568 3247 quisquis
1597 3165 1690 3230 illum
1722 3165 1784 3230 sibi
1819 3166 1975 3232 infestum
2003 3168 2119 3245 scutit,
2146 3180 2239 3234 metu
2265 3171 2333 3250 ipso
2356 3177 2384 3232 et
2485 3209 2486 3216 κ

394 3251 547 3321 nonnulli
574 3261 706 3332 taxant,
741 3253 818 3335 qnia
850 3253 988 3334 probum
1022 3261 1056 3316 et
1085 3260 1234 3318 sanetum
1264 3252 1368 3317 filium
1421 3249 1557 3316 horrore
1586 3250 1628 3316 ad
1655 3251 1845 3336 fugiendum
1873 3253 2009 3332 cogitur.
2061 3253 2221 3320 Videmus
2251 3276 2327 3338 ergo
2354 3261 2385 3316 nt

394 3337 533 3402 alterius
556 3359 695 3421 nequam
716 3348 751 3404 st
771 3338 921 3404 scelerati
944 3339 1192 3420 comparatione,
1216 3337 1305 3402 velut
1323 3359 1370 3404 re-
1422 3337 1513 3402 Deus
1535 3338 1685 3402 arborem
1706 3337 1794 3402 vitae
1815 3337 1966 3421 eripiens,
1990 3339 2023 3403 in
2046 3360 2111 3421 qua
2131 3341 2276 3422 primum
2299 3339 2385 3405 dede·

392 3423 555 3490 ieetitium
579 3424 738 3502 habuerit,
762 3445 828 3490 non
850 3424 979 3507 recipie.
1024 3422 1135 3490 Habet
1157 3424 1244 3488 enim
1268 3424 1370 3489 Hera
1422 3423 1609 3505 ratgratiae
1631 3443 1708 3488 suae
1721 3424 1847 3506 pignus,
1870 3423 1942 3489 aliis
1964 3437 2074 3488 tumen
2089 3424 2196 3492 modis
2217 3427 2386 3510 propitium

395 3530 456 3576 cur
472 3508 533 3575 sibi
552 3509 586 3573 in
604 3511 820 3592 primogenito
843 3509 1041 3593 gratuletur:
1062 3508 1144 3574 nihil
1169 3523 1278 3574 autem
1297 3509 1370 3576 vitii
1422 3529 1457 3573 se
1479 3507 1666 3574 hominibus
1694 3518 1833 3574 testetur
1861 3529 1899 3576 ac
1928 3509 2078 3576 declaret.
2129 3510 2202 3577 lmo
2232 3510 2311 3577 dum
2338 3531 2386 3575 eos

395 3603 453 3672 est,
477 3594 563 3677 quod
585 3595 620 3658 in
638 3595 781 3661 secundo
792 3596 980 3660 memoriale
997 3595 1057 3662 sibi
1076 3606 1109 3660 et
1125 3593 1275 3660 omnibus
1297 3594 1370 3662 aliis
1422 3593 1482 3658 sibi
1505 3593 1638 3677 adoptat
1659 3594 1810 3674 cultores,
1833 3594 1930 3660 simul
1953 3595 1994 3660 ad
2017 3595 2156 3661 salutem
2180 3597 2310 3663 inritat.
2352 3594 2385 3662 Si

395 3681 515 3747 statuit
540 3681 690 3763 propriae
721 3681 894 3756 vanitatis,
923 3690 961 3746 nt
988 3701 1024 3746 se
1052 3680 1182 3747 assidua
1209 3681 1369 3746 malcrum
1421 3681 1493 3761 quis
1515 3680 1661 3758 obiiciat,
1690 3700 1751 3746 sua
1779 3681 1931 3764 gentibus
1954 3701 2082 3763 quoqne
2104 3682 2205 3748 fuisse
2227 3683 2385 3755 sacrificia,

396 3787 529 3832 suorum
552 3767 758 3849 reputatione
775 3777 959 3832 exerceant.
1421 3764 1538 3848 quibus
1556 3765 1646 3831 nulla
1668 3766 1799 3833 suberat
1828 3787 1913 3849 pura
1940 3777 1973 3832 et
1994 3767 2098 3833 solida
2118 3768 2248 3852 religio:
2277 3767 2385 3834 solutio

483 3851 526 3916 Et
545 3851 608 3932 fuit
628 3851 710 3917 seez
725 3857 845 3932 paster.
892 3851 1101 3917 Duxerintne
1123 3852 1218 3918 ambo
1240 3873 1369 3929 uxores,
1420 3851 1456 3914 in
1485 3865 1637 3935 promptu
1668 3861 1734 3928 est,
1764 3852 1964 3917 mentionem
1995 3853 2048 3920 hic
2071 3853 2111 3916 de
2132 3855 2301 3920 sacrificiis
2322 3853 2385 3918 fieri

397 3945 431 4001 st
455 3948 640 4020 separatam
668 3938 805 4019 quisque
832 3937 964 4003 domum
991 3936 1155 4016 habuerit,
1182 3959 1247 4003 non
1269 3939 1369 4004 refert
1421 3935 1576 4020 legitimis
1594 3938 1874 4020 etDecprobotis,
1892 3959 2028 4020 quornm
2049 3939 2237 4004 adulterina
2256 3939 2385 4004 imitatio

398 4019 512 4088 Moses.
547 4021 675 4089 Maneat
694 4024 867 4108 igiturhcc
885 4021 1166 4090 nobisineertum:
1186 4043 1369 4106 quanquam
1421 4033 1532 4105 postca
1557 4021 1598 4087 ad
1627 4034 1744 4108 gentes
1766 4023 1911 4090 defluxit.
1959 4023 2032 4089 Etsi
2054 4035 2162 4088 autem
2186 4025 2240 4090 hic
2262 4027 2386 4108 ponitur

397 4109 504 4191 magis
523 4107 688 4190 probabile
710 4119 769 4186 cst,
800 4107 885 4178 Cain
905 4109 1007 4175 fuisse
1029 4109 1239 4192 coniugatum
1262 4112 1369 4192 prius·
1420 4127 1539 4174 nomeu
1562 4121 1656 4184 nuto,
1679 4109 1763 4192 qnod
1786 4110 1915 4192 proprie
1938 4131 2057 4176 munus
2074 4109 2246 4191 significat,
2268 4121 2302 4175 st
2323 4109 2386 4175 ideo

397 4214 494 4276 quam
522 4195 657 4258 fratrem
685 4195 860 4274 occideret,
890 4195 966 4277 quia
992 4195 1090 4279 patulo
1119 4203 1191 4276 post
1219 4195 1371 4261 subiiciet
1422 4192 1462 4259 ad
1489 4194 1669 4260 oblationes
1697 4195 1857 4278 quaslibet
1878 4195 2075 4279 generaliter
2098 4196 2309 4261 extenditur:
2331 4194 2386 4261 ccl·

397 4280 523 4352 Moses,
553 4281 682 4364 cognita
703 4301 804 4346 uxore
826 4281 978 4363 genuisse
1001 4281 1133 4345 liberos:
1160 4279 1200 4345 de
1219 4281 1370 4366 coniugio
1419 4279 1521 4364 ligere
1543 4291 1653 4345 tamen
1674 4281 1757 4354 lieet.
1780 4280 1861 4346 duas
1880 4281 1921 4345 cb
1938 4299 2052 4346 causas
2073 4281 2114 4346 ab
2134 4281 2230 4347 initio
2248 4283 2387 4367 patribus
2483 4321 2484 4332 ι

400 4365 493 4430 nulla
514 4365 581 4432 illic
604 4367 736 4432 mentio.
781 4366 897 4432 Genus
919 4368 1007 4432 vitae
1029 4377 1177 4432 sanctum
1201 4387 1260 4449 per
1281 4389 1316 4432 se
1338 4375 1371 4434 ct
1421 4363 1533 4429 datum
1554 4366 1652 4432 fuisso
1669 4365 1873 4432 sacrifioandi
1892 4366 2095 4452 mandatum:
2116 4387 2235 4451 nempe
2252 4380 2291 4432 ut
2307 4387 2386 4432 ccm-

398 4451 562 4517 landabile
581 4461 717 4534 uterque
728 4465 885 4534 sequutus
907 4463 965 4518 est
995 4453 1117 4518 Terrae
1137 4453 1226 4516 enim
1242 4453 1371 4519 cultura
1422 4473 1521 4516 mune
1539 4461 1626 4518 esset
1643 4452 1774 4536 pictatis
1792 4452 1983 4518 exercitium
2002 4451 2079 4517 dum
2098 4473 2132 4518 se
2154 4454 2388 4537 profitebantur

398 4559 419 4602 a
441 4537 511 4602 Deo
534 4537 690 4602 mandata
710 4549 796 4602 erat:
828 4537 980 4620 pascendi
1003 4548 1111 4602 autem
1134 4539 1257 4621 pecoris
1280 4538 1371 4604 labor
1422 4535 1486 4602 Dei
1505 4557 1591 4617 esse,
1614 4559 1735 4622 suaque
1754 4539 1863 4602 omnia
1880 4537 1930 4602 illi
1947 4537 2093 4604 ferebant
2111 4551 2258 4622 accepta:
2277 4537 2388 4605 deinde

399 4644 465 4688 non
488 4624 599 4688 minus
621 4623 778 4690 honestus
799 4643 896 4705 qnam
920 4624 1023 4689 utilis:
1058 4635 1124 4688 tota
1142 4621 1281 4706 denique
1305 4626 1371 4690 vita
1422 4633 1459 4687 ut
1485 4625 1772 4690 commcnefierent
1800 4623 1986 4706 expiatione
2016 4624 2125 4706 aliqua
2155 4645 2237 4707 opus
2259 4645 2331 4690 esse
2351 4621 2387 4688 ad

399 4711 565 4774 rusticana
586 4709 722 4774 innoxia
743 4720 776 4775 ot
797 4709 947 4792 simplex,
974 4723 1008 4775 ct
1031 4706 1073 4773 ad
1096 4729 1210 4774 verum
1234 4721 1371 4777 naturae
1421 4729 1456 4774 ss
1479 4709 1551 4774 Dec
1572 4709 1838 4776 reconciliandos.
1873 4707 1970 4790 Quod
1988 4730 2030 4774 ex
2048 4709 2116 4776 suis
2135 4711 2272 4794 quisque
2293 4707 2387 4776 facul·

398 4793 546 4860 crdinem
575 4797 719 4860 maxime
747 4795 995 4862 accommodata.
1047 4794 1119 4860 Hoc
1144 4795 1244 4878 igitur
1266 4796 1370 4877 primo
1422 4794 1545 4860 tatibus
1573 4794 1694 4879 aliquid
1724 4795 1830 4870 offert,
1852 4795 1995 4861 solennis
2017 4808 2069 4860 est
2089 4797 2270 4880 gratiarum
2293 4797 2388 4862 actio:
2482 4841 2483 4848 ,

397 4879 584 4946 habendum
612 4879 698 4962 quod
727 4901 762 4946 ss
790 4881 886 4947 ambo
912 4881 1118 4948 exercuerint
1147 4882 1183 4944 in
1205 4880 1370 4947 laboribus
1421 4901 1459 4946 ac
1476 4881 1503 4944 si
1527 4889 1682 4948 testatum
1706 4883 1851 4948 lacerent
1872 4902 1915 4947 ex
1937 4903 1972 4946 rs
1996 4883 2168 4964 praesenti,
2192 4883 2263 4948 Dec
2284 4903 2322 4948 se
2341 4881 2389 4945 da

398 4965 469 5032 Deo
488 4965 638 5047 probatis,
659 4978 693 5030 ct
711 4966 752 5031 ad
763 4988 970 5032 communem
992 4966 1256 5032 vitaehumanae
1274 4988 1369 5033 usum
1418 4966 1495 5031 bere
1522 4967 1680 5051 quidquid
1708 4969 1840 5036 habent.
1891 4965 1958 5032 Sed
1986 4966 2148 5049 pecudum
2176 4969 2340 5044 mactatio,
2360 4975 2390 5030 et

398 5053 598 5118 necessariis.
649 5052 744 5120 Unde
773 5053 953 5135 colligitur,
981 5051 1080 5134 probe
1109 5073 1128 5116 a
1155 5063 1248 5134 putre
1270 5053 1370 5118 fuisse
1420 5053 1534 5118 effusio
1557 5054 1726 5137 sanguinis
1744 5051 1867 5136 aliquid
1884 5067 2053 5136 praeterea
2069 5053 2231 5118 continet:
2253 5065 2290 5119 ut
2312 5073 2390 5116 mor·

397 5137 574 5208 institutos.
630 5135 671 5202 Id
700 5137 819 5203 melius
852 5140 1024 5205 confirmat
1052 5137 1254 5202 sacrificandi
1276 5139 1369 5214 ritus,
1421 5151 1486 5202 tem
1505 5139 1628 5204 scilicet
1650 5151 1727 5206 ante
1745 5139 1855 5206 oculos
1872 5139 2023 5214 habeant,
2042 5149 2194 5204 ettamen
2207 5141 2390 5223 concipiant

398 5225 475 5306 quia
496 5234 637 5289 testatur
658 5223 758 5289 luisse
776 5227 973 5290 assuefactos
991 5223 1032 5288 ad
1050 5221 1114 5287 Dei
1132 5225 1265 5290 cultum.
1288 5225 1371 5290 Erat
1421 5224 1618 5307 propitiandi
1641 5224 1705 5291 Dei
1728 5223 1889 5292 fiduciam.
1923 5223 1976 5288 Do
1997 5225 2165 5292 sacrificiis
2186 5223 2280 5290 Adae
2303 5223 2391 5288 nuella

396 5308 498 5391 igitur
525 5309 596 5374 vita
618 5309 698 5374 Cain
727 5310 850 5393 optimc
872 5310 1070 5393 inspeciem
1092 5311 1282 5392 composita:
1319 5321 1368 5375 ut·
1422 5311 1461 5374 fit
1482 5311 1614 5376 mentio.
