5000 6208
397 431 460 498 311
1056 435 1427 505 COMMENTARIUS
1449 436 1499 502 IN
1521 433 1734 504 GENNSIN.
2318 435 2363 502 312

399 623 540 690 candum
558 622 762 708 spectabant:
785 624 867 690 haee
888 633 1005 706 autem,
1028 624 1149 691 vulnus
1172 632 1276 692 morte
1297 625 1370 709 ipsa
1421 625 1618 690 inflammat:
1652 645 1717 689 ιιι
1743 631 1852 689 tamen
1879 621 2062 691 extrinseco
2089 623 2230 708 impulsu
2253 621 2363 689 ferimur

399 709 497 794 longe
519 710 665 794 acerbius
681 709 812 776 inflixit.
850 708 1047 794 Quanquam
1063 710 1118 777 hic
1136 712 1229 777 nobis
1245 709 1369 795 aliquid
1418 709 1463 774 ad
1488 709 1700 794 peccandum:
1734 709 1791 776 sed
1819 730 1879 775 nos
1908 727 1983 775 caro
2016 719 2128 776 nostra
2159 709 2322 788 sollicitat,
2341 719 2363 774 et

399 795 505 860 maius
525 803 558 860 et
580 795 679 862 altius
704 804 842 879 paterno
872 795 980 863 dolore
1003 804 1036 862 ιι
1057 798 1201 863 ιιιιιιιι
1223 797 1370 864 conside·
1421 796 1492 863 eius
1523 794 1685 862 illecebris
1718 801 1835 880 sponte
1867 794 2084 879 obsequimur.
2131 795 2246 879 Neque
2276 802 2363 860 ιιιιι

398 879 537 948 ιιιιιιι
571 889 636 962 ιιι,
674 881 730 964 qui
762 903 803 948 ex
835 880 897 946 lilii
933 883 1021 948 unici
1059 889 1163 949 morte
1195 890 1371 968 conceptus
1419 879 1502 947 illud
1518 881 1626 948 obstat
1647 882 1820 965 quominus
1841 882 1940 945 etiam
1957 879 2050 947 Deus
2067 900 2127 946 suo
2143 879 2240 947 modo
2262 888 2364 946 ιιιιιι

399 966 504 1031 saneti
525 965 591 1032 viri
618 976 732 1050 pectus
759 967 943 1034 transfodit.
976 967 1096 1034 ‘Triste
1118 967 1168 1033 illi
1189 967 1254 1033 init
1275 969 1370 1034 unico
1421 988 1482 1033 uos
1504 965 1646 1032 dicatur:
1669 967 1756 1033 sieut
1774 965 1940 1032 Abraham
1963 969 2112 1044 tentavit,
2135 966 2196 1033 hoe
2214 974 2265 1032 est
2285 965 2364 1031 add·

399 1051 466 1116 filio
506 1052 644 1135 privari:
684 1052 811 1118 tristius
849 1054 932 1136 eripi
972 1052 1034 1119 sibi
1072 1053 1219 1120 violenta
1251 1062 1370 1119 morte:
1421 1053 1471 1118 xit
1493 1052 1535 1117 ad
1563 1053 1686 1119 serium
1716 1073 1871 1130 examen,
1905 1060 1942 1117 ut
1969 1052 2044 1118 fidei
2073 1051 2328 1135 experimentum
2342 1052 2365 1116 in

399 1134 597 1222 longorem
619 1137 845 1216 durissimum,
879 1139 1033 1204 constitui
1056 1139 1164 1223 ipsum
1186 1139 1371 1205 carnificem
1422 1151 1518 1204 servo
1539 1159 1599 1203 suo
1621 1145 1761 1221 caperet.

400 1223 456 1306 qui
488 1225 619 1306 propria
651 1243 750 1288 manu
783 1244 858 1288 eum
889 1231 1055 1290 mactaret.
1108 1223 1199 1291 Alias
1232 1224 1371 1291 circum·
1507 1223 1606 1290 Dicit
1635 1223 1678 1288 od
1708 1243 1787 1288 eom.
1831 1219 1982 1371 Speciem
2017 1223 2206 1288 tentationis
2239 1221 2366 1306 designat

400 1309 541 1374 stantiae
574 1331 660 1376 nunc
693 1309 807 1374 omitto
838 1331 918 1393 quas
951 1309 1019 1375 suis
1056 1309 1136 1377 locis
1176 1311 1370 1376 notabimus.
1422 1309 1540 1388 Moses,
1563 1307 1649 1394 quod
1665 1307 1790 1375 seilicet
1807 1329 1865 1374 ver
1886 1307 1966 1373 isui
1984 1305 2082 1373 fidem
2099 1308 2134 1373 in
2151 1317 2265 1374 sancta
2281 1309 2368 1373 anina

402 1393 528 1460 Verum
561 1393 642 1461 haec
674 1396 783 1460 omnia
822 1395 850 1460 si
882 1416 955 1460 eum
995 1395 1161 1479 spirituali
1193 1395 1371 1463 certamine
1422 1395 1585 1461 contrario
1617 1395 1708 1462 verbi
1741 1396 1793 1460 sui
1825 1393 1926 1459 ariete
1964 1394 2150 1478 perculerit.
2193 1392 2273 1459 Ideo
2302 1394 2368 1459 enin

402 1480 635 1558 conscientiae,
666 1479 750 1564 quod
777 1481 950 1561 sustinuit,
980 1481 1141 1560 conferas,
1174 1480 1265 1546 lusus
1294 1487 1373 1546 sunt
1422 1482 1555 1546 nomine
1575 1481 1685 1563 ipsum
1707 1478 1893 1563 compellat,
1922 1499 1963 1544 ne
1985 1478 2158 1564 ambiguus
2181 1481 2224 1544 sit
2244 1480 2368 1545 mandati

402 1563 565 1630 duntaxat
591 1564 645 1631 vel
672 1565 864 1632 umbratiles
893 1587 1031 1652 pugnae.
1074 1565 1188 1649 Neque
1210 1567 1297 1631 enim
1319 1586 1372 1631 or·
1423 1576 1527 1630 autor.
1570 1564 1643 1631 Nisi
1666 1566 1754 1630 enim
1776 1574 1865 1631 corto
1887 1585 2062 1648 persuasus
2083 1565 2200 1631 fuisset
2220 1564 2368 1630 Abrabam

402 1650 486 1718 bitae
504 1650 554 1715 illi
572 1671 631 1717 sua
654 1650 798 1735 lugenda
821 1652 893 1730 luit,
915 1651 1002 1735 quod
1023 1651 1170 1719 occidere
1198 1651 1373 1717 iubebatur
1423 1671 1536 1717 vocem
1565 1671 1637 1717 esse
1659 1649 1739 1729 Dei,
1767 1672 1849 1734 quae
1878 1650 1982 1716 lilium
2004 1649 2097 1717 Isaac
2119 1649 2223 1717 cecidi
2250 1649 2369 1730 iubebat

400 1735 537 1802 unicum
554 1737 727 1802 haeredem
745 1757 835 1820 spem
854 1739 1029 1803 memoriae
1045 1745 1079 1803 et
1099 1738 1251 1821 nominis,
1274 1735 1373 1802 decus
1423 1737 1516 1802 facile
1533 1737 1661 1802 solutus
1679 1735 1795 1802 luisset
1812 1735 1975 1802 molestia:
1993 1735 2098 1802 fretus
2116 1737 2202 1800 enim
2220 1745 2307 1801 certa
2322 1737 2367 1802 Ilei

403 1829 436 1886 ct
456 1822 604 1887 columen
633 1823 789 1887 familiae:
820 1821 877 1888 aed
907 1823 982 1905 quia
1004 1823 1040 1887 iu
1062 1824 1132 1888 eius
1154 1843 1293 1908 persona
1314 1843 1371 1888 ex·
1416 1823 1645 1906 promissione,
1664 1819 1910 1905 quasiSatanae
1927 1821 2087 1887 fallaciam
2105 1821 2321 1905 repudiasset:
2338 1823 2369 1887 ita

403 1907 525 1992 stingui
547 1919 580 1972 et
602 1909 709 1992 perire
732 1907 903 1973 videbatur
926 1917 995 1973 tota
1023 1907 1137 1983 mundi
1159 1909 1258 1974 salus.
1302 1908 1372 1973 Neo
1423 1908 1513 1972 nullo
1534 1909 1664 2057 negotio
1686 1908 1834 1973 discussa
1854 1907 1990 1972 tentatio
2012 1908 2134 1972 luisset.
2170 1906 2267 1974 Nunc
2282 1906 2369 1972 omnis

401 1991 449 2057 illi
470 2001 636 2058 certamen
654 2002 725 2058 erat
742 2013 816 2058 oum
834 1994 941 2059 carnis
958 1993 1173 2077 passionibus,
1195 1992 1252 2059 sed
1270 2014 1371 2076 quum
1423 1992 1607 2076 ambigeni
1639 1993 1778 2058 materia
1816 1992 1956 2069 tollitur,
1996 2000 2036 2056 ιι
2067 1993 2138 2058 ιιιι
2167 1993 2369 2058 controversia

401 2085 507 2143 totum
529 2099 564 2144 se
587 2077 736 2143 addicere
759 2080 830 2145 Deo
851 2089 997 2163 cuperet,
1019 2079 1091 2163 ipsa
1113 2097 1189 2145 eum
1212 2079 1316 2161 pietas
1338 2088 1371 2144 et
1422 2086 1577 2163 agnoscat
1609 2079 1776 2144 oraculum
1804 2097 1875 2144 esse
1903 2078 1968 2143 Dei
1994 2077 2080 2160 quod
2108 2077 2207 2144 audit.
2259 2078 2370 2144 Interea

402 2163 516 2248 religio
536 2163 601 2230 huc
622 2163 702 2229 illuc
730 2163 941 2230 distrahebat.
986 2165 1071 2230 Nam
1094 2165 1186 2248 quasi
1206 2165 1298 2230 Deus
1319 2184 1370 2229 se·
1420 2164 1513 2229 Deus
1541 2161 1777 2248 quodammodo
1805 2163 1967 2248 duplicem
1995 2163 2103 2229 induit
2130 2182 2317 2246 personam,
2346 2173 2370 2228 ut

402 2270 478 2315 cum
508 2251 578 2332 ipse
606 2257 738 2334 pugnet,
769 2271 907 2335 puerum
929 2249 971 2316 ad
992 2258 1132 2317 mortem
1152 2248 1305 2334 postulat,
1334 2251 1371 2313 in
1421 2249 1547 2316 dissidii
1565 2258 1598 2315 et
1621 2250 1857 2334 repugnantiae
1878 2250 2002 2333 speeie,
2032 2269 2129 2332 quam
2152 2250 2189 2315 in
2213 2250 2311 2315 verbo
2327 2269 2370 2314 suo

400 2355 464 2418 quo
493 2356 585 2418 spem
618 2344 769 2400 aeternae
798 2335 914 2402 salutis
942 2337 1120 2420 proposuit.
1163 2335 1280 2418 Itaque
1310 2335 1371 2401 hoc
1420 2335 1661 2418 praesefert,
1691 2334 1823 2401 diducat
1845 2343 1879 2400 ct
1905 2334 2025 2401 laceret
2053 2335 2158 2399 sancti
2179 2334 2243 2400 viri
2264 2343 2370 2418 peetus.

399 2423 561 2503 posterius
600 2421 790 2486 mandatum
828 2420 960 2504 quidam
993 2429 1063 2487 erat
1094 2421 1170 2487 fidei
1209 2421 1370 2486 interitus.
1420 2420 1512 2486 Haeo
1535 2422 1624 2486 enim
1642 2420 1683 2487 ad
1701 2420 1871 2486 levandam
1896 2421 2113 2486 constantiam
2133 2420 2207 2486 fidei
2225 2423 2319 2486 unica
2333 2429 2371 2485 est

400 2505 500 2572 Hunc
532 2506 687 2572 historiae
720 2507 901 2590 praesentis
933 2515 1067 2592 gustum
1094 2507 1271 2574 lectoribus
1299 2505 1370 2571 dari
1420 2507 1522 2586 ratio,
1546 2506 1573 2572 ιι
1596 2527 1709 2573 omues
1729 2527 1845 2572 sensus
1868 2515 1994 2572 nostros
2015 2505 2058 2570 ad
2081 2505 2144 2571 Dei
2166 2507 2301 2572 verbum
2320 2503 2372 2572 eol·

399 2590 480 2656 utile
502 2591 572 2670 fuit,
595 2602 633 2656 ut
654 2601 807 2675 reputent
827 2601 1027 2677 quantopere
1048 2591 1162 2658 sedula
1184 2600 1218 2657 et
1236 2591 1369 2658 assidua
1421 2591 1572 2677 ligamus.
1617 2592 1718 2676 Atqui
1742 2591 1817 2656 talis
1844 2591 1905 2656 fuit
1934 2600 2013 2656 tuno
2042 2591 2134 2658 verbi
2162 2590 2370 2676 discrepantia

401 2675 612 2742 meditatione
635 2674 735 2762 digna
752 2677 805 2743 sit.
1421 2697 1504 2760 quae
1520 2677 1617 2743 fidem
1637 2676 1789 2743 Abrabae
1810 2676 1977 2742 laceraret.
2013 2676 2124 2758 Quare
2140 2697 2262 2762 magna
2279 2675 2372 2742 subest

487 2761 563 2828 Post
588 2761 662 2828 toa
693 2763 822 2828 ιιιιιιιι
840 2760 929 2828 Dete
951 2763 1123 2829 Abrabam.
1167 2762 1243 2830 Non
1273 2763 1369 2830 debet
1420 2761 1587 2846 emphasis
1616 2764 1714 2828 verbo
1741 2762 1910 2847 loquendi,
1938 2762 2023 2846 quod
2052 2764 2144 2827 Deua
2172 2761 2295 2830 seilicet
2319 2783 2372 2826 ιιι

398 2845 462 2913 hoc
494 2848 648 2930 restringi
681 2847 722 2914 ad
755 2847 903 2914 ultimam
934 2848 1108 2915 visionem:
1149 2850 1229 2932 quin
1260 2850 1368 2932 potius
1420 2848 1540 2914 usitato
1562 2848 1657 2915 modo
1678 2848 1858 2932 perieulum
1876 2846 1990 2914 fecerit
2008 2846 2048 2913 de
2068 2848 2133 2914 tide
2151 2849 2310 2926 Abrabae,
2326 2845 2373 2912 ιιι

398 2933 508 2998 varios
541 2927 696 3013 ev'entus,
735 2933 852 3016 quibus
884 2952 1014 3000 sursum
1048 2934 1198 3000 deorsum
1229 2935 1369 3002 iactatus
1420 2934 1455 2998 in
1488 2941 1654 2999 certamen
1687 2955 1761 3001 eum
1794 2934 1894 3000 verbo
1926 2953 1986 3000 ιιι
2020 2935 2166 2999 traxerit.
2222 2932 2373 3018 Quidquid

401 3018 507 3083 suerat
528 3016 711 3084 Abraham:
741 3027 775 3083 ιι
802 3040 916 3085 rursus
942 3017 1040 3103 paolo
1069 3018 1262 3102 quietiorem
1278 3021 1369 3086 vitae
1421 3019 1638 3085 tentationum
1659 3020 1753 3085 nobis
1774 3019 1950 3104 ingeritur,
1973 3020 2094 3085 seimus
2117 3021 2151 3085 in
2174 3040 2275 3085 manu
2295 3018 2374 3084 uobis

399 3111 537 3183 statum,
568 3123 632 3187 quo
659 3123 763 3187 nuper
784 3105 881 3188 potiri
903 3105 1009 3189 eoepit
1034 3104 1150 3171 effoeta
1171 3106 1236 3170 iam
1258 3127 1369 3172 sence-
1420 3124 1492 3170 esse
1511 3104 1694 3186 victoriam,
1716 3105 1871 3188 quamdiu
1888 3106 1984 3170 firma
2000 3104 2152 3172 instructi
2172 3105 2239 3170 fide
2259 3121 2373 3171 sumus:

398 3195 479 3268 tute,
499 3188 668 3273 complecti
687 3211 752 3255 uno
774 3191 873 3257 verbo
895 3190 1006 3257 Moses
1027 3191 1138 3257 voluit.
1172 3191 1363 3257 Instabilem
1421 3190 1517 3255 aliter
1538 3210 1617 3256 vero
1637 3190 1677 3256 ad
1706 3190 1924 3256 resistendum
1947 3211 2007 3256 nos
2033 3190 2169 3256 minime
2196 3210 2289 3274 pares
2307 3191 2374 3254 lore.

401 3275 501 3339 vitam
523 3295 582 3355 per
603 3275 757 3341 continua
785 3275 901 3341 exsilia
924 3285 1037 3360 egerat
1060 3296 1163 3360 usque
1180 3275 1222 3342 ad
1239 3297 1362 3343 aunum
1422 3274 1460 3343 Si
1484 3275 1591 3342 ablato
1614 3276 1705 3342 verbi
1726 3275 1835 3360 gladio
1858 3275 1935 3342 victi
1964 3297 2094 3356 snmus,
2126 3276 2205 3360 quid
2226 3277 2254 3342 si
2275 3274 2375 3340 eodem

399 3361 648 3444 octogesimum:
671 3361 785 3426 multis
814 3361 1021 3427 contumeliis
1048 3361 1242 3446 iniuriisque
1269 3383 1369 3427 vexa·
1420 3381 1485 3444 quo
1508 3383 1566 3428 uos
1588 3381 1716 3427 armare
1737 3361 1829 3440 solet,
1852 3361 1960 3447 gladio
1981 3361 2119 3445 impetat
2140 3361 2255 3428 Deus?
2276 3360 2307 3426 id
2325 3381 2377 3425 au-

399 3455 468 3523 tus,
508 3466 607 3530 aegre
636 3445 672 3510 in
705 3447 860 3513 continua
898 3447 1113 3532 trepidatione
1145 3449 1298 3512 miseram
1332 3469 1370 3514 ιι
1421 3461 1486 3511 tem
1515 3446 1652 3532 contigit
1685 3446 1847 3513 Abrahae.
1898 3446 2072 3513 (laetarum
2108 3447 2267 3531 quomodo
2299 3447 2377 3512 hane

400 3531 574 3598 sollicitam
604 3531 705 3596 vitam
734 3532 945 3600 toleraverat:
976 3531 1016 3599 ab
1038 3554 1076 3598 ea
1098 3534 1241 3598 terrain
1271 3553 1369 3616 quam
1420 3532 1635 3597 tentationem
1657 3531 1722 3598 fide
1744 3533 1904 3600 eluctatus
1927 3533 1971 3598 sit
1990 3533 2174 3613 Abraham,
2197 3541 2306 3618 postea
2324 3551 2376 3597 suo

400 3637 435 3684 se
452 3614 517 3682 Dei
539 3619 630 3682 iussu
649 3627 681 3682 ιι
702 3618 855 3706 auspiciis
877 3619 1069 3698 contulerat,
1091 3640 1165 3686 eum
1183 3618 1217 3684 ιι
1237 3621 1370 3704 Aegyp·
1420 3618 1490 3685 loeo
1512 3617 1705 3684 videbimus.

401 3711 469 3767 tum
498 3703 668 3786 expulerat
699 3704 813 3770 fames.
857 3705 917 3770 Bis
937 3704 985 3768 illi
1005 3726 1089 3770 uxor
1110 3714 1206 3789 rapta
1224 3705 1370 3770 fuerate
1507 3703 1693 3785 Rapouctt:
1713 3703 1792 3770 Ecce
1807 3724 1868 3788 eqo.
1912 3703 2001 3769 Hinc
2019 3713 2155 3787 apparet
2175 3715 2318 3770 sanetum
2333 3702 2374 3766 ιι-

401 3788 493 3854 siun:
516 3787 665 3854 divulsus
686 3789 793 3855 luerat
813 3811 833 3855 a
855 3799 986 3874 nepote:
1007 3810 1080 3856 eum
1103 3791 1220 3874 capitis
1241 3791 1292 3856 sui
1313 3811 1369 3873 pe-
1420 3811 1495 3854 rum
1527 3789 1664 3854 minime
1697 3789 1758 3856 sibi
1791 3811 1811 3854 a
1839 3788 1983 3855 Satanae
2014 3791 2199 3874 praestigiis
2231 3789 2374 3854 timuisse.

401 3873 505 3939 riculo
522 3893 625 3957 quum
644 3873 728 3941 bello
746 3883 860 3959 captus
883 3884 977 3956 esset,
998 3874 1203 3941 liberaverat.
1239 3874 1370 3941 Sterilis
1421 3876 1534 3958 Neque
1563 3875 1651 3939 euim
1680 3876 1726 3941 sic
1758 3875 1903 3959 prompti
1931 3873 2077 3940 suntad
2109 3876 2289 3958 parendum
2315 3875 2374 3937 Deo

401 3959 530 4025 vixerat
559 3979 633 4024 cum
662 3981 780 4038 uxore,
814 3982 912 4044 quum
940 3968 1051 4026 tamen
1074 3969 1141 4026 tota
1162 3963 1232 4027 eius
1254 3982 1370 4045 spese
1420 3960 1543 4040 fideles,
1565 3969 1603 4025 ut
1623 3961 1726 4026 stulta
1744 3981 1799 4027 eos
1820 3959 1996 4026 credulitas
2014 3960 2056 4026 ad
2073 3961 2253 4044 quamlibet
2273 3959 2375 4024 dubiae

401 4043 511 4111 sobole
531 4044 698 4129 penderet.
743 4047 889 4111 'Pandam
911 4045 1014 4112 lilium
1038 4045 1190 4131 adeptus,
1212 4047 1369 4112 exhaere-
1421 4047 1555 4112 visionis
1582 4064 1696 4112 auram
1728 4047 1944 4112 circumierat.
1989 4044 2101 4128 Quum
2129 4068 2209 4113 vero
2238 4045 2375 4111 Abrahae

401 4130 480 4196 dare
500 4141 531 4194 ιι
549 4131 660 4214 procul
678 4131 773 4196 domo
791 4133 954 4216 expellere
976 4139 1104 4199 coactus
1126 4133 1241 4198 luerat.
1274 4133 1369 4198 Resi-
1421 4140 1585 4198 constaret
1613 4151 1632 4194 a
1659 4133 1730 4196 Deo
1759 4153 1794 4198 se
1823 4133 1946 4211 vocari,
1974 4141 2162 4214 promptum
2192 4126 2376 4215 obsequendi

401 4216 485 4282 duus
514 4217 667 4284 manebat
688 4216 794 4294 Isaac,
818 4218 984 4303 singulare
1006 4218 1135 4301 quidem
1157 4217 1213 4283 sed
1236 4219 1370 4284 unicum
1421 4217 1565 4282 studium
1595 4217 1656 4284 hoc
1684 4238 1837 4301 responso
1865 4224 2004 4283 testatus
2025 4225 2085 4283 ιιι.
2129 4215 2272 4283 Perinde
2299 4215 2376 4281 enim

400 4301 568 4368 solatium:
598 4323 678 4386 paee
707 4302 793 4369 domi
821 4304 1005 4370 fruebatur:
1035 4324 1123 4370 nune
1152 4313 1285 4386 repente
1306 4303 1370 4368 ful·
1421 4303 1511 4368 valet
1543 4301 1622 4369 haec
1651 4301 1799 4386 loquutio
1834 4323 1871 4368 ao
1907 4305 1935 4368 si
1961 4301 2098 4380 diceret,
2131 4303 2288 4388 quidquid
2315 4299 2376 4364 Deo

401 4389 505 4452 minat
527 4407 545 4452 e
567 4388 656 4454 coelo
677 4388 770 4453 Deus
792 4389 858 4454 lilio
880 4398 1017 4455 mortem
1040 4388 1249 4456 denuncians.
1285 4387 1369 4456 Seu·
1420 4389 1592 4472 iniungere
1624 4388 1770 4468 libuerit,
1803 4409 1838 4454 ιι
1867 4387 1908 4453 ιι
1930 4387 1963 4454 ιι
1997 4388 2239 4470 exsequendum
2261 4393 2377 4472 praesto

400 4495 457 4539 sus
469 4482 519 4538 est
535 4474 645 4558 igitur,
664 4473 725 4539 hac
744 4477 932 4554 tentatione,
950 4482 1105 4557 tauquam
1125 4484 1275 4540 extremo
1287 4485 1370 4554 actu,
1422 4472 1544 4539 adesse.
1590 4473 1658 4540 Nee
1681 4495 1759 4540 vero
1788 4480 1955 4558 exspectet
1981 4472 2058 4539 dum
2080 4472 2142 4541 boe
2164 4473 2218 4540 vel
2238 4471 2316 4538 illud
2336 4469 2376 4533 ιι-

399 4559 498 4644 longe
518 4560 665 4626 severius
683 4581 782 4643 quam
800 4568 897 4626 antea
915 4559 1083 4645 probatam
1102 4560 1201 4625 fnisse
1217 4558 1372 4626 Abrahae
1421 4567 1508 4625 serta
1529 4561 1668 4643 imperet
1689 4558 1793 4640 Deus,
1816 4560 1871 4626 sed
1894 4580 1930 4624 ιι
1951 4557 1992 4623 ιι
2015 4559 2125 4624 omnia
2146 4559 2332 4643 simpliciter
2350 4561 2377 4618 ct

398 4643 509 4712 fidem.
1421 4646 1492 4711 sine
1521 4647 1710 4730 exceptione
1740 4644 1944 4711 obedientem
1969 4644 2037 4710 lore
2066 4645 2236 4728 promittit.
2280 4647 2377 4723 Atque

503 4730 644 4795 Tacitoali
664 4728 756 4796 Deua
778 4729 949 4796 Abrohom.
995 4729 1085 4796 Dum
1115 4740 1213 4815 negat
1235 4730 1370 4797 Iacobus
1422 4730 1501 4797 haec
1518 4752 1598 4796 vera
1620 4730 1751 4797 demum
1770 4741 1820 4796 est
1836 4731 2002 4808 subiectio,
2025 4729 2103 4796 dum
2123 4731 2214 4814 prius
2232 4728 2271 4795 ad
2289 4747 2376 4812 agen·

401 4812 444 4900 (1,
468 4812 522 4901 13)
544 4836 729 4898 quenquam
752 4837 771 4880 a
795 4817 866 4881 Deo
887 4818 1024 4894 tentari,
1053 4818 1227 4901 sacrilegas
1257 4839 1371 4882 eorum
1422 4814 1501 4880 dom
1523 4818 1628 4900 parati
1651 4838 1763 4882 sumus
1789 4837 1886 4900 quam
1914 4817 2045 4900 cognita
2067 4817 2111 4881 sit
2133 4817 2226 4881 uobis
2247 4815 2308 4880 Dei
2328 4831 2376 4876 vo·

400 4899 582 4965 calumnias
604 4901 739 4980 refellit,
768 4903 822 4984 qui
844 4911 883 4966 ut
904 4903 1065 4968 malorum
1087 4923 1221 4968 suorum
1242 4903 1371 4985 eulpam
1422 4903 1540 4966 luntas.
1585 4900 1710 4968 Omnes
1733 4901 1863 4986 quidem
1886 4901 2034 4967 videmus
2054 4901 2141 4967 idem
2163 4901 2283 4966 iactare
2303 4891 2377 4991 quod

401 5004 421 5049 a
448 5005 483 5050 se
513 4985 677 5066 derivant,
708 4989 815 5052 Deum
849 4988 1045 5053 substituere
1075 5009 1168 5053 reum
1201 4997 1370 5054 conantur.
1422 4988 1607 5066 Abrabam,
1635 4987 1692 5054 sed
1715 4986 1768 5053 ubi
1791 4987 1831 5053 ad
1855 5008 1924 5053 rem
1946 4996 2084 5053 ventum
2106 4997 2169 5066 est,
2192 4988 2300 5070 iugum
2321 4981 2376 5045 Del

400 5069 488 5135 Vere
511 5092 588 5155 ergo
610 5070 775 5138 contendit
796 5071 933 5139 Iacobus
956 5096 1021 5138 non
1042 5072 1158 5138 debere
1179 5074 1242 5139 alio
1265 5083 1370 5140 trans·
1419 5072 1579 5158 refugere.
1616 5072 1681 5140 Sed
1699 5082 1832 5140 sanctus
1849 5073 1901 5141 vir
1918 5074 2015 5157 paulo
2032 5082 2106 5156 post
2124 5073 2242 5155 reipsa
2258 5071 2376 5134 demon·

400 5157 478 5221 ferri
500 5167 647 5240 peccata,
677 5179 815 5241 quorum
845 5160 987 5225 radicem
1014 5159 1171 5225 babemus
1192 5160 1227 5224 in
1250 5159 1371 5224 nostris
1420 5169 1504 5224 strat
1533 5179 1627 5242 quam
1656 5179 1733 5225 vere
1761 5168 1794 5225 et
1821 5160 1905 5226 serio
1938 5159 2103 5242 professus
2133 5159 2177 5222 sit
2207 5179 2241 5223 ιι
2267 5155 2375 5235 absquo

399 5243 679 5326 concupiscentiis.
724 5245 809 5308 Nam
831 5245 892 5309 etsi
922 5265 1085 5310 venenum
1107 5265 1200 5310 suum
1231 5244 1371 5309 instillat
1421 5266 1512 5310 mora
1534 5254 1567 5310 et
1588 5242 1820 5329 disceptatione
1842 5246 1902 5311 sub
1925 5244 1988 5310 Dei
2010 5265 2111 5310 manu
2132 5243 2210 5310 lore.

402 5326 523 5408 Satan,
550 5338 583 5392 et
611 5329 678 5394 suis
700 5328 837 5394 flabellis
859 5351 977 5412 pravas
999 5332 1033 5395 in
1056 5330 1148 5395 nobis
1176 5329 1370 5414 cupiditates
1506 5331 1536 5396 2.
1562 5330 1646 5396 Tolle
1673 5351 1756 5396 navve
1780 5331 1883 5413 filium
1914 5335 2011 5396 boma.
2055 5330 2194 5396 Iubetur
2222 5325 2372 5394 Abraham
