5000 6208
140 430 194 497 313
780 427 1151 499 COMMENTARIUS
1173 431 1223 499 IN
1246 431 1459 499 GENESIN.
2048 433 2115 499 314

137 621 231 688 hlium
254 618 432 684 immolare.
477 614 514 684 si
537 617 629 682 Deus
650 623 779 683 tantum
802 615 938 684 dixisset
959 619 1096 684 moritu·
1147 640 1212 704 qno
1238 619 1338 685 semel
1368 640 1442 686 eum
1464 619 1557 686 Deus
1585 619 1773 703 eomplaxns
1804 620 1923 699 tuerat,
1952 620 2116 687 mordiens

136 727 216 785 rum,
244 705 417 800 plusquam
447 703 600 769 atrociter
628 703 776 768 animum
798 703 867 770 eins
894 704 1097 771 vulnerasset
1146 706 1298 785 retinuit,
1329 714 1361 772 et
1383 707 1453 771 eins
1474 705 1638 789 potentiae
1667 703 1804 772 subieoit
1830 725 2050 790 quaeoumque
2073 705 2115 772 ad

136 793 183 858 hio
203 789 353 856 nuuoius.
392 787 558 871 Quidquid
580 789 668 856 enim
690 790 815 874 gratim
836 788 945 856 aDeo
966 811 1097 875 sperare
1147 791 1344 857 turbandum
1361 793 1430 857 eius
1449 792 1593 856 animum
1611 791 1757 876 erigebat
1775 789 1887 858 Satan.
1922 791 2117 858 Promissio-

173 875 248 956 tuit,
278 877 314 940 iu
336 875 398 942 hae
420 875 489 941 sola
517 874 732 957 promissione
761 875 922 941 inclusum
951 885 1035 942 erat:
1055 875 1097 942 Iu
1146 878 1197 944 nis
1219 897 1294 942 vero
1315 875 1498 961 implendae
1520 874 1652 943 modum
1671 897 1770 942 seusu
1788 898 1847 943 suo
1868 877 1977 943 metiri
1999 877 2113 958 noluit,

151 983 219 1029 saao
243 960 411 1028 vooabitur
432 959 493 1026 tihi
514 981 635 1026 semen.
679 958 777 1026 Unde
805 963 986 1028 ueoossario
1008 961 1097 1028 oolli-
1168 983 1241 1028 uem
1265 963 1387 1029 soiebat
1408 963 1448 1028 ab
1471 961 1788 1046 ineomprehensibili
1807 962 1870 1028 Dei
1892 965 2014 1029 virtute
2035 985 2114 1048 pau·

134 1049 233 1134 gebat,
252 1054 389 1112 suamet
406 1046 507 1111 totius
526 1045 661 1110 humani
678 1045 807 1131 generis
824 1045 961 1114 salutem
979 1049 1095 1131 perire,
1146 983 1231 1113 gere.
1275 1049 1393 1114 Restat
1413 1057 1451 1113 ιιι
1475 1047 1516 1112 ad
1545 1067 1580 1114 se
1609 1049 1831 1132 uuusquisque
1857 1056 2021 1127 nostrum,
2052 1048 2113 1115 hoo

133 1135 189 1200 uisi
206 1133 299 1200 Isaeo
317 1142 463 1197 maneret
485 1131 672 1198 incolumis:
695 1150 772 1198 uam
790 1153 827 1198 oo
844 1131 945 1199 verbo
963 1133 1096 1200 edootus
1145 1132 1334 1216 exemplum
1352 1132 1579 1201 aooommodat.
1609 1133 1764 1218 Indulget
1781 1132 1912 1217 quidem
1928 1133 2114 1200 infirmitati

134 1228 211 1296 arat,
244 1219 354 1284 Deum
386 1218 457 1284 siue
489 1215 667 1282 mediatore
698 1237 765 1282 nou
798 1238 869 1284 esse
908 1218 1096 1285 hominibus
1145 1234 1276 1285 nostrae
1297 1219 1477 1298 Dominus,
1499 1226 1538 1285 ut
1559 1218 1658 1285 fidem
1680 1229 1825 1285 nostram
1848 1240 1914 1284 non
1935 1220 1982 1285 ita
2002 1240 2114 1286 severe

132 1304 312 1390 propitium.
348 1303 423 1369 Etsi
444 1303 531 1367 enim
551 1301 632 1368 illud
649 1303 747 1368 Pauli
768 1302 915 1368 nondum
937 1306 1095 1388 seriptum
1145 1313 1178 1371 ot
1199 1305 1320 1372 aeriter
1348 1305 1528 1370 examinet:
1558 1305 1787 1372 dooumentnm
1818 1313 1925 1370 tamen
1956 1306 1991 1370 iu
2020 1317 2114 1390 patre

132 1403 204 1466 orat,
228 1409 342 1454 omnes
359 1390 423 1455 Dei
441 1389 672 1473 promissiones
689 1389 724 1452 iu
743 1387 876 1455 Christo
894 1410 966 1455 esse
983 1391 1094 1455 Etiam
1145 1392 1290 1456 omnium
1309 1390 1455 1456 fidelium
1472 1388 1568 1456 edere
1585 1390 1688 1456 voluit
1705 1411 1769 1473 quo
1780 1410 1840 1456 uos
1851 1390 1893 1456 ad
1910 1412 2114 1458 eommunem

131 1488 161 1543 et
177 1479 284 1542 Amen
305 1475 348 1560 (2.
367 1475 442 1540 (lor.
463 1474 491 1555 l,
513 1472 584 1560 20):
607 1483 679 1540 erat
699 1483 810 1540 tamen
833 1472 922 1541 oordi
940 1476 1094 1542 Abrahae
1144 1475 1222 1542 fidei
1250 1477 1474 1560 probationem
1502 1485 1642 1543 voearet.
1686 1475 1771 1541 Nam
1798 1475 1897 1542 fidem
1927 1497 2010 1560 quae
2035 1497 2115 1543 auro

130 1562 332 1646 insonlptum.
377 1558 473 1628 Unde
502 1569 612 1626 antem
641 1568 804 1644 sperasset
825 1561 890 1626 uisi
912 1582 954 1627 ex
975 1559 1092 1628 Isaeo?
1144 1571 1177 1627 et
1199 1571 1336 1647 argento
1364 1561 1534 1645 pretiosior
1560 1571 1624 1640 ast,
1658 1562 1730 1628 sina
1757 1562 1947 1645 probatione
1975 1563 2113 1628 otiosam

129 1649 175 1713 Eo
194 1647 304 1732 igitur·
319 1665 373 1712 res
394 1645 510 1712 oeoidit
531 1652 570 1711 ut
591 1651 749 1728 appareat
765 1644 875 1712 Deum
893 1647 978 1712 nihil
995 1668 1093 1732 quam
1144 1648 1250 1714 iaoere
1272 1669 1338 1713 non
1360 1647 1466 1713 deoat:
1488 1655 1522 1714 et
1543 1647 1745 1731 experientia
1762 1647 1865 1728 dooet,
1887 1647 2036 1733 singulos
2053 1668 2112 1732 pro

129 1734 249 1800 lusisse.
287 1733 394 1816 Atque
416 1751 482 1797 nou
504 1740 634 1797 tantum
650 1731 701 1797 illi
723 1733 896 1797 nunoiatnr
917 1754 1005 1800 mors
1023 1733 1092 1813 filii,
1144 1733 1222 1799 fidei
1243 1752 1320 1799 suae
1349 1732 1482 1799 modulo
1504 1753 1524 1797 a
1545 1733 1617 1798 Deo
1646 1732 1837 1799 examinari.
1883 1731 1989 1800 Simul
2013 1735 2112 1802 etiam

128 1819 180 1886 sod
212 1817 344 1884 iubetur
376 1837 449 1883 enm
483 1837 544 1882 sua
575 1837 677 1882 maun
708 1817 867 1884 oooidere:
902 1839 940 1884 ao
968 1819 997 1886 ei
1027 1840 1092 1885 non
1143 1827 1293 1885 notemus
1321 1817 1430 1884 Deum
1458 1837 1571 1886 servos
1600 1839 1676 1884 snos
1708 1825 1853 1898 tentare,
1885 1839 1951 1884 nou
1983 1827 2113 1885 tantum

128 1904 219 1970 modo
248 1903 414 1982 abiioeret,
443 1901 500 1968 sed
529 1902 755 1970 oousoinderet
782 1903 837 1969 vel
866 1903 1037 1988 proiioeret
1058 1905 1092 1970 iu
1143 1925 1243 1989 quum
1265 1904 1387 1989 subigit
1408 1905 1515 1970 earnis
1534 1905 1680 1984 effeetus,
1703 1902 1761 1970 sed
1777 1923 1889 1971 omnes
1907 1925 2019 1970 eornm
2037 1924 2113 1970 sen·

127 1991 233 2075 ignem
254 1988 371 2056 salutis
397 2008 475 2055 snae
499 1988 739 2074 syngrapham:
768 2009 805 2056 so
827 1989 912 2054 nihil
932 1990 994 2057 sihi
1016 1989 1092 2056 reli·
1143 2010 1199 2056 sus
1220 1989 1342 2074 redigit
1358 1991 1393 2054 in
1414 1989 1565 2069 nihilum,
1588 1997 1626 2056 ut
1642 1989 1684 2055 ad
1705 1990 1838 2074 plenam
1855 1989 1908 2056 sui
1924 1990 2113 2076 abnegatio-

127 2096 224 2162 qunm
247 2075 369 2141 faeeret
385 2081 514 2158 praeter
533 2083 674 2141 mortem
693 2083 725 2140 et
742 2074 874 2141 inferos.
910 2074 977 2142 Sed
995 2096 1092 2161 quae·
1143 2097 1219 2142 nem
1241 2096 1297 2141 eos
1317 2074 1466 2141 adduoat.

127 2165 207 2228 riter
232 2159 394 2245 quomodo
425 2159 506 2228 duos
527 2159 591 2225 fide
613 2160 654 2226 ad
676 2160 736 2226 filii
758 2160 1013 2227 immolationem
1037 2162 1091 2228 de·
1235 2161 1369 2228 Uaioma
1394 2165 1482 2226 tuam
1506 2179 1597 2243 quem
1624 2159 1771 2226 deleniat.
1817 2159 1919 2240 Quasi
1942 2181 2008 2226 non
2031 2162 2111 2228 satis

126 2246 295 2326 soenderit,
316 2264 417 2330 quum
434 2245 482 2310 illi
500 2247 703 2329 propositum
719 2254 806 2312 esset
823 2253 937 2314 eontra
954 2247 1092 2313 verbum
1141 2254 1229 2313 esset
1256 2246 1316 2312 filii
1344 2247 1573 2312 maotationem
1594 2267 1661 2312 uno
1686 2244 1788 2312 verbo
1815 2245 1994 2330 imperare,
2023 2246 2113 2312 velut

124 2332 185 2398 Dei
207 2339 391 2410 oertameu,
418 2335 471 2396 oni
499 2331 599 2397 fidam
625 2331 723 2397 inuiti
746 2352 877 2399 uaoassa
899 2343 959 2399 est.
1003 2333 1091 2401 Huio
1142 2333 1291 2417 repetitis
1312 2332 1429 2399 iotibus
1451 2333 1554 2399 saneti
1571 2332 1635 2398 viri
1653 2332 1798 2397 animum
1815 2331 1912 2398 altius
1934 2334 2109 2418 transfigit.

124 2418 303 2503 quaestioni
331 2416 507 2500 respondet
532 2416 711 2500 apostolus,
734 2417 818 2485 Heb.
850 2418 907 2499 11,
937 2419 988 2498 19,
1018 2419 1092 2485 ideo
1142 2419 1284 2486 Unioum
1313 2417 1479 2496 vooando,
1506 2417 1628 2484 vulnus
1656 2415 1788 2484 refrioat
1818 2436 1925 2500 nuper
1945 2418 2110 2484 infliotnm

124 2526 186 2570 uon
207 2504 310 2569 fuisse
329 2522 349 2567 a
370 2502 469 2569 verbo
491 2500 678 2585 abreptum,
708 2504 785 2587 qnia
805 2502 916 2569 Deum
945 2505 1092 2588 speravit
1143 2505 1278 2571 alterius
1299 2501 1513 2570 abdinatioue:
1544 2501 1661 2570 deiude
1690 2502 1822 2585 respioit
1844 2504 1942 2568 etiam
1964 2505 1999 2568 in
2022 2505 2111 2569 futu·

123 2611 162 2656 ex
205 2587 346 2656 mortuis
389 2587 553 2654 oineribus
596 2589 788 2672 promissam
830 2585 1091 2657 benedietionsm
1142 2611 1217 2656 rum
1239 2599 1377 2672 tempus,
1400 2589 1485 2672 quod
1507 2589 1600 2654 nulla
1620 2609 1694 2672 spes
1716 2587 1835 2658 sobolis
1855 2588 2040 2673 gignendae
2061 2611 2114 2655 su·

122 2695 214 2760 posse
236 2675 389 2741 exaitare.
428 2673 566 2741 Duriter
587 2673 718 2757 quidem
736 2674 807 2740 eius
827 2677 973 2741 animum
995 2696 1091 2759 quas·
1142 2684 1268 2760 perstas
1296 2684 1390 2741 osset.
1442 2673 1479 2740 Si
1512 2673 1721 2759 primogeniti
1751 2673 1810 2740 filii
1842 2673 1991 2740 lnotuosa
2022 2695 2111 2741 mors

122 2763 185 2827 sari
207 2769 242 2827 et
264 2760 425 2827 violenter
445 2759 578 2842 pereelli
600 2760 754 2842 oportuit,
777 2781 878 2845 quum
899 2763 992 2828 intus
1014 2781 1091 2827 oon-
1142 2783 1213 2828 asse
1234 2761 1332 2840 solet,
1352 2760 1456 2843 qualis
1478 2781 1548 2826 esse
1570 2758 1683 2825 debuit
1704 2759 1857 2824 Abrahae
1880 2759 2009 2826 luotus'f
2033 2758 2111 2826 Sin·

121 2847 274 2931 fligarent
298 2845 362 2910 Dei
395 2845 585 2911 mandatum
614 2856 647 2910 et
677 2846 857 2929 promissio.
909 2845 976 2913 Sed
1002 2854 1091 2932 post·
1142 2847 1220 2933 gula
1240 2847 1343 2912 verba
1363 2866 1446 2930 quae
1474 2853 1671 2929 sequnntur,
1694 2843 1878 2929 emphatioa
1901 2845 2036 2911 suntad
2054 2867 2111 2911 ex·

122 2952 219 3016 quam
254 2931 384 3009 statuit,
414 2931 523 2997 Deum
554 2950 694 3015 quonum
726 2931 789 2998 sibi
821 2934 991 3018 negotium
1019 2953 1091 2999 esee
1142 2931 1359 3017 asperandum
1383 2929 1537 2997 dolorem.
1585 2930 1701 3011 Oooide,
1722 2931 1836 3014 inquit,
1858 2950 1948 3014 quaa
1968 2935 2002 2996 tu
2023 2933 2113 2998 unice

121 3027 229 3085 oertus
246 3025 327 3098 erat,
344 3019 450 3100 ipsum
468 3016 530 3082 sibi
547 3037 614 3084 uon
629 3037 723 3100 posse
741 3018 924 3084 adversari:
942 3018 1092 3103 quamvis
1143 3038 1250 3084 omos:
1277 3037 1338 3083 neo
1365 3023 1539 3101 paternum
1569 3015 1663 3082 modo
1692 3015 2025 3100 amorem’designat,
2054 3017 2111 3084 aed

122 3124 187 3170 nou
205 3104 318 3171 statim
336 3101 470 3167 modum
493 3103 639 3168 inveniat
659 3102 822 3169 tollendae
843 3105 1090 3188 repugnantiae,
1141 3104 1199 3187 qui
1220 3125 1261 3170 ex
1282 3102 1347 3169 fide
1368 3102 1543 3169 oriebatur.
1589 3099 1730 3167 Amabat
1758 3101 1865 3168 filium
1886 3121 1983 3168 suum
2004 3103 2111 3168 Abra·

120 3197 315 3274 sputamen
340 3208 401 3253 sua
427 3187 578 3253 aonoiliat
605 3208 681 3254 oum
710 3189 924 3273 promissione
956 3189 1091 3256 manda·
1142 3189 1235 3270 ham,
1265 3209 1333 3254 uon
1355 3195 1485 3254 tantum
1506 3197 1545 3254 nt
1565 3187 1629 3254 fert
1655 3195 1789 3268 natura,
1818 3194 1851 3252 et
1878 3187 1977 3287 vulgo
2005 3187 2110 3254 solent

120 3287 206 3341 tum:
242 3275 318 3358 quia
344 3272 479 3339 indubie
511 3294 686 3358 persuasus
714 3273 825 3340 Deum
852 3295 923 3341 esse
951 3274 1090 3354 fidelem,
1142 3283 1253 3360 patras
1274 3274 1360 3340 tilios
1389 3273 1510 3340 habere
1531 3275 1566 3339 iu
1595 3273 1732 3354 delitiis,
1760 3271 1818 3338 sed
1840 3273 1924 3356 quia⁴
1937 3294 1972 3337 rn
1995 3294 2033 3339 eo
2052 3295 2110 3359 pa·

119 3361 189 3426 eius
210 3359 437 3444 providentiae
458 3359 615 3443 relinquit
635 3377 820 3426 suooessum
838 3381 934 3444 quem
951 3362 1091 3446 ignorat.
1142 3369 1273 3426 ternum
1290 3359 1354 3424 Dei
1375 3380 1519 3424 amorem
1539 3358 1744 3424 intuebatur:
1767 3358 1907 3442 deniqne
1929 3368 2000 3424 erat
2016 3359 2110 3426 Isaeo

118 3447 254 3512 interea
285 3446 378 3528 quasi
410 3444 513 3511 oonlis
544 3445 678 3522 olausis,
718 3446 826 3531 pergit
857 3466 919 3530 quo
950 3447 1091 3513 iubetur.
1141 3447 1229 3514 vitae
1246 3455 1397 3510 aeternae
1407 3444 1586 3530 opsonium,
1604 3445 1804 3511 othonorum
1823 3445 1969 3509 omnium
1979 3445 2108 3530 pignus.

118 3532 220 3598 Hune
250 3531 406 3598 honorem
434 3539 580 3595 meretur
606 3531 669 3596 Dei
699 3531 837 3612 verims,
865 3552 932 3596 nou
960 3539 1091 3598 tautum
1141 3530 1251 3613 Quare
1272 3551 1339 3597 non
1361 3531 1485 3597 tamin
1515 3539 1689 3614 paternum
1710 3530 1865 3596 Abrahae
1893 3550 2037 3595 amorem
2059 3532 2110 3596 vi·

117 3626 156 3682 nt
178 3618 249 3683 alte
270 3617 412 3682 emineat
432 3636 532 3699 supra
553 3615 698 3682 humana
720 3615 835 3695 media,
857 3617 910 3682 vel
929 3617 999 3684 sola
1019 3617 1091 3685 abs·
1141 3617 1237 3684 detur
1258 3618 1349 3682 Deus
1374 3617 1533 3701 impetum
1554 3615 1672 3694 faeere,
1697 3636 1795 3700 quam
1816 3635 1908 3681 suam
1929 3615 2032 3699 ipsius
2053 3615 2108 3682 be·

117 3723 182 3786 que
205 3702 325 3769 mediis
347 3701 504 3779 suffioiat,
532 3701 590 3767 sed
612 3703 711 3768 etiam
733 3708 772 3768 nt
792 3703 967 3769 obstaoulis
985 3704 1090 3768 omui·
1140 3703 1361 3768 nevoleutiam
1394 3703 1518 3768 paleare
1574 3701 1695 3768 edibus.
1751 3702 1826 3767 Non
1858 3701 1967 3766 minor
1998 3699 2109 3767 subest

115 3789 179 3855 bus
203 3789 250 3854 sit
271 3787 425 3870 superior.
469 3787 535 3854 Hio
557 3787 622 3852 iam
644 3787 763 3853 melius
782 3789 999 3874 perspicimus
1020 3809 1091 3873 spe·
1140 3787 1304 3872 emphasis
1326 3789 1360 3852 in
1382 3787 1514 3854 nomine
1554 3807 1628 3853 saao
1656 3807 1719 3870 quo
1747 3785 1983 3853 admonebatur
2003 3786 2108 3853 Abra·

117 3875 201 3940 aiem
230 3873 423 3939 tentationis
452 3893 547 3957 qnam
577 3872 703 3939 uomvit
724 3873 844 3939 Moses.
888 3874 1031 3941 Difficile
1052 3896 1090 3942 ao
1139 3873 1220 3939 ham'
1246 3893 1406 3957 nusquam
1437 3873 1512 3939 alibi
1546 3871 1701 3956 gaudium
1731 3871 1793 3938 sibi
1825 3878 1958 3937 restare.
2009 3873 2107 3938 Oerta

115 3959 296 4026 molestum
317 3957 467 4024 Abrahae
488 3957 560 4037 fuit,
583 3958 739 4034 oblivisoi‚
762 3981 797 4026 se
814 3981 886 4026 esse
908 3971 1035 4043 patrem
1053 3981 1091 4027 ao
1140 3980 1240 4043 quum
1264 3959 1410 4024 aufertur
1426 3959 1480 4041 qni
1498 3958 1534 4022 in
1556 3959 1725 4023 materiam
1748 3957 1890 4022 laetitiae
1911 3957 2006 4023 datus
2025 3966 2106 4041 erat,

114 4046 289 4124 maritum,
311 4051 344 4108 et
366 4063 485 4109 exuere
505 4065 620 4110 omues
641 4044 783 4112 hominis
805 4045 957 4124 effeetus,
980 4045 1091 4111 subire
1139 4043 1274 4129 perinde
1295 4051 1345 4109 est
1366 4065 1404 4110 ao
1425 4042 1563 4109 siDeus
1584 4046 1692 4126 ipsum
1714 4041 1755 4108 ad
1776 4052 1924 4108 aeternos
1944 4044 2106 4110 orooiatns

113 4149 227 4198 eoram
251 4128 374 4196 mundo
396 4127 507 4194 foedae
535 4130 689 4196 saevitae
710 4131 892 4210 infamiam,
921 4131 1007 4215 quod
1029 4132 1091 4198 filii
1140 4131 1320 4196 damnaret.
1373 4128 1510 4212 Semper
1541 4131 1628 4194 euim
1656 4129 1813 4194 memoria
1841 4128 2015 4194 tenendum
2046 4137 2104 4210 est,

114 4217 267 4282 carnifex
286 4215 416 4280 fnisset:
439 4214 496 4280 sed
517 4214 605 4280 istud
628 4216 769 4282 alterum
786 4217 883 4301 longe
905 4219 1039 4302 gravius
1056 4224 1091 4283 et
1139 4237 1206 4281 nou
1228 4216 1327 4281 fluisse
1349 4214 1444 4280 Isaao
1464 4235 1508 4280 ex
1528 4215 1695 4281 eommuni
1722 4213 1864 4280 filiorum
1892 4213 2021 4294 ordine,
2048 4214 2105 4281 sed

113 4303 224 4388 magis
243 4299 415 4378 horribile,
449 4301 535 4382 quod
557 4301 666 4366 Deum
686 4301 748 4384 sibi
770 4323 808 4368 ao
829 4304 930 4370 verbo
951 4325 1011 4369 suo
1032 4302 1089 4369 ad·
1138 4303 1174 4367 iu
1197 4303 1287 4368 ouius
1310 4320 1448 4386 persona
1470 4301 1649 4382 promissus
1668 4308 1740 4365 erat
1762 4297 1931 4364 mediator.

113 4409 252 4454 versum
275 4407 346 4452 esse
366 4385 521 4469 oonoipit:
552 4385 669 4452 deinde
691 4387 776 4471 quod
798 4409 889 4473 spem
910 4389 1090 4474 promissae
1232 4386 1319 4453 Vade
1334 4388 1370 4451 ia
1386 4391 1502 4452 mom
1519 4384 1656 4451 Moriob.
1692 4385 1766 4451 Hae
1781 4385 2026 4451 oironmstautia
2042 4407 2105 4452 uon

112 4471 357 4538 benediotionis
386 4472 496 4538 oxouti
525 4472 587 4538 sihi
608 4473 729 4556 cogitat
751 4469 835 4539 dnm‘
851 4494 893 4540 ex
917 4473 1090 4558 eomplsxn
1138 4493 1253 4556 parum
1272 4473 1376 4537 erevit
1393 4471 1512 4537 doloris
1534 4471 1701 4537 aoerbitas.
1736 4469 1812 4535 Non
1829 4469 1902 4536 vult
1921 4491 1993 4535 auru
2013 4468 2107 4538 Deus

112 4561 248 4644 rapitur
265 4559 367 4625 Isaae.
403 4555 492 4638 Quid
511 4559 600 4623 euim
619 4558 667 4622 illi
688 4559 828 4641 amplius
849 4581 925 4626 oum
943 4561 1015 4626 Deo
1032 4560 1089 4625 ubi
1138 4559 1250 4625 statim
1267 4557 1327 4623 filii
1348 4557 1544 4624 maotatioue
1567 4556 1711 4640 defungi,
1733 4556 1790 4621 sed
1807 4555 1894 4637 eogit
1911 4563 1980 4620 toto
1998 4556 2107 4623 triduo

110 4645 246 4710 tollitur
268 4645 401 4710 uuioum
419 4644 543 4728 gratias
561 4643 702 4728 pignus?
728 4643 791 4710 Sed
815 4643 1088 4728 quemadmodum
1138 4644 1358 4710 earnifioiuam
1379 4643 1475 4708 istam
1494 4643 1528 4706 in
1548 4641 1657 4706 animo
1679 4640 1780 4706 alera:
1804 4649 1842 4704 ut
1858 4662 1892 4705 se
1914 4661 2107 4724 eomparans

111 4733 208 4815 prius
232 4750 345 4797 semen
368 4751 409 4795 ex
432 4729 547 4794 effoeto
565 4750 699 4813 oorpore
721 4751 779 4796 suo
801 4750 844 4795 ex
903 4739 1006 4808 otaus,
1031 4752 1088 4816 spe
1138 4729 1178 4795 ad
1208 4727 1415 4794 montaudum
1447 4726 1568 4806 filium,
1598 4747 1713 4792 seusus
1742 4745 1856 4791 omnes
1877 4746 1952 4791 suos
1974 4728 2108 4810 gravius

111 4838 173 4884 sua
202 4814 471 4882 transscenderet
499 4815 584 4897 qnod
605 4814 801 4898 sperandum
824 4817 857 4881 vi
880 4816 1007 4882 ebatur:
1040 4818 1090 4883 ita
1138 4816 1354 4881 exoamifioet.
1399 4811 1494 4880 Adde
1515 4812 1601 4897 quod
1622 4832 1726 4895 neque
1750 4810 1857 4877 looum
1879 4812 2030 4877 nominat
2050 4814 2106 4879 ubi

110 4925 205 4970 nuno
230 4901 309 4967 dum
331 4902 367 4966 in
388 4911 492 4966 morte
514 4901 572 4965 filii
595 4900 810 4985 apprehendit
838 4901 1000 4968 vivifioam
1022 4900 1088 4966 Dei
1139 4901 1246 4966 dirum
1269 4899 1349 4964 illud
1376 4898 1571 4966 saoriiioium
1601 4896 1711 4962 offerri
1733 4896 1822 4962 velit.
1847 4965 1850 4972 ,
1876 4896 1980 4978 Super
2008 4919 2107 4964 anam

109 4989 318 5073 potentiam,
346 4996 384 5052 ιιι
411 4986 666 5052 benedictionem
690 4987 750 5050 sihi
773 5008 813 5050 ex
840 4987 898 5051 filii
925 4987 1088 5053 oinerihus
1137 4988 1286 5052 montium
1318 4983 1448 5072 (inquit)
1481 5005 1569 5066 quea
1600 4983 1657 5048 tibi
1695 4983 1862 5049 ostendam.
1919 4980 1974 5048 Sio
2006 4985 2107 5068 prius,

108 5076 306 5160 promittat,
335 5094 377 5139 ex
399 5073 588 5139 tentationis
616 5070 803 5156 labyrintho
833 5073 984 5158 emergit:
1010 5093 1087 5137 uam
1137 5091 1239 5154 quum
1260 5069 1394 5136 iubebat
1420 5092 1461 5135 ex
1491 5069 1597 5153 patria
1623 5068 1781 5153 migrare,
1815 5087 2006 5150 suspensam
2036 5070 2106 5136 eius

108 5173 149 5226 ut
172 5161 252 5226 Deo
274 5167 417 5242 pareret,
444 5156 606 5223 mordiens
626 5157 876 5240 promissionem
897 5168 1009 5223 tenere
1031 5179 1087 5222 ne-
1136 5167 1280 5221 mentem
1302 5156 1417 5221 tenuit.
1462 5155 1503 5219 Iu
1524 5155 1585 5220 hoo
1607 5162 1716 5219 autem
1743 5154 1872 5237 negotio
1895 5153 2003 5218 minus
2025 5154 2106 5220 tole·

110 5265 206 5312 oesse
240 5244 316 5322 fuit,
350 5265 415 5329 qua
446 5242 589 5325 collapsa
620 5241 741 5309 exoidit
767 5243 857 5310 fidas.
909 5243 1087 5310 Promissio
1137 5241 1249 5307 rabilis
1283 5242 1346 5306 fuit
1379 5262 1485 5322 mora,
1518 5259 1601 5325 quae
1633 5246 1781 5304 sanetum
1814 5237 1978 5304 homiuem
2012 5241 2105 5322 quasi

108 5343 229 5399 autem
262 5328 347 5413 apud
368 5351 441 5395 aum
465 5348 594 5411 semper
622 5327 742 5412 viguit:
772 5329 904 5413 quinat
932 5340 1085 5410 amorem,
1137 5327 1273 5410 equuleo
1305 5328 1491 5412 impositum
1519 5326 1706 5391 saevissime
1739 5323 1919 5409 torquebat.
1972 5325 2105 5408 Duplex
