4988 6192
364 427 429 494 411
1020 422 1390 492 COMMENTARIUS
1413 424 1462 490 IN
1485 423 1698 491 GRNRSIN.
2290 423 2355 488 472

365 615 443 680 ficet
464 614 544 678 adeo
567 631 771 676 numerosam
798 613 866 677 lore
888 613 957 677 eius
980 613 1131 692 sobolem,
1158 621 1195 678 ut
1222 613 1332 696 magni
1384 621 1436 678 tus
1466 611 1530 678 Dei
1568 612 1728 696 templum
1761 613 1797 678 in
1824 632 1887 696 quo
1914 611 2057 677 libamen
2085 611 2214 678 fuderat
2247 608 2350 676 Iacob.

365 701 463 764 unius
493 698 606 781 populi
634 717 752 780 corpus
780 706 813 764 et
844 719 960 763 nomen
984 697 1112 764 efficiat.
1159 697 1225 764 Sed
1247 697 1333 780 quod
1383 699 1495 782 Neque
1516 699 1604 764 enim
1626 719 1663 764 eo
1686 699 1798 766 venire
1826 699 2027 764 insenserat
2054 696 2227 762 habitandi
2248 715 2353 774 causa,

365 783 406 849 de
428 784 580 868 gentibus
602 785 757 865 sequitur,
781 785 886 850 videri
906 792 1017 867 posset
1039 783 1224 850 absurdum.
1247 785 1333 848 Nam
1383 785 1439 850 sed
1458 793 1494 850 ut
1511 785 1671 851 recentior
1688 784 1752 849 loci
1769 792 1959 867 conspectus
1979 783 2099 849 veteris
2116 780 2240 848 oraculi
2257 779 2354 846 fidem

364 871 393 936 01
415 869 456 934 ad
479 879 593 954 gentes
612 868 869 952 referreplaceat
891 889 974 952 quae
995 871 1140 953 gratuita
1162 870 1334 952 adoptione
1383 881 1570 950 renovaret,
1605 892 1642 936 ac
1669 870 1787 935 melius
1815 870 1966 936 sanciret.
2011 868 2101 934 Alibi
2129 869 2270 952 legimus
2299 889 2354 932 ex-

363 955 483 1020 insitae
513 965 591 1021 sunt
612 955 647 1018 in
670 976 773 1038 genus
796 954 966 1030 Abrahae,
990 957 1167 1039 impropria
1195 957 1257 1022 erit
1287 956 1333 1020 lo·
1384 967 1509 1022 structa
1532 958 1631 1021 fuisse
1649 977 1669 1021 a
1690 956 1812 1022 sanctis
1834 954 1982 1038 patribus
2003 956 2129 1034 altaria,
2153 955 2210 1019 ubi
2232 952 2353 1017 diutius

364 1042 495 1124 quatio:
520 1043 548 1106 si
569 1055 647 1106 vero
671 1040 710 1105 de
727 1041 929 1106 naturalibus
945 1041 1210 1126 filiisintelligas‚
1232 1041 1333 1106 male·
1384 1063 1516 1106 manere
1533 1043 1568 1106 in
1587 1043 1696 1106 animo
1715 1041 1892 1107 habebant:
1916 1039 1973 1106 sed
1995 1040 2059 1106 alia
2081 1048 2159 1106 tunc
2177 1039 2240 1104 fuit
2257 1038 2353 1103 ratio:

363 1125 460 1193 dictio
488 1128 597 1210 potius
626 1127 688 1190 erit
717 1147 814 1209 quam
837 1128 956 1210 gratia,
983 1127 1086 1192 scindi
1108 1127 1275 1193 eeclesiam
1298 1127 1334 1191 in
1384 1150 1459 1193 nam
1489 1149 1589 1211 quum
1618 1129 1751 1193 solenne
1779 1135 1891 1192 votum
1920 1127 1954 1190 in
1984 1125 2102 1192 Bethel
2136 1130 2355 1207 nuncupasset

362 1211 474 1296 plures
496 1213 640 1295 populos,
670 1212 760 1278 cuius
789 1213 877 1278 salus
904 1214 1030 1278 unitate
1061 1222 1196 1280 constat.
1247 1212 1333 1278 Mihi
1383 1214 1496 1290 Iacob,
1526 1215 1553 1278 si
1577 1233 1687 1295 sospes
1718 1212 1873 1278 reductus
1902 1213 2017 1277 fuisset
2038 1233 2058 1276 a
2079 1213 2236 1277 Domino:
2268 1229 2355 1274 nune

364 1319 441 1365 vero
477 1309 650 1380 utramque
677 1299 815 1380 gratiam
849 1299 981 1364 videtur
1014 1300 1202 1382 complexus
1236 1299 1334 1364 fnisse
1383 1300 1564 1384 gratiarum
1586 1299 1668 1365 actio
1691 1299 1731 1363 ah
1753 1320 1791 1363 eo
1814 1299 1972 1382 exigitur,
1994 1305 2168 1380 postquam
2189 1317 2266 1362 reus
2288 1295 2356 1360 veti

362 1383 527 1450 Dominus
549 1384 601 1448 his
622 1381 741 1448 verbis.
770 1384 854 1448 Nam
877 1405 976 1467 quum
999 1385 1060 1449 sub
1082 1383 1178 1450 Iosue
1200 1383 1333 1449 (1101100-
1383 1387 1487 1451 lactus
1510 1393 1568 1461 est,
1590 1393 1627 1449 ut
1649 1385 1862 1450 confirmatos
1885 1384 1948 1447 alio
1971 1391 2126 1448 trauseat.

363 1475 418 1536 tus
439 1470 502 1534 fuit
519 1469 657 1552 populus
679 1470 713 1533 in
737 1468 850 1547 tribus,
873 1471 966 1553 quasi
987 1471 1020 1535 in
1044 1470 1179 1534 totidem
1198 1471 1334 1553 populos
1471 1471 1520 1536 16.
1544 1469 1589 1535 Et
1605 1470 1737 1552 profecti
1758 1475 1831 1535 caat
1852 1469 1889 1534 oie
1910 1468 2028 1534 Betbel.
2072 1468 2234 1534 Videmus
2255 1487 2354 1549 quan-

363 1567 578 1639 propagatum
601 1554 664 1619 luit
686 1554 840 1620 Abrahae
870 1577 996 1621 semen:
1026 1577 1130 1639 neque
1158 1567 1267 1622 tamen
1295 1574 1333 1619 eo
1384 1565 1454 1621 tum
1489 1555 1609 1621 doloris
1640 1555 1761 1621 vulnus
1794 1555 1940 1619 attulerit
1972 1563 2085 1620 saneto
2113 1553 2212 1620 Iacob
2243 1561 2355 1634 raptus

362 1639 458 1707 modo
487 1641 626 1706 divisum
656 1641 718 1705 luit
746 1661 878 1724 corpus:
915 1641 988 1706 ideo
1021 1652 1154 1708 vocatur
1187 1642 1333 1725 gentium
1383 1642 1486 1721 filiae,
1519 1650 1675 1727 quantam
1707 1641 1840 1706 terroris
1870 1641 2043 1706 incusserit
2072 1640 2202 1706 crudele
2231 1639 2359 1703 facinus

363 1727 583 1810 congregatio,
607 1725 691 1807 quod
708 1726 764 1790 illa
783 1727 989 1792 distinctione
1007 1730 1135 1812 vigeret
1153 1735 1263 1792 tamen
1282 1748 1333 1791 sa·
1384 1728 1692 1794 duoramfilicrum:
1711 1749 1798 1792 nunc
1809 1735 1963 1791 texentur
1974 1727 2086 1792 variae
2104 1746 2223 1804 cruces,
2241 1722 2356 1806 quibus

363 1834 420 1880 cra
443 1815 561 1876 unitas.
613 1812 685 1877 Hoc
713 1833 839 1895 quoque
868 1813 910 1877 ad
938 1822 1052 1897 gentes
1080 1834 1146 1878 non
1168 1813 1254 1878 male
1276 1833 1334 1876 ex·
1384 1813 1521 1880 subinde
1542 1834 1601 1897 per
1623 1821 1722 1878 totam
1745 1821 1945 1878 senectutem
1968 1812 2093 1878 duriter
2120 1813 2259 1876 afflictus
2290 1810 2355 1886 luit,

364 1897 519 1974 tenditur,
542 1919 623 1980 qnae
642 1917 740 1980 quum
759 1899 849 1980 prius
862 1899 1025 1982 dispersae
1043 1900 1159 1978 forent,
1181 1900 1216 1962 in
1234 1917 1334 1964 unam
1385 1900 1485 1964 donec
1506 1900 1542 1963 in
1565 1902 1754 1983 Aegyptam
1775 1898 1940 1982 profectus
1962 1918 2080 1963 novom
2102 1897 2260 1962 laetitiam
2284 1915 2354 1960 eon-

364 1985 646 2067 congregationem
676 1983 753 2047 fidei
781 1984 913 2049 vineole
942 1985 1093 2050 collectae
1121 1995 1208 2051 sunt.
1260 1984 1335 2048 Etsi
1384 1986 1470 2068 cepit
1487 2007 1529 2050 ex
1547 1993 1722 2067 conspectu
1738 1984 1798 2048 lilii
1816 1983 1943 2067 Ioseph.
1978 1982 2046 2049 Sed
2067 1983 2125 2048 illa
2147 2004 2275 2066 quoque
2296 1983 2356 2047 fuit

364 2077 472 2134 autem
496 2069 674 2136 secundum
697 2089 828 2134 carnem
847 2091 914 2134 non
932 2069 1066 2135 luerunt
1087 2092 1128 2136 ex
1146 2070 1242 2136 Iacob
1260 2090 1334 2152 pro·
1384 2071 1580 2156 gravissima
1602 2071 1748 2146 tentatio,
1769 2081 1895 2134 eterra
1912 2069 2073 2152 promissa
2091 2069 2242 2136 exsulare
2260 2093 2358 2154 usqae

362 2155 504 2239 genitae,
532 2155 609 2237 qaia
638 2165 748 2220 tamen
774 2155 855 2220 fides
883 2175 970 2222 nova
997 2156 1063 2222 illis
1092 2157 1155 2220 fuit
1181 2154 1335 2222 nascendi
1386 2155 1427 2222 ad
1447 2165 1593 2220 mortem.
1639 2157 1736 2222 Nunc
1758 2155 1951 2221 describitur
1973 2176 2060 2220 mers
2081 2155 2218 2222 dilectae
2239 2159 2357 2236 uxoris,
2456 2233 2457 2240 ἵ

363 2241 464 2324 origo,
484 2240 597 2306 foedus
609 2252 716 2305 autem
736 2239 859 2320 salutis,
878 2241 962 2323 qnod
974 2242 1153 2324 spiritualis
1165 2242 1336 2325 geniturae
1386 2263 1482 2326 qaam
1513 2240 1611 2325 paulo
1640 2251 1713 2325 post
1742 2249 1894 2323 sequetur
1922 2241 2067 2306 incestos
2100 2242 2204 2307 coitus
2238 2244 2355 2325 primo·

364 2346 477 2391 semen
504 2335 570 2402 eet,
599 2326 737 2391 alacob
759 2322 911 2392 defluxit:
941 2328 1057 2392 merito
1083 2327 1195 2394 fideles
1223 2347 1336 2392 omnes
1387 2328 1489 2412 geniti
1512 2349 1585 2392 oum
1615 2348 1717 2392 uxore
1740 2327 1871 2392 Bilhah.
1916 2326 2021 2391 Paulo
2049 2335 2124 2409 post
2146 2326 2240 2393 Isaac
2268 2337 2357 2411 pater

364 2413 400 2477 in
419 2413 488 2476 eius
507 2412 582 2477 filiis
600 2420 783 2488 censentur,
802 2412 979 2478 secundum
997 2413 1089 2492 illud,
1107 2423 1234 2496 patrem
1252 2413 1336 2478 mul·
1386 2414 1436 2478 illi
1469 2414 1623 2478 moritur:
1658 2412 1775 2478 deinde
1807 2413 1946 2495 eripitur
1978 2411 2066 2476 filius
2095 2412 2230 2496 Ioseph,
2265 2435 2356 2496 quern

369 2506 476 2562 tarum
500 2497 648 2581 gentium
674 2499 830 2562 constitui
853 2507 894 2563 te.
1387 2507 1483 2583 putat
1505 2521 1525 2564 a
1547 2499 1615 2564 fera
1637 2499 1742 2565 bestia
1764 2497 1931 2582 laniatum.
1977 2499 2067 2562 Dum
2089 2507 2248 2581 perpetuo
2270 2500 2356 2565 luctu

453 2582 499 2647 Et
519 2604 604 2666 repes
625 2603 641 2648 c
661 2582 775 2648 tumbis
794 2585 859 2650 tais
875 2584 1075 2668 egredientur.
1104 2585 1178 2650 Hoc
1196 2585 1336 2667 proprie,
1388 2584 1623 2669 propemodum
1655 2583 1806 2664 tabescit,
1840 2585 1987 2649 exoritur
2019 2581 2138 2663 fames,
2172 2592 2209 2649 ut
2235 2586 2355 2651 victum

366 2688 440 2732 meo
473 2669 592 2736 iudicio
621 2668 662 2733 ad
690 2667 852 2736 Davidem
883 2671 1016 2753 eiusque
1052 2679 1196 2753 posteros
1222 2670 1338 2735 referri
1388 2680 1499 2755 petere
1522 2679 1657 2755 cogatur
1679 2691 1721 2734 ex
1742 2672 1904 2754 Aegypto.
1949 2668 2023 2735 Illic
2051 2669 2212 2734 retinetur
2232 2672 2265 2736 in
2288 2671 2357 2735 via-

367 2752 472 2820 debet.
502 2754 587 2819 Nam
610 2775 750 2840 regnum
773 2753 883 2821 Saulis
898 2757 968 2821 Deo
987 2756 1157 2839 probatum
1181 2755 1336 2830 nonfuit,
1388 2757 1470 2823 calis
1491 2757 1574 2822 alter
1596 2757 1699 2836 filius,
1733 2756 1834 2820 donec
1861 2755 1960 2820 etiam
1989 2754 2137 2836 privetur
2159 2776 2219 2820 suo
2241 2758 2356 2822 Benia·
2456 2795 2457 2804 .

365 2838 501 2922 ideoque
523 2861 590 2904 non
612 2841 676 2905 fuit
697 2840 827 2906 stabile:
858 2862 996 2925 regnum
1025 2863 1103 2908 vero
1122 2841 1225 2907 Israel
1256 2841 1337 2906 nihil
1390 2844 1475 2920 min,
1507 2863 1603 2925 quem
1633 2841 1727 2906 unice
1762 2861 1875 2906 carum
1910 2861 1976 2905 non
2006 2861 2098 2906 secus
2127 2862 2147 2906 a
2175 2862 2211 2907 se
2239 2841 2358 2907 dimisit

367 2946 467 3008 quam
488 2927 680 3009 corruptela·
694 2925 756 2991 fuit
777 2927 915 3011 legitimi
935 2928 1038 3011 regui.
1067 2927 1188 2994 Fateor
1205 2928 1337 3011 quidem
1390 2951 1487 3012 quam
1515 2929 1542 2994 si
1572 2928 1687 2992 avulsa
1715 2927 1763 2991 illi
1796 2935 1906 2992 essent
1931 2947 1992 2991 sua
2019 2928 2152 2992 viscera
2202 2927 2357 2993 Videmus

366 3009 533 3076 interdum
552 3013 720 3076 numerari
741 3013 827 3077 inter
838 3014 900 3078 Dei
921 3012 1077 3080 beneficia
1089 3035 1171 3096 qaae
1194 3034 1235 3078 ex
1253 3013 1338 3078 malo
1390 3017 1501 3098 itaque
1523 3035 1620 3098 quam
1650 3033 1765 3097 aspere
1794 3012 1927 3091 militia,
1962 3019 1995 3076 et
2023 3013 2179 3078 continuo
2201 3014 2357 3079 malorum
2456 3021 2457 3040 ¹

367 3095 528 3182 principio
558 3107 630 3162 orta
658 3107 751 3162 sunt:
783 3099 839 3164 scd
867 3099 943 3181 quia
969 3098 1022 3165 hic
1045 3120 1135 3166 mera
1163 3110 1195 3165 et
1216 3099 1339 3182 liquida
1391 3111 1502 3166 tenore
1534 3095 1734 3165 assuefactus
1767 3098 1808 3164 ad
1839 3118 1930 3181 spem
1964 3097 2107 3164 melioris
2139 3100 2226 3165 vitae
2253 3100 2357 3165 fuerit.
2456 3113 2457 3116 ’

368 3181 432 3246 1)οἱ
462 3181 643 3249 benedictio
665 3183 823 3264 refertur,
853 3184 892 3249 de
914 3185 991 3250 solis
1013 3183 1153 3252 Davidis
1175 3205 1339 3251 successo·
1390 3184 1487 3267 Quod
1509 3193 1618 3251 autem
1640 3184 1768 3250 itineris
1797 3182 1998 3262 lassitudine,
2028 3184 2219 3269 priusquam
2240 3185 2280 3250 ad
2301 3185 2356 3250 ho·

368 3266 459 3334 ribus
482 3267 621 3334 libenter
642 3269 799 3354 intelligo.
844 3270 991 3336 Tandem
1009 3272 1107 3338 Iacob
1130 3271 1339 3338 constituitur
1391 3271 1526 3356 spitium
1547 3271 1787 3354 pertingerent,
1818 3291 1859 3335 ex
1881 3279 1977 3352 partu
1999 3279 2200 3336 mortuaest
2221 3271 2357 3337 Rachel:

368 3361 477 3419 terrae
500 3355 660 3432 dominus,
682 3363 838 3439 tanquam
861 3358 914 3422 ovi
931 3359 983 3423 sui
1005 3357 1159 3423 Abrahae
1181 3366 1215 3423 et
1235 3357 1339 3440 patris
1390 3359 1474 3424 haee
1494 3357 1598 3423 dolori
1620 3356 1769 3440 augendo
1790 3377 1853 3420 non
1876 3375 1978 3438 parva
2000 3358 2140 3421 accessio
2162 3357 2236 3422 fuit.
2278 3358 2356 3422 an-

368 3437 462 3507 Isaac
485 3443 601 3508 unicus
623 3443 747 3507 haeres.
798 3443 895 3508 Olore
917 3443 1006 3510 enim
1028 3443 1156 3509 abdicat
1177 3442 1340 3509 Dominus
1390 3451 1498 3510 terum
1518 3441 1604 3526 quod
1627 3441 1760 3508 orbatus
1783 3442 1847 3506 fuit
1869 3461 1970 3507 uxore
1992 3440 2219 3520 dilectissima,
2247 3443 2358 3526 proba·
2456 3473 2457 3520 γ

368 3526 458 3592 Esau
482 3549 501 3593 a
521 3533 633 3596 sancta
643 3527 776 3606 familia,
798 3549 900 3612 quum
919 3530 959 3594 ad
978 3530 1064 3596 00100
1085 3545 1232 3613 posteros
1242 3528 1340 3594 Ieeob
1389 3531 1454 3595 bile
1483 3538 1533 3594 est
1559 3527 1631 3594 ideo
1658 3528 1848 3612 contigisse,
1882 3525 1958 3609 quia
1979 3526 2142 3592 Dominus
2169 3528 2358 3594 010001010-
2456 3529 2457 3564 ³

370 3611 586 3680 haereditario
608 3615 680 3680 iure
702 3616 898 3680 transfertur
920 3623 1025 3681 terrae
1043 3615 1233 3680 dominium.
1389 3614 1639 3698 temperantiam
1661 3615 1822 3698 corrigere
1844 3613 1956 3677 voluit.
1989 3611 2096 3677 Leam
2114 3615 2249 3696 spiritus
2269 3634 2360 3679 sano·
2456 3647 2457 3698 q

459 3701 508 3765 13.
532 3701 576 3766 Et
597 3701 733 3766 ascendit
753 3701 792 3765 cb
813 3721 846 3766 eo
867 3701 965 3768 Deus.
1010 3703 1178 3768 Ascensus
1200 3700 1254 3766 hic
1276 3700 1341 3765 Dei
1390 3711 1445 3768 tus
1466 3701 1645 3786 ignominia
1666 3720 1732 3765 non
1755 3706 1854 3778 notat,
1876 3718 1975 3781 quum
1998 3709 2110 3763 sancta
2131 3710 2221 3765 esset
2236 3700 2360 3776 mulier,
2456 3713 2457 3720 ¹

370 3785 553 3881 auplogiam
582 3786 681 3850 habet
714 3807 788 3853 cum
822 3786 989 3853 descensu.
1044 3789 1135 3853 Deus
1167 3787 1255 3851 enim
1285 3787 1341 3868 qui
1390 3788 1568 3870 maiorique
1586 3786 1709 3850 virtute
1726 3783 1889 3869 praedita:
1910 3782 2191 3851 Rachelistamen
2206 3795 2359 3850 venustas
2456 3829 2457 3870 ,

371 3872 497 3938 coelum
519 3880 552 3936 et
570 3881 692 3936 terram
714 3872 838 3956 implet,
860 3872 967 3938 locum
993 3893 1059 3938 non
1088 3873 1254 3952 mutando,
1285 3873 1340 3936 de·
1391 3873 1494 3958 pluris
1516 3879 1586 3938 crat
1607 3872 1693 3955 apud
1715 3872 1820 3936 Iacob.
1866 3869 1938 3934 Hoc
1960 3868 2078 3934 vitium
2100 3873 2134 3935 in
2158 3883 2269 3938 sancto
2291 3873 2361 3936 viro

371 3957 526 4023 secedere
548 3967 656 4022 tamen
675 3958 715 4021 ad
737 3978 798 4023 nos
813 3958 932 4024 dicitur
953 3960 1077 4043 quoties
1100 3958 1229 4042 aliquod
1251 3978 1342 4041 prae-
1391 3980 1503 4024 amara
1525 3956 1685 4024 medicina
1708 3965 1883 4041 purgatum
1905 3962 1963 4033 est,
1989 3975 2092 4038 quum
2113 3957 2162 4021 illi
2184 3957 2292 4022 ablata
2314 3962 2360 4022 est

372 4043 498 4109 sentiae
521 4064 599 4109 sace
621 4043 807 4128 symbolum
827 4044 959 4110 exhibet
981 4045 1066 4127 quod
1089 4045 1243 4128 parvitati
1264 4063 1341 4108 nos·
1391 4063 1490 4110 uxor:
1524 4062 1562 4108 ae
1590 4063 1686 4126 saepe
1715 4043 1875 4109 Dominus
1907 4039 2020 4106 fideles
2047 4043 2094 4106 ita
2120 4043 2242 4126 spoliat
2269 4042 2362 4108 donis
2456 4035 2457 4060 ¹

371 4137 442 4194 trae
464 4130 645 4212 respondet.
675 4130 833 4196 Ascendit
849 4150 928 4215 ergo
946 4151 965 4195 a
981 4129 1089 4209 Iacob,
1111 4151 1211 4212 quum
1234 4128 1343 4213 dispa-
1392 4132 1472 4209 suis,
1496 4141 1533 4195 ut
1555 4150 1744 4211 perversum
1767 4149 1879 4193 corum
1903 4126 2041 4193 abusum
2063 4131 2209 4214 castiget.
2254 4130 2362 4194 Auda-

372 4216 441 4279 ruit
469 4215 510 4279 ab
537 4217 607 4281 eius
636 4215 736 4281 oculis
765 4217 818 4280 vel
843 4217 942 4282 finem
965 4216 1080 4282 habuit
1103 4218 1193 4282 visio.
1233 4215 1342 4298 Atque
1393 4216 1463 4284 eius
1491 4214 1624 4299 quidem
1653 4215 1744 4298 impii
1767 4213 1853 4290 dona
1874 4213 1938 4278 Dei
1966 4213 2157 4294 profanant:
2186 4217 2215 4282 si
2243 4215 2364 4281 diutius

373 4300 435 4366 hac
458 4301 610 4384 loquendi
632 4301 737 4366 forma
760 4302 852 4368 Deus
873 4302 967 4367 verbi
996 4303 1048 4367 soi
1077 4303 1217 4385 pretium
1250 4299 1343 4366 nobis
1392 4303 1545 4368 connivet
1576 4302 1681 4380 Deus,
1721 4301 1853 4384 gravior
1884 4319 1926 4364 ex
1959 4298 2029 4364 eius
2068 4301 2241 4366 tolerantia
2276 4303 2364 4382 ipsos

372 4387 590 4464 commendat,
620 4387 705 4469 quod
742 4388 862 4453 scilicet
894 4389 1020 4472 gratiae
1049 4409 1128 4454 suae
1156 4387 1343 4454 testimonio
1394 4395 1506 4454 manet
1533 4387 1771 4455 condemnatio.
1817 4383 1893 4452 Suis
1916 4403 1995 4448 vero
2017 4387 2175 4467 peccandi
2195 4388 2364 4453 materiam

372 4472 466 4538 nobis
488 4474 688 4556 propinquus
717 4473 775 4538 sit:
804 4494 879 4538 nam
908 4475 984 4557 qaia
1012 4475 1099 4538 inter
1128 4494 1189 4538 nos
1217 4483 1250 4538 et
1271 4493 1342 4538 coe·
1392 4473 1519 4554 tollens,
1541 4473 1686 4556 ipsorum
1709 4470 1808 4537 saluti
1830 4470 1979 4537 consulit.
2023 4469 2180 4555 Quisquis
2203 4495 2280 4558 ergo
2301 4473 2366 4536 diu·

371 4555 488 4624 lestern
519 4560 589 4624 eius
623 4559 761 4642 gloriam
785 4558 882 4642 longa
909 4568 958 4624 est
987 4560 1150 4638 distantia,
1182 4559 1252 4642 ipse
1285 4579 1343 4641 per
1393 4571 1529 4626 turnum
1552 4560 1709 4624 donorum
1732 4557 1795 4623 Del
1818 4578 1912 4622 usum
1936 4558 2067 4637 expetit,
2090 4558 2194 4624 diseat
2215 4559 2279 4624 illis
2302 4579 2365 4622 non

373 4645 512 4711 verbum
540 4644 581 4709 ad
611 4668 669 4711 nos
699 4644 874 4710 descendit.
932 4645 1006 4712 Hoc
1044 4667 1120 4712 vero
1150 4644 1281 4711 demum
1310 4646 1343 4709 in
1395 4647 1496 4722 abuti,
1519 4645 1577 4710 sed
1600 4664 1680 4726 pure
1703 4651 1735 4708 et
1756 4641 1864 4708 sobrie
1885 4643 1960 4707 frui.

370 4729 501 4796 Ohristi
531 4752 669 4812 persona
703 4729 803 4795 solide
831 4731 1002 4812 impletum
1035 4732 1106 4808 fuit,
1134 4731 1191 4814 qui
1219 4752 1278 4797 suo
1307 4730 1343 4795 in
1481 4730 1699 4797 1111101101·
1727 4729 1879 4794 obstetrix.
1925 4727 2057 4794 Scimus
2091 4740 2219 4797 veteres
2246 4729 2366 4796 sobolis

372 4816 499 4882 eoelum
528 4837 663 4882 ascensu
694 4817 791 4880 fidem
822 4827 967 4881 nostram
989 4819 1034 4881 ita
1055 4817 1176 4882 extulit
1197 4825 1234 4881 ut
1259 4837 1343 4882 sem·
1396 4816 1491 4883 valde
1509 4817 1610 4882 fuisse
1627 4815 1769 4897 cupidos,
1793 4835 1831 4879 ao
1849 4815 2041 4896 praesertim
2065 4815 2236 4882 masculae.
2270 4814 2365 4896 Quod

373 4923 433 4987 per
456 4909 565 4966 tamen
588 4902 757 4968 nobiscum
779 4903 914 4986 spiritus
936 4904 986 4968 sui
1009 4904 1135 4969 virtute
1158 4903 1289 4968 habitet.
1395 4924 1473 4987 ergo
1495 4900 1619 4968 Rachel
1643 4902 1703 4967 heo
1725 4899 1955 4966 consolationis
1984 4922 2088 4985 genus
2119 4923 2187 4967 non
2214 4901 2366 4976 admittit,

464 4987 511 5052 14.
535 4986 580 5052 Et
599 4990 708 5054 statuit
726 4987 860 5056 Iohocob
875 4993 1021 5054 statuam.
1057 4989 1255 5072 Quanquam
1275 4987 1346 5053 fieri
1395 4988 1473 5054 hine
1512 4988 1694 5072 colligimus
1727 4985 1837 5052 dolore
1871 4985 1971 5052 fuisse
2002 4987 2135 5069 penitus
2169 5009 2366 5071 oppressam.

373 5082 481 5157 potest
504 5081 542 5138 ut
564 5075 597 5137 in
616 5075 805 5139 memoriam
824 5076 985 5141 secundae
1008 5075 1143 5140 visionis
1161 5096 1277 5140 rursus
1294 5095 1345 5139 sa·
1397 5076 1486 5159 Ergo
1508 5075 1595 5139 inter
1616 5073 1778 5140 eruciatus
1801 5083 1929 5138 mortua
1954 5081 2019 5149 est,
2053 5073 2137 5138 nihil
2159 5073 2246 5140 aliud
2270 5093 2365 5156 quam

374 5179 466 5226 erum
490 5170 738 5224 monumentum
760 5162 909 5236 erexerit,
941 5182 1052 5227 eorum
1082 5171 1193 5226 tamen
1215 5169 1346 5226 senten·
1397 5162 1526 5226 tristem
1555 5169 1686 5244 partum
1713 5167 1746 5224 et
1774 5157 1899 5223 dolores
1927 5179 2003 5224 suos
2036 5158 2198 5243 cogitans:
2231 5180 2275 5225 cx
2307 5180 2367 5242 quo

375 5246 441 5309 tiae
464 5244 559 5310 facile
580 5244 748 5312 subscribo
776 5247 831 5329 qai
860 5247 975 5312 referri
1005 5256 1122 5330 putant
1146 5245 1231 5330 quod
1254 5247 1346 5329 prius
1398 5267 1496 5313 sensu
1528 5266 1647 5312 nomen
1683 5245 1824 5327 imponit
1854 5244 1936 5323 filio,
1976 5244 2061 5329 quod
2102 5253 2212 5311 tamen
2250 5247 2367 5310 vitium

374 5338 507 5411 gestum
529 5330 645 5396 luerat.
689 5331 792 5413 Quasi
814 5331 937 5399 diceret
958 5333 1076 5410 Moses,
1094 5332 1175 5397 illud
1198 5351 1269 5398 esse
1290 5353 1345 5398 ve·
1398 5340 1511 5416 postea
1532 5333 1674 5398 correxit
1693 5329 1800 5397 Iacob.
1845 5330 1995 5396 Nominis
2017 5331 2105 5396 enim
2130 5331 2267 5398 mutatio
2290 5331 2368 5397 satis
