4962 6192
947 527 949 530 Ι
1052 419 1423 491 eouununnarus
1445 419 1496 486 nn
1518 418 1732 488 annuam.
2328 417 2382 482 en

775 611 926 678 OAPU'P
948 611 988 677 L.
1420 610 1523 691 itaque
1543 629 1582 674 nc
1601 609 1752 687 timeatis,
1782 628 1834 692 epo
1853 607 1939 674 dam
1958 627 2025 684 vos,
2048 606 2246 689 etparenlos
2267 609 2381 672 uestros.

1420 691 1464 758 Et
1484 693 1657 761 consolatus
1678 699 1724 760 est
1751 713 1817 774 eos,
1847 699 1876 758 et
1902 694 2047 776 loquutus
2074 698 2120 758 est
2140 693 2182 758 ad
2202 711 2255 756 cor
2277 711 2382 757 eorum

484 783 513 848 1.
536 781 580 847 Et
601 783 728 848 iactant
748 803 781 848 se
800 781 913 864 Ioseph
932 801 1030 863 super
1050 782 1164 865 faeiem
1180 779 1290 860 patris
1305 781 1369 860 sni,
1420 779 1471 845 22.
1494 777 1539 845 m
1566 779 1716 845 habdamt
1744 779 1857 861 Ioseph
1885 779 2102 864 indempto,
2136 778 2203 860 ipse
2232 782 2261 842 et
2286 777 2383 843 domm

395 873 425 935 et
442 869 526 948 tleuit
546 889 641 950 super
662 889 740 950 cum,
763 873 791 935 et
812 868 967 934 osculatus
988 873 1033 934 cst
1049 889 1128 934 eum.
1164 867 1194 931 2.
1218 865 1263 931 Et
1276 885 1371 948 prae-
1416 867 1525 946 patris
1552 867 1635 930 aas:
1664 871 1693 930 et
1712 866 1793 930 uiuit
1814 865 1927 946 Ioseph
1955 870 2073 931 amu-ru
2099 869 2127 930 et
2153 865 2254 929 mam
2282 883 2382 928 annos.

395 955 474 1038 cepit
497 953 612 1037 Ioseph
633 955 732 1020 suuis
753 956 823 1020 suis
844 955 974 1020 mediois
1000 960 1036 1019 ut
1056 951 1248 1018 aromatibus
1269 951 1372 1016 condi·
1422 951 1473 1017 23.
1496 947 1540 1016 Et
1560 953 1641 1018 uidit
1661 949 1776 1036 Ioseph
1797 951 1862 1033 ipsi
1882 947 2040 1032 Ephraim
2070 950 2152 1032 filios
2179 949 2287 1014 auae
2305 969 2383 1032 quea·

396 1045 465 1106 reut
480 1045 605 1122 patrem
626 1060 734 1118 suum
768 1040 1010 1106 etarcmatibus
1038 1040 1239 1105 condiverant
1259 1037 1372 1102 medici
1421 1037 1570 1103 rationis:
1602 1038 1696 1104 diam
1725 1037 1789 1119 hili
1818 1037 1945 1102 Machir
1974 1035 2038 1117 hta
2071 1035 2237 1102 Manasseh
2270 1035 2383 1100 edumti

395 1127 503 1208 ipsum
521 1126 634 1191 Israel.
670 1126 700 1191 3.
726 1125 874 1207 Gompteti
895 1131 998 1190 autem
1018 1126 1139 1190 suntei
1161 1123 1372 1208 quadrapinta
1421 1128 1496 1190 sau
1516 1143 1613 1204 super
1636 1143 1740 1207 penna
1762 1122 1883 1204 Ioseph.
1929 1122 1979 1186 24.
2002 1119 2046 1186 El
2072 1122 2170 1187 edixit
2192 1119 2306 1202 Ioseph
2326 1121 2383 1201 tra

396 1212 482 1278 dies:
506 1213 552 1277 sie
574 1213 657 1277 enim
678 1212 865 1294 complentur
886 1211 953 1276 dies
974 1231 1089 1276 eorum
1110 1212 1165 1292 qui
1186 1209 1373 1276 eorrdiuntnr
1422 1208 1523 1274 tribus
1544 1210 1631 1274 suis:
1652 1205 1721 1292 Epo
1742 1209 1873 1286 morior,
1905 1208 2043 1274 etDeus
2068 1208 2226 1272 nudanda
2252 1205 2383 1272 cateth

396 1297 605 1375 aromatibus,
645 1302 672 1362 et
707 1298 857 1378 mserum
887 1317 958 1362 eum
996 1295 1144 1382 Aeppptii
1176 1294 1372 1379 septuaqe'nta
1422 1314 1491 1371 aas,
1527 1301 1553 1359 et
1587 1295 1750 1360 ascendere
1776 1293 1872 1376 saciet
1895 1313 1950 1358 uos
1971 1313 1987 1358 e
2012 1298 2097 1358 terra
2125 1293 2183 1358 hoc
2210 1291 2254 1356 ad
2275 1297 2383 1356 terram

395 1382 515 1449 diebus.
564 1383 595 1448 4.
629 1384 839 1448 Transierunt
867 1384 971 1464 itaque
998 1383 1065 1447 dies
1095 1382 1198 1448 luctus
1227 1381 1312 1451 aas:
1344 1385 1373 1444 et
1422 1399 1517 1462 quam
1546 1381 1666 1446 iurauit
1695 1379 1868 1458 Abraham,
1898 1378 1994 1444 Ishae
2021 1383 2049 1443 et
2077 1377 2222 1444 Iahacob.
2267 1377 2320 1442 25.
2347 1377 2384 1442 Et

395 1469 541 1552 loquutus
562 1475 608 1534 est
627 1469 740 1550 Ioseph
757 1470 799 1532 ool
820 1469 945 1534 domum
965 1466 1150 1533 Pharaonis
1171 1467 1314 1532 diceudo:
1334 1464 1372 1530 Si
1422 1465 1582 1532 adiuracit
1600 1464 1714 1547 Ioseph
1728 1464 1812 1546 filios
1829 1465 1943 1543 Israel,
1966 1464 2108 1530 dimndo:
2137 1463 2302 1530 Visitando
2318 1463 2384 1528 uisi-

395 1556 628 1636 quaesoinueni
682 1555 781 1622 otiam
792 1555 827 1618 in
837 1554 934 1620 accolis
943 1554 1064 1630 vestris,
1083 1554 1248 1635 loquimini
1258 1569 1372 1634 quaeso
1423 1551 1498 1615 tabit
1518 1551 1608 1617 Deus
1629 1571 1698 1630 uos,
1720 1555 1747 1615 et
1768 1549 1878 1615 tolletis
1899 1570 1970 1616 ossa
1991 1571 2059 1616 mea
2082 1551 2161 1616 hine.
2207 1549 2259 1615 26.
2284 1549 2383 1630 ltaque

396 1640 587 1706 inauribus
609 1575 964 1719 Fidiculanium:
1002 1639 1031 1704 5.
1058 1637 1154 1704 Pater
1173 1658 1260 1702 metes
1281 1637 1372 1703 adiu·
1423 1641 1564 1702 mortuus
1584 1641 1628 1701 est
1650 1634 1761 1718 Ioseph
1785 1634 1875 1716 [llius
1903 1641 2021 1701 centum
2043 1641 2072 1700 et
2097 1636 2197 1702 decem
2224 1655 2383 1701 annornm

371 1739 372 1744 ’
398 1727 485 1792 raoit
505 1747 568 1802 me,
592 1727 737 1791 dicendo:
756 1725 849 1802 Ecce,
872 1746 887 1788 e
908 1726 1071 1790 amorim:
1092 1725 1128 1788 in
1151 1725 1290 1806 sepulcro
1307 1743 1372 1788 meo
1422 1727 1451 1787 et
1470 1720 1664 1788 aromatibus
1684 1722 1865 1789 condierunt
1885 1742 1974 1802 eum,
2004 1727 2032 1788 et
2047 1723 2173 1805 positus
2195 1725 2241 1786 est
2262 1721 2297 1785 in
2320 1742 2384 1786 arca

397 1813 480 1894 quod
505 1811 574 1895 fodi
598 1805 680 1876 mihi
702 1812 737 1877 in
764 1816 847 1876 terra
895 1811 1033 1888 hennon,
1056 1809 1185 1891 sepelies
1206 1830 1270 1874 me:
1291 1828 1372 1873 nune
1421 1808 1456 1873 in
1480 1808 1626 1894 Aeqppto.

396 1898 496 1982 ipitur
517 1899 682 1964 ascendam
703 1897 830 1977 obsecro,
852 1902 881 1961 et
900 1897 1049 1977 sepeliam
1069 1901 1190 1977 patrem
1212 1915 1322 1974 meum,
1345 1899 1373 1959 et

397 1989 545 2049 reuertar.
596 1985 625 2050 6.
658 1983 702 2048 Et
733 1984 816 2049 dicit
849 1981 996 2046 Pharao:
1029 1982 1185 2060 Ascende,
1215 1986 1242 2045 et
1276 1981 1372 2064 sepeli
1509 1979 1536 2045 1.
1561 1978 1605 2043 Et
1631 1980 1760 2045 iadauit
1788 1999 1820 2045 se
1850 1977 1971 2061 Ioseph.
2015 1978 2088 2044 Hae
2115 1978 2221 2062 capite
2251 1979 2384 2044 breviter

392 2074 517 2151 patrem
533 2075 631 2149 tuum,
648 2069 909 2151 quemadmodum
926 2067 1089 2132 adiuravit
1104 2073 1139 2132 te.
1172 2067 1201 2132 l.
1221 2067 1373 2132 Ascendit
1421 2076 1577 2130 narratur
1598 2065 1674 2147 quid
1697 2065 1869 2146 eontigerit
1899 2075 1971 2148 post
1997 2074 2135 2130 mortem
2157 2064 2264 2130 Iacob.
2312 2065 2384 2128 Eam

397 2175 469 2238 erqo
488 2155 601 2237 Ioseph
623 2161 658 2220 ut
678 2155 819 2235 sepeliret
836 2159 958 2237 patrem
977 2173 1088 2218 snum:
1108 2154 1371 2234 ascenderuntque
1421 2171 1500 2217 vera
1524 2151 1632 2216 Moses
1654 2149 1698 2216 du
1722 2150 1777 2216 lici
1797 2153 1889 2217 luctu
1911 2150 2107 2216 salebratim
2134 2151 2232 2215 tuisse
2254 2171 2385 2216 comme-

396 2259 468 2305 aum
489 2260 522 2305 eo
543 2260 647 2306 omnes
667 2241 751 2304 serui
773 2239 971 2316 Pharaonis,
1000 2240 1136 2304 seniores
1161 2239 1370 2318 damascius,
1420 2245 1536 2312 morat,
1559 2237 1672 2302 nativo
1695 2172 1745 2323 ibt
1765 2239 1809 2301 ita
1831 2235 1957 2322 loquar)
1975 2244 2008 2300 et
2025 2235 2263 2302 caeremoniali.
2299 2235 2385 2317 Quod

396 2330 425 2390 et
445 2343 550 2391 unum
571 2327 706 2390 seniores
726 2330 827 2389 terrae
843 2326 987 2408 Aepqpti.
1024 2325 1053 2390 8.
1077 2324 1122 2389 Et
1143 2327 1245 2390 omnis
1261 2324 1371 2388 claraus
1419 2323 1538 2406 Ioseph
1572 2343 1670 2405 super
1704 2321 1819 2388 faeiem
1852 2323 1923 2386 eius
1962 2321 2190 2406 procumbens,
2231 2321 2385 2407 lacrymas

397 2410 519 2492 Ioseph,
539 2416 568 2476 et
586 2413 705 2495 fratres
725 2412 803 2488 eius,
826 2415 853 2474 et
874 2411 984 2476 damus
999 2411 1108 2492 patris
1128 2410 1212 2475 eins:
1233 2413 1369 2475 tantum-
1420 2408 1574 2488 effundit,
1604 2407 1665 2472 hoe
1684 2428 1725 2473 ex
1750 2428 1826 2473 vero
1848 2428 1994 2490 puroque
2016 2409 2135 2486 affeetu
2158 2416 2285 2473 manat:
2310 2405 2385 2490 quod

396 2498 486 2562 modo
506 2497 657 2578 pamulae
683 2516 771 2575 suos,
805 2501 834 2560 et
856 2496 991 2578 pecudes
1019 2517 1111 2573 snas,
1142 2497 1282 2562 ethome
1296 2515 1369 2561 suos
1419 2492 1559 2558 eundem
1590 2493 1702 2578 lugent
1731 2493 1889 2578 Aegyptii
1919 2494 2128 2578 septuaginta
2157 2492 2287 2574 diebus,
2317 2493 2384 2576 quia

394 2582 586 2664 reliquerunt
614 2583 649 2646 in
678 2586 763 2646 terra
789 2581 900 2647 (hosen.
944 2581 975 2647 9.
998 2581 1043 2647 Et
1070 2582 1272 2648 ascenderunt
1297 2601 1368 2647 cum
1420 2582 1458 2645 fit
1475 2579 1607 2645 honoris
1626 2601 1732 2658 eausa,
1754 2579 1851 2663 idque
1868 2602 1910 2644 ex
1928 2579 2171 2658 consuetudine,
2193 2578 2267 2663 plus
2286 2587 2383 2644 osten·

395 2687 429 2734 eo
449 2669 546 2732 etiam
566 2687 695 2746 currus,
725 2667 818 2732 ctiam
845 2669 977 2750 equites,
1006 2673 1034 2731 et
1054 2668 1115 2750 fuit
1134 2674 1239 2733 turma
1258 2667 1369 2750 prame
1422 2667 1553 2731 tationis
1575 2661 1673 2730 habet
1694 2687 1732 2730 ae
1752 2663 1861 2730 inanis
1886 2685 2023 2749 pompae
2045 2685 2141 2748 quam
2164 2665 2234 2729 veri
2256 2665 2383 2730 doloris:

395 2753 494 2818 noble.
547 2753 598 2817 10.
631 2752 731 2817 Porro
761 2758 910 2818 uenerunt
941 2773 1039 2835 usque
1066 2753 1110 2818 ad
1137 2774 1243 2820 aream
1269 2752 1366 2830 Atad,
1420 2759 1454 2817 et
1486 2762 1596 2816 tamen
1629 2762 1666 2816 ut
1698 2750 1875 2834 plurimum
1914 2751 1976 2815 hoe
2007 2751 2102 2817 mado
2141 2751 2248 2835 lugeri
2289 2751 2384 2815 solent

395 2859 475 2922 quae
501 2843 545 2904 est
570 2843 660 2904 hans
689 2837 872 2903 iudanom:
899 2843 926 2903 et
950 2839 1145 2920 phrnserunt
1171 2839 1215 2904 ibi
1236 2839 1368 2920 planctu
1419 2837 1549 2917 mortui,
1570 2842 1608 2901 ut
1629 2837 1715 2902 iusta
1735 2835 1801 2902 illis
1823 2837 2002 2902 solvantur.
2039 2834 2135 2903 Unde
2154 2837 2254 2900 etiam
2277 2846 2385 2900 natum

396 2945 507 3008 mapuo
524 2929 552 2988 et
571 2925 662 3006 praru
683 2923 781 3002 udde,
805 2924 922 3005 etfcert
937 2925 1030 3006 patri
1046 2944 1103 2989 suo
1119 2925 1234 2990 luctum
1254 2929 1368 3007 septem
1420 2931 1470 2988 eet
1491 2920 1715 3006 proverbium,
1745 2921 1896 2987 haeredis
1924 2920 2050 2988 luctum
2080 2921 2142 2986 sub
2170 2923 2262 2988 larva
2292 2923 2384 2987 risum

395 3011 513 3077 diebus.
548 3010 598 3075 11.
622 3005 668 3074 Et
684 3010 827 3074 ciderunt
847 3009 1035 3076 habitatores
1050 3015 1151 3074 terrac
1171 3008 1368 3076 dhenaanaei
1420 3029 1499 3074 esse.
1530 3009 1575 3073 Et
1586 3029 1772 3091 quanquam
1791 3007 1956 3073 interdum
1969 3011 2054 3073 serio
2073 3009 2184 3073 dolare
2201 3019 2385 3092 pungantur

396 3097 511 3162 luctum
532 3096 566 3160 in
588 3116 663 3160 area
685 3096 790 3172 Arca,
820 3099 850 3160 et
871 3095 1035 3160 diruunt:
1057 3095 1174 3162 hauns
1192 3097 1303 3180 pavis
1324 3100 1369 3160 est
1420 3093 1537 3175 animi,
1563 3093 1683 3177 aliquid
1708 3104 1818 3158 tamen
1840 3091 1932 3158 addit
1953 3095 2083 3177 pietatis
2106 3093 2274 3158 testandae
2297 3093 2384 3157 affec·

396 3183 455 3247 iste
476 3181 652 3264 Aeqqptiis:
675 3180 790 3246 aureo
810 3186 950 3246 uocatum
968 3181 1035 3262 fuit
1054 3201 1163 3246 nomen
1184 3183 1253 3247 eius
1274 3180 1369 3246 Abel·
1420 3181 1514 3258 tatio,
1537 3187 1574 3245 ut
1595 3180 1629 3244 in
1652 3191 1827 3263 conspeetu
1850 3179 1995 3245 omnium
2018 3181 2173 3264 lacrymis
2197 3180 2321 3264 largius
2341 3179 2385 3242 in·

397 3267 561 3346 Misraim,
584 3267 615 3330 id
640 3279 703 3345 est,
729 3267 835 3332 luctus
858 3267 1110 3350 Aegyptiorum,
1139 3268 1194 3348 qui
1214 3272 1258 3333 est
1279 3272 1368 3332 nans
1421 3265 1577 3350 dulgeant
1605 3266 1661 3348 qui
1691 3266 1761 3329 eine
1789 3266 1929 3331 testibus
1959 3275 1992 3330 et
2020 3264 2151 3331 arbitris
2180 3266 2311 3350 parcius
2332 3265 2384 3328 fle·

397 3353 575 3418 Iordanem.
621 3352 671 3418 12.
691 3351 845 3418 Fecenrnt
864 3372 934 3436 erqo
957 3351 1022 3431 dlii
1048 3353 1116 3418 eins
1137 3356 1167 3416 ei
1187 3354 1242 3430 sic,
1266 3373 1368 3435 quem·
1420 3360 1504 3417 rant.
1548 3351 1665 3434 Itaque
1693 3351 1788 3415 amisi
1818 3352 1873 3434 qui
1895 3351 1956 3416 sub
1986 3351 2093 3416 solatii
2121 3361 2295 3435 praetextu
2316 3371 2384 3416 can·
2464 3371 2465 3434 Τ

397 3439 566 3505 admodum
592 3442 794 3520 praeceperat
825 3437 879 3502 eis.
932 3437 982 3502 13.
1015 3437 1098 3520 Quia
1130 3437 1267 3504 tulerunt
1298 3459 1368 3504 eum
1420 3437 1572 3516 veniunt,
1612 3457 1708 3519 saepe
1742 3437 1908 3504 diversum
1941 3435 2086 3503 offleium
2120 3447 2319 3520 sequuntur,
2352 3443 2385 3498 nt
2464 3505 2465 3518 χ

394 3526 459 3608 hta
487 3525 556 3590 eius
582 3524 616 3587 in
647 3529 763 3589 terram
786 3521 947 3602 Clunaan,
976 3523 1221 3606 sepelieruntque
1242 3545 1312 3589 erim
1333 3525 1369 3589 in
1419 3524 1532 3588 fletum
1556 3521 1738 3588 uberiorem
1762 3523 1902 3588 eliciant.
1949 3521 2145 3606 Quanquam
2176 3533 2287 3588 autem
2310 3522 2383 3587 ritus
2464 3551 2465 3582 r

396 3610 544 3692 spelunca
566 3610 639 3692 apri
660 3609 787 3692 duplici.
810 3628 906 3690 quam
927 3609 1001 3674 emit
1021 3609 1184 3675 Abraham
1203 3631 1272 3675 cnm
1294 3631 1370 3694 apro
1419 3607 1555 3693 lugendi
1577 3616 1722 3674 mertuos
1742 3628 1782 3673 ex
1806 3607 1890 3674 bona
1912 3609 2073 3692 principio
2095 3618 2188 3674 ortus
2210 3619 2276 3688 est,
2299 3617 2334 3673 nt
2355 3627 2385 3670 re
2464 3653 2465 3690 ,

397 3697 433 3761 in
455 3695 681 3778 possessionem
713 3695 868 3776 sepulcri,
897 3693 936 3760 ab
966 3694 1113 3776 Hephron
1149 3696 1273 3761 Hittaeo
1298 3699 1370 3761 onte
1419 3695 1454 3758 in
1477 3692 1665 3759 meditanda
1682 3695 1812 3777 generis
1823 3693 2201 3760 humanimalediotione
2218 3700 2384 3760 exerceant
2464 3711 2465 3728 ¹

397 3782 533 3847 Manere.
570 3781 620 3846 14.
642 3777 686 3846 m
706 3801 848 3846 reuersus
868 3785 913 3846 est
929 3780 1042 3864 Ioseph
1059 3782 1093 3846 in
1111 3782 1286 3866 Aeqpptum
1302 3783 1371 3864 ipse
1419 3780 1504 3857 vivi,
1538 3780 1652 3844 multis
1678 3788 1790 3846 tamen
1822 3780 1910 3845 vitiis
1940 3801 2070 3864 semper
2096 3781 2285 3864 inquinatus
2314 3778 2382 3846 fnit:

397 3873 427 3933 et
444 3870 562 3950 fratres
584 3869 667 3944 eires,
698 3872 727 3932 ct
746 3887 850 3932 munes
870 3867 926 3949 qni
946 3867 1146 3932 ascenderant
1163 3887 1236 3942 ,arm
1256 3887 1302 3944 eo,
1327 3866 1370 3931 ad
1420 3867 1495 3950 quia
1519 3886 1622 3948 neque
1644 3864 1684 3929 ad
1707 3886 1823 3930 rerum
1846 3887 1943 3932 suum
1965 3868 2064 3930 finem
2087 3866 2230 3933 directus
2252 3879 2310 3944 eet,
2332 3884 2383 3928 ne·

398 3953 607 4035 sepeliendum
629 3958 753 4035 patrem
781 3955 864 4031 eiras,
890 3957 1058 4036 postquam
1083 3954 1223 4034 sepelivit
1244 3959 1371 4032 patrem
1421 3971 1485 4034 que
1515 3950 1555 4015 ad
1585 3951 1706 4016 iustum
1737 3949 1870 4016 modum
1899 3952 2106 4035 compositus.
2151 3951 2320 4033 Quantum
2347 3945 2384 4013 ad

398 4059 501 4104 suum.
548 4038 599 4104 15.
630 4037 772 4104 Videntes
793 4043 896 4104 autern
915 4038 1032 4119 fratres
1055 4037 1167 4120 Ioseph
1189 4040 1271 4122 qnod
1291 4059 1371 4104 mor-
1420 4039 1602 4120 genuinum
1625 4035 1769 4101 dolorem
1792 4045 1933 4120 spectat,
1963 4059 2061 4120 quem
2084 4036 2177 4104 nobis
2200 4056 2264 4104 non
2284 4055 2384 4103 aeaer-

398 4131 473 4190 tuus
493 4131 571 4190 esset
592 4130 688 4204 pater
715 4144 833 4200 eorum,
866 4123 1030 4188 haecne.-
1052 4123 1202 4190 Fortasse
1223 4125 1292 4190 odr'a
1313 4124 1370 4191 ha·
1421 4123 1532 4199 simus,
1556 4122 1612 4188 sed
1635 4123 1688 4206 qui
1712 4143 1753 4187 ex
1776 4121 1892 4188 intimo
1915 4122 2011 4188 corde
2033 4123 2190 4207 erumpit,
2218 4145 2283 4189 non
2306 4125 2384 4188 esset

398 4211 477 4277 babit
494 4231 552 4275 nos
564 4208 685 4290 Ioseph,
704 4215 731 4273 et
747 4208 903 4274 reddendo
919 4209 1025 4274 reddet
1041 4210 1130 4275 nobis
1147 4231 1234 4275 omne
1251 4210 1370 4275 malum
1420 4229 1536 4291 perse
1559 4208 1755 4296 culpandus,
1782 4209 1809 4274 si
1831 4207 1962 4273 modum
1986 4218 2121 4274 teneret.
2165 4211 2280 4292 Neque
2303 4207 2383 4273 enim

399 4317 458 4380 quo
494 4297 654 4378 effecimus
685 4314 762 4359 eum.
820 4294 869 4360 16.
901 4293 1071 4376 Propterea
1103 4297 1295 4362 mandarunt
1328 4296 1370 4361 ad
1421 4295 1475 4359 hic
1497 4294 1748 4377 reprehenditur
1770 4293 1843 4359 Iose
1867 4293 1888 4358 b
1916 4295 2000 4377 quod
2031 4295 2198 4360 tristitiam
2229 4297 2309 4360 fletu
2335 4292 2383 4354 de·

399 4381 529 4464 Ioseph,
557 4382 701 4446 diaholo:
725 4379 822 4445 Pater
843 4385 915 4444 tuus
938 4382 1099 4462 praecepit
1121 4387 1285 4465 autequam
1308 4402 1370 4448 mo-
1420 4381 1535 4445 claret:
1559 4381 1636 4463 quin
1659 4380 1767 4462 patius
1786 4315 1937 4445 laudatur
1959 4381 2029 4446 eins
2046 4381 2159 4464 pietas.
2195 4380 2259 4449 Sed
2279 4382 2384 4444 fraeno

398 4474 537 4542 reram,
570 4467 714 4532 dicato.-
757 4466 807 4530 17.
837 4466 890 4530 Sic
921 4466 1029 4532 dicetis
1061 4466 1190 4548 Ioseph:
1223 4466 1371 4534 Obsecro.-
1421 4475 1453 4530 et
1474 4465 1696 4530 moderatione
1718 4485 1800 4550 opus
1822 4475 1881 4547 est,
1903 4487 1944 4530 ne
1967 4468 2224 4550 intemperanter
2244 4463 2384 4540 dolendo,

402 4553 502 4618 Parce
515 4571 599 4616 nuno
619 4552 728 4616 sceleri
746 4552 885 4632 fratrum
906 4556 1037 4630 tuorum,
1060 4557 1087 4617 et
1103 4557 1226 4633 peccato
1247 4573 1371 4618 eorum:
1420 4561 1534 4618 eontra
1555 4550 1663 4615 Deum
1686 4572 1779 4618 eaeco
1802 4552 1926 4635 impetu
1947 4552 2105 4618 feramur:
2140 4574 2216 4619 nam
2239 4570 2385 4618 excessus

397 4636 897 4803 thatthhthttth
912 4637 1234 4788 ttmtttttth
1255 4658 1370 4805 etthi
1420 4637 1711 4807 tltthht
1732 4636 2049 4806 ttetttittthh
2077 4637 2383 4790 sittiattthht

399 4812 474 4877 dum
496 4809 546 4874 illi
569 4809 763 4890 loquerentur
784 4828 855 4873 cum
876 4829 918 4874 eo.
964 4809 1013 4874 18.
1037 4809 1124 4873 Nam
1144 4809 1278 4890 profect
1297 4815 1372 4875 sunt
1420 4806 1563 4876 cundum
1574 4808 1670 4873 Pauli
1683 4807 1863 4874 doctrinam
1875 4809 2015 4892 petenda
2033 4821 2084 4875 est
2100 4809 2144 4897 (1.
2156 4813 2270 4876 Thess.
2283 4811 2313 4882 4,
2327 4805 2381 4888 13).

399 4898 495 4962 eham
514 4896 632 4978 fratres
653 4895 735 4973 eius,
765 4899 1053 4975 etprostrauerunt
1080 4915 1114 4959 se
1140 4915 1243 4960 emam
1271 4901 1372 4975 eo,et
1506 4895 1536 4960 2.
1560 4894 1605 4959 Et
1621 4896 1781 4977 praecepit
1802 4895 1916 4978 Ioseph
1944 4896 2045 4962 seruis
2071 4899 2149 4962 suis.
2194 4895 2382 4978 Quanquam

399 4974 689 5056 alaemanniae,
717 5001 828 5046 snmus
856 4981 912 5045 tibi
938 4981 1029 5045 serui.
1075 4981 1125 5046 19.
1148 4981 1193 5046 Et
1219 4981 1302 5046 discit
1328 4982 1371 5046 ad
1420 4979 1497 5045 olim
1520 4981 1595 5063 plus
1616 4999 1734 5062 operae
1756 4980 1853 5044 etiam
1878 4981 1999 5064 absque
2017 4982 2246 5066 superstitione
2264 4982 2383 5064 impen-

400 5088 450 5132 eos
461 5067 588 5150 Ioseph:
607 5066 659 5130 Ne
678 5068 827 5132 timeatis:
847 5066 1001 5146 numquid
1014 5067 1101 5136 ¹enim
1120 5067 1258 5133 locoDei
1275 5067 1370 5132 sum?
1420 5087 1492 5132 sum
1516 5066 1580 5130 luit
1600 5065 1791 5148 sepulturis,
1821 5086 1918 5148 quam
1946 5077 2019 5150 poet
2040 5068 2203 5151 speaimen
2225 5083 2381 5132 resurree-

400 5153 452 5218 20.
483 5153 546 5217 Vos
562 5153 688 5234 quidem
704 5151 862 5234 copitastis
880 5151 1045 5216 aduersum
1060 5172 1109 5215 me
1125 5152 1260 5218 malum:
1282 5153 1372 5219 Deus
1420 5151 1518 5218 tionis
1551 5152 1585 5216 in
1615 5150 1748 5221 Ohristo
1779 5150 1978 5216 exhibitum:
2011 5155 2132 5219 seimus
2160 5162 2270 5218 tamen
2305 5147 2381 5235 apud

401 5251 509 5303 autam
532 5238 675 5322 coqihrmt
695 5238 777 5304 illud
797 5239 832 5300 in
854 5235 980 5314 bonum,
1009 5243 1044 5302 ut
1067 5238 1183 5321 faceret
1201 5241 1370 5304 secundum
1421 5238 1604 5322 Aegyptios
1625 5237 1699 5320 plus
1721 5243 1870 5320 sumptus
1899 5247 1933 5302 et
1960 5259 2152 5322 pomparum
2181 5259 2280 5322 quam
2304 5233 2381 5321 apud

398 5324 482 5388 diem
503 5325 591 5402 hanc,
613 5329 649 5388 ut
669 5322 840 5404 nioihoaret
854 5323 1009 5406 populum
1026 5324 1164 5389 multum.
1200 5325 1253 5392 21.
1277 5323 1372 5391 Nune
1420 5323 1559 5389 Iudaeos
1581 5323 1690 5389 luisse.
1735 5322 1807 5386 Ima
1830 5323 1974 5389 historici
1998 5334 2126 5390 veteres
2147 5324 2207 5391 hoa
2228 5324 2318 5389 inter
2338 5341 2381 5386 ros
