5022 6192
118 413 179 478 129
371 420 374 432 '
771 413 1139 482 COMMENTARIUS
1163 415 1208 480 lN
1231 415 1443 483 adunent.
2041 423 2104 489 130

117 613 231 686 spectu
254 623 308 667 eos
330 603 392 667 sibi
415 603 548 686 adoptat
568 603 602 669 in
626 603 767 674 Christo.
793 613 826 668 et
849 624 938 667 mora
960 603 1084 669 miseri·
1137 605 1328 685 consolatio,
1350 606 1433 688 quod
1457 625 1558 689 aquae
1580 613 1750 688 postquam
1773 605 1814 671 ad
1832 613 1963 691 tempus
1984 617 2106 674 terram

116 691 224 759 cordia
257 689 419 755 iustificat.
462 688 640 772 Postquam
667 689 728 755 hoc
751 687 845 753 modo
872 688 933 753 sibi
963 710 1017 755 eos
1034 707 1085 754 ro·
1136 692 1332 772 operuerint,
1355 713 1468 756 rursus
1491 691 1558 756 sint
1579 683 1737 770 cessurae,
1756 699 1794 756 ut
1815 701 1970 775 appareat
1991 715 2105 778 snper-

116 776 310 854 eoaoiliavit,
328 775 446 857 spiritu
464 795 591 859 quoqne
610 782 780 858 regenerat
797 775 831 838 iu
849 795 970 839 novam
984 774 1085 840 vitam
1135 776 1224 841 ficies
1263 787 1370 841 terrae
1409 776 1511 844 arida.
1565 774 1707 854 Deinde,
1747 776 1833 860 qaod
1871 798 1935 843 non
1975 789 2103 846 tantum

116 871 150 930 et
168 862 335 927 iustitiam.
379 859 468 926 Hinc
488 861 598 924 flutrnt
620 861 703 925 bona
726 879 832 943 opera,
854 881 938 941 quae
955 879 1086 926 neccsse
1136 869 1299 944 superstes
1326 863 1455 927 futurus
1483 863 1527 926 sit
1552 861 1662 926 Noah:
1695 862 1752 927 sed
1783 860 1847 928 Dei
1880 862 2105 931 benedictione

117 957 167 1016 est
189 949 260 1012 Deo
286 947 348 1029 ipsi
377 945 512 1029 placere.
556 945 609 1010 Ita
636 967 701 1010 non
730 944 827 1010 modo
851 945 963 1010 fideles
988 955 1085 1023 amat,
1135 945 1305 1030 augendus
1327 949 1370 1012 sit
1392 947 1580 1012 animalium
1601 968 1766 1024 numerus,
1789 959 1828 1012 ut
1848 969 1883 1013 se
1905 950 2001 1033 longe
2022 949 2104 1014 late·

117 1035 172 1100 sed
209 1053 321 1098 eorum
352 1052 477 1114 quoquc
510 1049 617 1114 opera.
667 1030 851 1095 Notandum
884 1039 992 1095 tamen
1025 1039 1085 1109 est,
1135 1052 1197 1114 que
1223 1031 1383 1098 diffundat
1407 1054 1465 1114 per
1494 1042 1597 1098 totum
1621 1033 1742 1098 orbem.
1787 1032 1840 1097 Ita
1861 1034 1896 1098 in
1922 1033 2028 1100 medio
2053 1037 2104 1099 in-

119 1122 194 1204 quia
219 1138 348 1200 semper
377 1117 496 1200 aliquid
525 1117 598 1182 vitii
626 1117 740 1181 haeret
760 1117 795 1180 in
825 1116 992 1197 operibus,
1019 1137 1085 1181 uon
1135 1118 1231 1182 teritu
1254 1118 1363 1183 futura
1383 1118 1576 1183 instauratio
1597 1117 1647 1182 illi
1664 1118 1873 1200 promittitur.
1917 1120 2044 1184 Multus
2069 1121 2102 1186 in

116 1225 211 1288 posse
239 1203 370 1287 probari
391 1203 456 1268 nisi
486 1223 558 1268 cum
586 1199 797 1287 indulgentia.
844 1201 961 1266 Gratia
985 1203 1085 1285 igitur
1136 1224 1172 1268 eo
1200 1215 1250 1267 est
1278 1203 1387 1268 Moses
1421 1217 1457 1268 ut
1490 1203 1643 1268 ostendat
1675 1203 1783 1270 Deum
1816 1203 1921 1269 modis
1954 1204 2104 1271 omnibus

118 1291 241 1356 Christi
271 1300 322 1354 est
350 1308 433 1372 quas
462 1290 601 1370 pretium
635 1288 785 1370 operibus
819 1288 984 1362 conciliat,
1018 1307 1085 1352 non
1135 1309 1269 1354 curasse
1290 1289 1495 1354 retinendum
1517 1287 1613 1354 Noah
1634 1290 1668 1353 in
1695 1289 1786 1354 verbi
1808 1290 1860 1354 sui
1881 1290 2050 1373 obsequio,
2072 1300 2105 1355 ct

116 1376 248 1460 propria
269 1375 413 1456 ipsorum
437 1374 579 1459 dignitas
600 1373 652 1437 vel
674 1373 836 1438 meritum.
881 1371 954 1437 Non
976 1384 1084 1438 tamen
1135 1383 1285 1440 sanctum
1317 1375 1426 1439 virum
1460 1395 1594 1458 prorsus
1629 1375 1838 1456 acquievisse.
1895 1375 1995 1442 Utilis
2026 1396 2105 1442 sane

117 1482 276 1544 negamus
309 1460 385 1542 quin
419 1459 556 1524 veniant
589 1460 624 1522 in
662 1459 823 1523 rationem
857 1479 963 1524 coram
997 1459 1083 1523 Deo:
1136 1458 1298 1538 doctrina,
1328 1462 1518 1544 praesertim
1549 1480 1649 1541 quum
1671 1459 1794 1542 aliquid
1820 1460 2007 1526 incredibile
2029 1482 2105 1544 pro·

116 1543 387 1628 quemadmodum
421 1545 475 1612 hic
508 1545 654 1630 agnoscit
686 1553 719 1608 et
751 1554 897 1627 acceptat
928 1544 1084 1609 iustitiam
1135 1546 1237 1609 mittit
1259 1545 1364 1623 Deus',
1387 1546 1439 1610 vel
1467 1545 1628 1609 minatur:
1654 1565 1752 1628 quum
1775 1566 1839 1610 non
1863 1545 2001 1612 libenter
2023 1545 2105 1614 reci·

116 1632 222 1707 Noah,
245 1651 327 1713 quae
350 1651 390 1695 ox
413 1651 472 1696 sua
494 1631 598 1714 gratia
622 1629 767 1713 profecta
790 1639 875 1694 erat:
906 1641 1002 1714 atque
1024 1630 1085 1694 hoo
1136 1630 1232 1714 piant
1264 1631 1427 1710 homines,
1461 1631 1525 1696 nisi
1559 1628 1643 1712 quod
1675 1629 1741 1695 illis
1774 1630 1903 1695 videtur
1931 1630 2103 1714 probabile.

116 1717 212 1782 modo
235 1716 341 1802 (sicuti
360 1717 504 1799 loquitur
522 1715 740 1802 Augustinus)
758 1715 842 1779 dona
864 1736 924 1779 sua
944 1723 1083 1781 coronet.
1135 1715 1207 1780 Iam
1230 1716 1313 1780 nihil
1339 1717 1448 1782 minus
1475 1716 1581 1781 carnis
1605 1713 1722 1783 iudicio
1752 1727 2006 1782 consentaneum
2035 1727 2107 1783 crat

115 1803 304 1868 Notandum
327 1803 424 1866 etiam
446 1802 530 1884 quod
554 1800 646 1866 dicit:
671 1801 747 1865 Vidi
771 1809 803 1865 te
832 1802 953 1866 iustum
977 1821 1084 1866 eoram
1136 1823 1233 1884 quam
1262 1802 1462 1867 munduma
1491 1822 1549 1866 suo
1579 1802 1693 1884 opifice
1719 1800 1833 1866 deleri:
1857 1801 2014 1884 quiahoc
2035 1813 2107 1869 erat

114 1911 178 1954 me.
230 1887 304 1968 Quo
333 1887 431 1952 verbo
462 1909 526 1952 non
560 1895 691 1951 tantum
729 1887 848 1970 redigit
879 1887 912 1949 in
946 1885 1085 1951 nihilum
1136 1895 1240 1951 totum
1275 1897 1411 1952 naturae
1443 1885 1590 1952 ordinem
1618 1886 1657 1953 ab
1682 1907 1720 1952 eo
1752 1888 1913 1953 sancitum
1947 1895 2104 1955 evertere.

115 1996 229 2039 omnes
259 1973 401 2038 iustitiae
429 1972 553 2050 larvas,
583 1971 699 2055 quibus
721 1994 786 2036 non
815 1971 925 2036 subest
953 1971 1086 2037 interior
1136 1972 1248 2053 Quare
1278 1973 1343 2037 nisi
1369 1971 1468 2055 probe
1496 1972 1681 2038 admonitus
1709 1972 1822 2038 luisset
1852 1973 1946 2038 Noah
1972 1973 2012 2039 de
2043 1974 2105 2045 hoo

114 2060 286 2127 sinceritas
308 2058 427 2137 cordis,
450 2056 506 2123 sed
529 2058 579 2122 ius
602 2079 697 2122 suum
718 2057 778 2122 sibi
805 2055 970 2123 vendicat:
1000 2077 1036 2122 ae
1058 2058 1085 2121 si
1136 2057 1276 2123 terribili
1306 2059 1368 2122 Dei
1395 2057 1530 2134 iudicio,
1561 2078 1727 2140 nunquam
1759 2077 1858 2123 ausus
1891 2060 2004 2124 luisset
2036 2081 2105 2124 ore-

115 2147 247 2220 diceret,
270 2165 305 2210 se
326 2145 430 2209 solum
453 2164 522 2208 csse
540 2142 692 2208 idoneum
710 2143 847 2208 iudicem
867 2142 1086 2207 aestimandae
1137 2143 1227 2208 dere:
1257 2164 1299 2208 ne
1322 2141 1430 2208 Deum
1453 2144 1515 2209 sibi
1536 2143 1598 2226 ipsi
1620 2142 1818 2208 contrarium
1839 2145 1985 2226 fingeret.
2030 2145 2106 2210 Vox

113 2231 268 2296 iustitiae.
314 2229 493 2304 Particula,
521 2228 561 2293 In
582 2230 773 2312 generatione
794 2227 851 2294 boc
873 2225 981 2312 (sicuti
1004 2226 1085 2314 dixi)
1136 2242 1234 2320 ntp'n,
1252 2251 1316 2312 qua
1333 2229 1386 2294 hio
1404 2231 1507 2294 utitur
1519 2227 1635 2305 Moses,
1654 2228 1813 2310 originem
1832 2228 1961 2294 habeta
1974 2229 2103 2296 stando:

114 2316 157 2381 ad
176 2315 460 2398 amplificationem
478 2314 588 2379 addita
606 2325 663 2378 est.
700 2314 792 2378 Adeo
811 2314 896 2378 enim
917 2314 1086 2395 deplorata
1135 2315 1191 2380 sed
1214 2316 1344 2398 proprie
1366 2315 1549 2398 singnifieat
1571 2311 1727 2396 quidquid
1748 2313 1830 2380 vivit
1851 2335 1888 2379 ae
1910 2315 2007 2398 viget.

113 2403 178 2466 fuit
199 2401 320 2467 saeculi
342 2399 429 2464 illius
451 2401 611 2483 pravitas,
642 2409 680 2464 ut
708 2399 845 2483 prodigii
865 2399 934 2466 loco
955 2399 1086 2464 habitus
1221 2402 1251 2466 b.
1275 2399 1319 2466 El
1344 2401 1416 2482 fecit
1439 2399 1531 2465 Noae
1559 2401 1648 2464 iaxta
1681 2400 1793 2465 omnio.
1840 2398 1912 2464 Non
1942 2410 1991 2466 est
2018 2399 2105 2465 nuda

115 2487 219 2552 fuerit
240 2486 334 2551 Noah
357 2508 377 2550 a
398 2486 561 2551 communi
584 2485 656 2550 labe
674 2485 808 2568 integer.
1136 2486 1285 2569 repetitio
1313 2487 1429 2568 prioris
1458 2486 1653 2551 sentcntiae:
1673 2483 1728 2549 sed
1762 2483 1901 2550 eundem
1933 2499 1966 2550 et
1994 2506 2107 2569 perpe·

204 2574 235 2644 2.
259 2571 313 2636 Ee
345 2573 429 2636 omni
469 2571 602 2635 estimati
633 2573 755 2636 mando.
810 2569 935 2634 Iterum
969 2571 1087 2652 repetit
1136 2579 1230 2636 tuum
1252 2573 1453 2636 obedientiae
1470 2577 1615 2635 tenorem
1633 2568 1746 2634 laudat
1761 2570 1872 2636 Moses
1893 2571 1928 2635 in
1939 2570 2109 2637 servandis

114 2657 203 2742 quod
226 2657 318 2740 prius
340 2656 379 2720 de
401 2657 596 2722 animalibus
618 2655 753 2734 dixerat,
772 2677 831 2721 nee
848 2657 979 2720 frustra.
1020 2656 1083 2720 Nc·
1137 2656 1287 2723 omnibus
1308 2655 1373 2721 Dei
1394 2655 1571 2721 mandatis:
1594 2675 1632 2721 aa
1654 2657 1681 2720 si
1702 2654 1839 2736 diceret,
1858 2677 2051 2738 quacunque
2072 2656 2108 2720 in

114 2767 181 2827 que
209 2745 296 2807 enirn
325 2762 440 2824 parum
470 2741 601 2806 difficile
623 2741 687 2805 fuit
708 2762 747 2806 ex
769 2740 888 2825 sylvis,
911 2742 1086 2820 mentibus,
1138 2753 1230 2827 parte
1259 2743 1381 2825 placuit
1402 2740 1472 2807 Deo
1495 2744 1564 2806 eius
1589 2740 1803 2806 obedientiam
1834 2741 1986 2825 probare,
2013 2741 2106 2806 illum

115 2841 150 2895 et
183 2829 296 2894 lustris
328 2828 480 2911 colligere
509 2837 635 2892 tantam
657 2829 798 2892 ferarum
832 2825 1085 2906 multitudinem,
1137 2850 1265 2912 semper
1285 2829 1386 2893 fuisse
1408 2835 1620 2893 constantem.
1664 2826 1734 2892 Nee
1752 2835 1840 2892 certe
1857 2827 1914 2891 uni
1937 2826 1989 2892 vel
2012 2827 2107 2893 alteri

115 2936 255 2999 quarum
291 2914 414 2978 multae
447 2913 556 2977 forsan
594 2914 716 2994 speeies
749 2914 878 2996 ignotae
911 2919 1021 2976 crant:
1054 2921 1087 2978 et
1137 2915 1200 2980 Dei
1236 2913 1390 2979 mandato
1422 2934 1537 2996 parere
1569 2912 1675 2988 decet,
1709 2919 1747 2975 ut
1778 2911 1895 2976 mutila
1924 2912 2107 2978 obedientia

113 3011 188 3067 erat
199 3002 234 3064 in
247 2999 410 3082 plerisque
425 2998 536 3065 eadem
554 3018 650 3081 quam
669 3017 757 3062 nune
774 3000 938 3064 cernimus
956 2999 1084 3063 ferocia.
1138 3000 1308 3066 defunctus
1336 2998 1452 3064 deinde
1477 3007 1510 3063 te
1535 2996 1709 3064 subducas:
1740 2997 1917 3062 tenendum
1940 3008 1989 3062 est
2018 2999 2105 3063 enim

113 3087 228 3168 Quare
250 3099 398 3151 sanetum
421 3085 528 3149 virum
552 3085 675 3148 animat
700 3083 800 3162 Dcus,
824 3104 865 3147 ne
888 3105 926 3151 ea
949 3083 1086 3148 difficul-
1136 3085 1218 3150 illud
1246 3086 1369 3152 Iacobi:
1393 3083 1461 3165 Qui
1491 3084 1594 3150 vetuit
1622 3081 1783 3162 occidere,
1814 3082 1918 3147 furari
1946 3085 2044 3149 ctiam
2073 3092 2107 3150 et

112 3183 184 3237 tate
207 3171 349 3248 territus,
372 3185 405 3235 et
426 3192 483 3253 spe
505 3189 669 3235 successus
691 3170 824 3246 abiecta,
848 3168 985 3234 deficiat.
1022 3169 1086 3234 Hie
1137 3171 1299 3236 moechari
1321 3171 1436 3236 vetuit.
1481 3168 1652 3256 (Iacobo,
1677 3166 1742 3254 10.)

111 3272 227 3322 tamon
261 3257 367 3339 aliqua
400 3259 505 3338 primo
536 3256 657 3320 intuitu
688 3255 923 3337 repugnantiae
963 3255 1085 3336 speeies
1222 3258 1251 3322 6.
1276 3255 1589 3322 &stramentorum
1611 3273 1772 3319 annornm
1816 3253 1892 3319 Non
1915 3254 1985 3320 sine
2007 3274 2105 3320 causa

111 3351 266 3426 apparet:
303 3343 377 3424 quia
412 3361 510 3423 quum
550 3341 628 3406 bina
657 3341 748 3423 prius
781 3339 927 3418 dixisset,
961 3351 1084 3422 septem
1137 3343 1255 3407 iterum
1291 3341 1443 3408 describit
1479 3348 1617 3406 aetatem
1645 3339 1749 3404 Noah.
1800 3339 1873 3405 Hoc
1904 3340 1990 3405 enim
2024 3339 2104 3405 vitio

110 3451 202 3494 nuno
230 3427 330 3510 ponit.
376 3426 502 3492 Salutio
525 3427 559 3490 in
588 3435 740 3510 promptu
763 3435 827 3490 est:
850 3427 925 3508 quia
946 3425 1085 3490 antehae
1136 3428 1223 3493 inter
1256 3427 1319 3492 alia
1351 3427 1477 3492 laborat
1507 3434 1671 3503 senectus,
1702 3422 1788 3507 quod
1820 3424 1967 3491 homines
1999 3423 2106 3490 reddit

110 3533 288 3580 numerum
318 3534 384 3577 non
412 3513 572 3594 expressit
601 3513 727 3590 Moses,
751 3512 805 3576 sed
843 3520 969 3575 tantum
1003 3511 1085 3575 dixit
1135 3515 1240 3598 magis
1273 3532 1389 3596 segnes
1422 3531 1459 3574 ec
1496 3531 1656 3576 morosos:
1694 3531 1756 3592 quo
1792 3511 1896 3593 magis
1934 3511 2103 3593 perspicue

108 3599 267 3664 masculis
293 3595 457 3663 addendas
486 3599 585 3663 fuisse
611 3599 749 3662 feminas
777 3617 852 3662 siras
874 3597 1023 3662 comites:
1047 3617 1084 3662 ae
1135 3609 1271 3682 apparet
1292 3597 1372 3663 fides
1395 3596 1499 3677 Noah,
1521 3597 1661 3679 quaein
1684 3602 1789 3660 aetate
1810 3595 1868 3660 illa
1889 3617 1953 3661 non
1976 3593 2102 3661 defecit.

107 3687 138 3751 si
158 3683 305 3761 dixisset,
327 3684 450 3748 iussum
469 3682 569 3749 inisse
587 3684 692 3766 ipsum
705 3683 797 3748 Noah
816 3702 883 3746 non
901 3682 1084 3765 promiscue
1136 3683 1241 3749 Sicuti
1271 3692 1380 3748 autem
1409 3701 1527 3765 magna
1563 3680 1672 3746 fuerat
1704 3681 1808 3746 virtus
1841 3701 1899 3761 per
1933 3681 2103 3746 continuos

107 3789 305 3836 coacervare
333 3769 501 3846 animalia,
525 3769 579 3834 sed
603 3771 695 3852 paria
718 3791 759 3854 ex
789 3768 854 3832 illis
879 3767 1021 3851 deligere
1043 3767 1082 3832 ad
1134 3779 1264 3835 centum
1304 3789 1405 3833 annos
1438 3788 1502 3832 non
1544 3767 1767 3850 languescere:
1801 3765 1847 3830 ita
1880 3787 1946 3830 uon
1987 3786 2104 3849 parum

106 3853 356 3940 propagandam
373 3849 810 3920 sebalem:Nuneautemde
826 3873 960 3918 numero
977 3874 1082 3918 sermo
1133 3854 1239 3919 laudis
1264 3863 1408 3918 meretur
1441 3853 1510 3918 eius
1538 3851 1775 3935 promptitudo,
1809 3849 1893 3934 quod
1916 3872 2023 3916 arcam
2052 3853 2101 3916 in·

106 3953 169 4007 est.
215 3941 319 4005 Porro
341 3949 465 4022 septem
487 3951 521 4003 et
542 3949 674 4022 septem,
700 3939 847 4024 intellige
865 3961 929 4003 non
949 3937 1082 4003 totidem
1134 3941 1225 4023 gredi
1258 3941 1367 4005 iussus
1404 3939 1568 4021 extemplo
1604 3947 1703 4019 paret.
1754 3935 1864 4016 Quum
1902 3936 1998 4019 paulo
2031 3945 2104 4020 post

104 4029 204 4111 paria
221 4049 264 4090 ex
282 4026 420 4109 singulis
439 4026 619 4109 generibus,
637 4025 692 4089 sed
712 4037 812 4105 terna,
830 4025 947 4107 quibus
969 4045 1082 4107 super·
1133 4026 1262 4092 subiicit
1291 4025 1414 4102 Moses,
1444 4027 1627 4108 ingressum
1655 4024 1754 4087 fuisso
1776 4031 1909 4104 propter
1931 4044 2031 4106 aquas
2053 4021 2102 4088 di·

105 4113 244 4178 additur
262 4111 384 4176 animal
403 4133 503 4175 unum
524 4111 673 4176 sacrificii
695 4131 800 4176 eausa.
836 4109 950 4174 Voluit
972 4119 1081 4174 autem
1132 4111 1228 4190 luvii,
1262 4132 1328 4176 non
1362 4109 1480 4192 exponi
1514 4108 1624 4186 debet,
1660 4109 1752 4190 quasi
1781 4106 1979 4173 irruentibus
2008 4109 2102 4192 aquis

104 4198 274 4263 Dominus
310 4196 406 4280 triplo
435 4198 589 4261 maiorem
625 4209 747 4261 restare
780 4195 976 4262 mundorum
1011 4197 1081 4259 ani·
1132 4211 1263 4263 coaetus
1286 4196 1329 4260 sit
1350 4197 1384 4259 in
1408 4216 1515 4260 aream
1539 4195 1666 4277 fugere;
1689 4192 1744 4258 sed
1768 4195 1844 4274 quia
1866 4191 1964 4259 verbo
1987 4201 2103 4258 treme-

104 4284 245 4349 melium
275 4303 463 4361 numerum,
487 4283 572 4365 quod
602 4281 705 4346 maior
734 4283 863 4345 futurus
885 4289 955 4344 erat
977 4280 1079 4346 homi-
1132 4283 1236 4348 laetus
1258 4281 1426 4359 diluvium,
1450 4279 1533 4363 quod
1558 4278 1710 4343 ridebant
1726 4299 1838 4343 omnes
1859 4277 1924 4357 alii,
1947 4279 2009 4342 fide
2032 4299 2102 4344 eer-

103 4369 207 4434 nibus
228 4367 357 4433 illorum
383 4389 470 4433 usus.
514 4367 554 4432 In
581 4387 643 4450 quo
672 4365 855 4450 reputanda
875 4375 925 4430 est
945 4375 1082 4448 paterna
1132 4368 1240 4433 nebat.
1293 4367 1403 4448 Quare
1432 4386 1545 4431 rursus
1579 4363 1733 4428 landatur
1761 4364 1831 4428 eius
1862 4361 1941 4428 fides
1972 4365 2006 4428 ia
2040 4364 2101 4428 hac

104 4457 180 4520 eius
213 4475 292 4537 erga
321 4475 378 4518 nos
408 4454 551 4529 bonitas,
573 4475 636 4536 qua
663 4451 829 4517 inducitur
856 4462 893 4515 ut
920 4453 1023 4518 nostri
1047 4454 1079 4518 in
1130 4453 1300 4536 particula,
1324 4449 1408 4534 quod
1427 4451 1549 4516 scilicet
1570 4470 1668 4531 supra
1685 4448 1810 4514 eoelum
1829 4457 1862 4512 et
1883 4457 2005 4512 terram
2027 4469 2101 4514 ocu-

104 4539 264 4606 omnibus
285 4541 444 4605 rationem
466 4538 591 4604 habeat.
622 4545 628 4556 '
1131 4539 1179 4605 los
1197 4537 1362 4604 extulerit.

198 4624 227 4690 3.
259 4623 298 4690 et
328 4626 433 4691 vinnm
461 4629 652 4691 conectatur
683 4644 793 4690 senen.
843 4621 916 4688 Hoc
949 4631 1014 4701 est,
1043 4633 1080 4688 ut
1216 4625 1245 4690 8.
1270 4623 1324 4688 Ea
1352 4621 1485 4687 animali
1514 4619 1637 4686 mando.
1681 4619 1778 4684 Nune
1806 4618 1961 4700 exprimit
1992 4617 2103 4684 Moses

104 4711 187 4777 inde
225 4720 378 4776 nascatur
407 4709 540 4776 soboles.
586 4710 760 4776 (laetorum
790 4708 851 4774 hoo
878 4709 1017 4773 refertur
1039 4710 1079 4774 ad
1130 4709 1216 4792 quod
1239 4709 1373 4774 dubium
1397 4706 1503 4772 adhue
1524 4715 1610 4783 erat,
1635 4703 1792 4789 quomodo
1817 4704 1938 4768 scilicet
1967 4703 2102 4769 collecta

103 4800 217 4880 ipsum
249 4797 351 4860 Noah.
403 4797 476 4862 Etsi
509 4797 594 4861 enim
628 4797 716 4862 solus
748 4793 840 4859 Deus
874 4794 1002 4875 proprie
1034 4795 1080 4859 lo·
1129 4795 1253 4860 luerint
1281 4793 1435 4858 animalia
1456 4794 1488 4856 in
1518 4811 1641 4856 arcam:
1665 4788 1743 4854 dicit
1772 4798 1878 4853 autem
1906 4800 2020 4872 sponte
2043 4810 2100 4856 ve-

103 4881 240 4967 quendo
271 4883 428 4957 vivificat,
458 4883 587 4965 respicit
616 4891 724 4946 tamen
754 4882 844 4945 Deus
872 4899 953 4960 quas
985 4901 1079 4946 servo
1130 4881 1226 4946 nisae.
1263 4880 1336 4945 Hoc
1358 4880 1386 4944 si
1408 4879 1459 4943 oui
1479 4877 1609 4943 videtur
1627 4874 1812 4954 absurdum,
1830 4873 1986 4938 memoria
2008 4896 2101 4956 repe-

101 4991 166 5034 suo
199 4977 308 5051 partes
336 4968 531 5032 iniunxerit:
555 4975 589 5032 et
613 4967 784 5032 ministerii
814 4974 961 5046 respectu
988 4965 1080 5030 iubet
1130 4974 1178 5030 tat
1198 4965 1281 5048 quod
1310 4965 1403 5048 prius
1430 4963 1550 5027 dictum
1574 4963 1649 5039 fnit,
1673 4961 1765 5025 initio
1787 4981 1881 5023 omne
1903 4979 2006 5042 genus
2029 4961 2101 5024 ani·

102 5075 184 5119 eum
215 5054 370 5118 animalia
397 5054 564 5138 colligere,
595 5061 632 5117 ut
664 5073 774 5117 semen
810 5051 960 5115 vivificet.
1012 5051 1079 5116 Neo
1129 5052 1226 5115 malla
1249 5071 1283 5115 se
1304 5050 1460 5116 obtulisse
1483 5049 1584 5125 Adae,
1607 5059 1642 5111 ut
1663 5046 1729 5112 illis
1751 5046 1882 5109 nomina
1906 5045 2097 5127 imponeret.

100 5142 246 5215 mirum,
288 5161 386 5222 qaum
421 5139 583 5224 evangelii
616 5137 756 5203 ministri
794 5137 942 5201 dicantur
976 5136 1077 5200 vitam
1127 5137 1286 5201 Neesane
1304 5137 1366 5200 alia
1385 5135 1425 5199 de
1446 5155 1543 5200 eausa
1560 5133 1732 5198 horremus
1749 5131 1892 5194 letarum
1910 5130 2098 5213 adspectum

99 5225 314 5308 spiritualem
343 5224 498 5290 conferre.
549 5225 589 5289 In
624 5223 782 5306 particula
815 5242 899 5305 quae
931 5223 1077 5304 proxime
1129 5222 1191 5287 nisi
1214 5223 1289 5304 quia
1319 5241 1455 5286 excusse
1479 5220 1540 5283 Dei
1573 5219 1650 5300 iugo
1678 5217 1852 5300 imparium
1883 5215 1963 5280 illud
1991 5216 2098 5298 perdi-

99 5310 270 5394 scqrtitur:
307 5309 407 5392 Super
434 5311 547 5392 faciem
575 5311 676 5376 manis
704 5315 817 5385 laroc,
842 5307 963 5390 duplex
992 5309 1077 5373 inest
1129 5305 1251 5388 dimus,
1274 5327 1337 5390 quo
1368 5305 1534 5388 praeditus
1556 5317 1625 5368 erat
1647 5302 1763 5367 Adam.
1808 5301 1886 5366 Fuit
1910 5310 2018 5365 autem
2041 5302 2099 5367 illa

209 5410 324 5465 Golciai
340 5427 431 5479 opera.
458 5411 515 5466 Vol.
535 5411 659 5466 XXIII.
1877 5403 1894 5457 9
