4988 6192
374 420 439 486 oce
1037 416 1408 487 oonnnnnsmos
1431 415 1480 480 ιιι
1504 411 1718 482 oannem.
2299 417 2354 484 sio
2464 399 2465 448 ³

376 609 624 759 asiscati
639 623 826 768 stlat
849 607 1061 756 Bilial'}
1082 609 1351 770 attritis
1400 604 1569 756 litet
1591 602 1799 770 3ῗὲἰῖιέἒὲ
1817 607 2353 757 solatiantibus

377 781 466 845 Deus
491 777 601 861 patris
627 777 721 842 vestm
749 775 832 840 dedit
863 773 949 840 vobis
976 775 1157 842 thesaurum
1184 778 1220 842 in
1251 777 1351 842 soccis
1401 796 1479 862 gere
1499 783 1611 842 coacta
1628 773 1745 852 inerit,
1767 793 1805 838 ac
1827 772 1922 854 panis
1944 772 2093 838 triticeus
2115 771 2214 838 luerit
2234 773 2353 844 divitum

376 859 1352 944 cestriapccnniavestrovenitudme:etaciducitodeosSim·
1401 862 1560 928 lautitiae.
1595 859 1688 925 Dura
1703 879 1801 942 porro
1821 858 1884 922 fuit
1904 857 1986 924 haee
2009 859 2154 937 tentatie,
2178 859 2258 942 qued
2278 883 2356 928 sane

376 951 445 1016 ion.
489 949 540 1014 24.
564 947 609 1012 Et
637 947 742 1012 venire
761 946 834 1028 fecit
854 947 905 1012 vir
926 947 981 1012 ille
1004 947 1141 1014 homines
1162 950 1198 1013 in
1225 949 1351 1015 domum
1402 956 1456 1013 tus
1473 946 1582 1027 Iacob,
1602 946 1694 1012 cuius
1716 965 1827 1010 euram
1845 951 2034 1028 susceperat
2051 944 2151 1022 Deus,
2174 945 2277 1010 inedia
2291 969 2353 1029 pro

378 1035 506 1118 Ioseph:
527 1038 555 1099 et
573 1033 659 1100 dedit
680 1053 803 1114 aquom
825 1036 853 1096 et
874 1031 1014 1098 laverunt
1030 1033 1126 1116 pedes
1147 1055 1229 1114 suos,
1251 1040 1280 1100 et
1301 1035 1351 1100 de·
1401 1031 1577 1118 pemodum
1600 1052 1675 1098 eum
1697 1029 1767 1096 suis
1788 1028 1942 1108 tabescit,
1964 1028 2051 1112 quod
2074 1041 2162 1095 terra
2184 1031 2273 1096 ouius
2291 1054 2356 1100 oon·

376 1123 424 1188 dit
448 1119 603 1203 pabulum
635 1119 738 1183 ιιιιιιιε
770 1137 882 1183 omum.
933 1117 985 1184 25.
1016 1117 1216 1186 Paraverunt
1249 1124 1352 1186 nutem
1403 1120 1538 1185 stitutus
1560 1124 1631 1182 erat
1658 1115 1824 1193 dominus,
1858 1125 1896 1181 ut
1921 1113 1988 1180 illic
2010 1113 2090 1180 lelix
2113 1117 2258 1180 omnium
2277 1119 2355 1201 copia

376 1227 510 1286 annuus,
545 1205 620 1271 dvm
656 1203 771 1270 veniret
805 1201 918 1284 Iosepn
946 1205 981 1270 in
1009 1205 1155 1270 nemo.-
1182 1205 1352 1271 audieruat
1402 1204 1570 1284 afflueret,
1610 1221 1728 1286 panem
1762 1201 1861 1266 etiam
1894 1201 2067 1284 peregrino
2099 1213 2207 1286 negat
2259 1203 2355 1269 Potuit

377 1294 460 1361 enim
481 1291 562 1376 quod
584 1291 629 1356 ibi
650 1290 815 1355 comesturi
841 1295 940 1354 essent
959 1311 1086 1374 ponem.
1131 1291 1180 1357 26.
1206 1290 1250 1354 Bt
1270 1291 1353 1356 venit
1402 1291 1489 1357 enim
1507 1289 1619 1372 gravis
1637 1309 1712 1353 eum
1731 1285 1888 1353 dubitatio
1905 1285 2082 1370 percellere
2099 1285 2177 1370 quid
2196 1287 2258 1354 sibi
2274 1289 2358 1354 redet

380 1378 495 1460 Ioseph
517 1377 560 1443 od
581 1377 720 1454 domum
750 1375 970 1442 detulerunt
989 1377 1019 1441 ei
1039 1397 1156 1442 munus
1183 1377 1264 1458 quod
1285 1380 1352 1442 erat
1402 1375 1570 1459 praeclara
1609 1371 1664 1438 illa
1702 1372 1888 1456 promissio:
1922 1371 1994 1455 Ego
2031 1393 2105 1438 sum
2139 1372 2232 1439 Deus
2262 1371 2358 1456 Sadai,

378 1468 414 1531 in
441 1484 538 1530 manu
566 1482 670 1528 eornm
698 1461 734 1526 in
767 1461 907 1528 donmm:
939 1466 967 1527 et
998 1463 1237 1528 incurvaverunt
1262 1483 1296 1528 se
1323 1459 1353 1527 ei
1402 1481 1511 1528 cresce
1533 1469 1566 1526 et
1588 1478 1738 1544 augesce:
1763 1457 1899 1544 egotibi
1923 1455 2124 1525 benedicam.
2168 1459 2259 1526 Utile
2280 1460 2358 1527 nobis

378 1571 474 1634 sivper
492 1555 617 1614 cenna
653 1548 705 1613 m.
729 1545 772 1612 Bt
792 1548 997 1630 interroqavit
1013 1569 1063 1614 eos
1080 1549 1117 1614 cie
1132 1550 1351 1630 prosperitate,
1402 1556 1454 1614 est
1475 1548 1557 1613 haec
1583 1555 1770 1612 sanctorum
1800 1552 1930 1627 patrum
1964 1544 2143 1610 certamina
2172 1543 2290 1611 habere
2315 1567 2356 1611 co·

378 1637 525 1703 etdicit:
548 1633 637 1698 Num
658 1653 758 1698 sonus
778 1637 823 1698 est
839 1637 933 1713 pater
954 1639 1054 1698 vestm
1074 1655 1169 1699 senec
1190 1655 1279 1714 quem
1301 1633 1351 1699 di·
1403 1633 1511 1717 gnita,
1545 1638 1582 1698 ut
1607 1630 1723 1697 iisdem
1746 1630 1863 1714 quibus
1886 1631 2038 1697 vicerunt
2059 1629 2159 1695 armis
2180 1643 2359 1716 pugnantes,

379 1721 522 1788 emotis?
548 1720 636 1784 Num
665 1719 767 1783 adbuc
788 1717 888 1782 civit?
931 1718 983 1784 28.
1008 1719 1051 1783 Et
1072 1721 1234 1784 dicmensi:
1257 1717 1352 1785 Pros·
1403 1742 1464 1786 nos
1486 1739 1613 1802 quoque
1636 1717 1750 1782 invicti
1773 1723 1914 1795 stemus,
1936 1714 2085 1799 quamvis
2097 1713 2188 1780 Deus
2212 1715 2359 1800 praesenti

372 1829 451 1892 pere
472 1811 517 1872 est
536 1827 624 1871 servo
646 1811 696 1870 tuo
722 1806 812 1886 patri
838 1808 954 1886 nostro,
986 1803 1088 1870 odiam
1113 1806 1204 1870 vivit:
1235 1811 1354 1887 etpro-
1403 1805 1525 1871 auxilio
1546 1825 1606 1870 nos
1628 1801 1794 1868 destituat.

380 1894 535 1974 ciderunt,
569 1896 596 1957 et
623 1893 861 1956 incurvaverunt
881 1911 922 1956 se.
966 1890 1354 1956 centenariones
1490 1891 1520 1956 3.
1552 1887 1597 1956 Et
1621 1888 1704 1954 dicit
1733 1888 1776 1953 od
1805 1907 1876 1952 cum
1904 1885 2056 1952 Ieiudai.
2109 1883 2252 1952 Videtur
2275 1887 2362 1955 Iudas

381 2001 469 2060 suos,
492 1983 519 2044 et
540 1977 620 2044 vidit
641 1975 813 2042 Beniamin
832 1974 966 2058 fratrem
987 1997 1094 2056 sunm,
1114 1977 1219 2058 filimn
1240 1978 1353 2043 matris
1404 1975 1528 2062 aliquid
1546 1977 1712 2059 effingere,
1735 1983 1772 2039 ιιι
1790 1995 1809 2038 a
1827 1981 1920 2058 patre
1938 1983 2131 2056 extorqueat
2152 1972 2240 2056 quod
2257 1975 2363 2042 sciebat

381 2087 472 2144 suae,
503 2063 649 2129 addicit:
673 2061 761 2126 Num
789 2063 845 2126 iste
871 2067 915 2128 est
938 2063 1039 2143 frater
1066 2067 1164 2128 vester
1191 2064 1352 2140 minimus,
1404 2085 1471 2128 non
1503 2063 1642 2128 libenter
1674 2059 1846 2126 daturum:
1881 2057 1938 2124 sed
1976 2059 2143 2143 probabile
2174 2068 2227 2125 eet
2258 2061 2365 2126 multoe
2467 2083 2468 2158 }

381 2172 471 2235 quem
492 2149 650 2215 diceretis
671 2147 773 2212 miii?
796 2145 838 2212 Et
859 2147 959 2214 dicit:
980 2147 1071 2214 Deus
1092 2149 1277 2214 miserentur
1298 2147 1354 2228 tui,
1403 2148 1491 2214 ultro
1513 2149 1659 2230 citroque
1680 2145 1810 2211 habitos
1831 2144 1931 2210 fuisse
1956 2165 2140 2223 sermones,
2169 2165 2251 2228 quos
2270 2147 2365 2212 Moses

378 2238 429 2320 fili
455 2237 508 2300 mi.
554 2235 605 2300 30.
633 2233 676 2299 Bt
701 2234 864 2316 festinavit
893 2230 1024 2315 Ioseph,
1052 2235 1129 2316 quio
1158 2235 1355 2299 incoluerunt
1404 2256 1463 2300 suo
1484 2233 1555 2300 loce
1578 2255 1644 2298 non
1665 2229 1838 2297 recensuit.
1873 2229 1943 2296 Nec
1965 2231 2083 2296 mirum
2107 2239 2164 2308 est,
2188 2253 2288 2315 quum
2309 2241 2366 2296 tam

380 2322 593 2389 misercdioaes
615 2321 684 2386 eins
704 2341 798 2403 snper
817 2317 950 2400 fratrem
970 2339 1072 2400 nium,
1098 2325 1124 2384 et
1146 2321 1301 2401 evocavit
1321 2323 1356 2384 ut
1405 2318 1520 2404 cupide
1543 2326 1710 2402 appeteret
1721 2316 1843 2399 Ioseph
1864 2325 2074 2400 conspectum
2097 2317 2211 2382 fratris
2229 2317 2279 2382 eui
2291 2317 2365 2384 Ben-

377 2411 481 2490 steret:
513 2409 674 2490 inpressas
702 2411 747 2471 est
779 2406 883 2486 itaque
914 2405 1100 2486 munium,
1134 2411 1161 2470 et
1188 2406 1274 2486 cievit
1300 2405 1352 2470 ibi.
1404 2406 1516 2484 iamin,
1535 2405 1783 2488 quibuscunque
1801 2402 1909 2486 potuit
1926 2401 2030 2468 modis
2044 2402 2080 2466 in
2099 2403 2161 2468 hoc
2178 2403 2365 2470 incubuisse:

381 2496 434 2560 31.
458 2493 501 2558 Bt
518 2491 595 2558 lavit
613 2490 730 2573 faciem
747 2511 849 2572 suam,
871 2495 899 2556 et
920 2511 1062 2575 epressm
1083 2495 1136 2571 est,
1159 2496 1187 2556 et
1203 2493 1266 2558 cim
1282 2491 1355 2574 fecit
1406 2513 1443 2558 ac
1476 2491 1548 2556 lieri
1581 2496 1689 2573 potest
1722 2496 1758 2552 ut
1794 2487 1995 2568 testificatio,
2033 2487 2095 2553 hoe
2127 2494 2194 2568 ost,
2235 2487 2366 2572 legitima

381 2581 459 2659 sibi,
488 2583 516 2644 et
539 2578 637 2646 dicit:
660 2578 815 2660 apponite
834 2597 961 2658 ponem.
981 2575 1057 2643 .32.
1080 2576 1124 2642 Et
1144 2582 1355 2658 opposuerunt
1406 2579 1545 2662 sponsio,
1568 2575 1663 2642 sicuti
1681 2575 1716 2640 in
1739 2571 1865 2638 indiciis
1887 2573 1959 2640 lieri
1981 2573 2073 2652 solet,
2096 2573 2316 2641 intercesserit
2335 2573 2368 2637 de

383 2667 580 2742 eiseorsum,
603 2663 728 2746 illisque
750 2682 903 2728 seorsum:
925 2663 1129 2746 etAepyptiis
1147 2664 1203 2745 qui
1223 2662 1354 2728 maude-
1405 2662 1550 2730 sietendo
1571 2663 1680 2727 fratre.
1725 2660 1799 2726 Hoc
1826 2678 1905 2724 vero
1933 2667 2046 2726 notatu
2076 2658 2236 2744 dignum,
2268 2660 2367 2725 referri

382 2753 456 2818 baert
483 2770 552 2816 cum
579 2769 628 2828 eo,
661 2769 817 2814 seorsum:
850 2768 911 2812 nori
932 2749 1015 2814 enim
1037 2753 1185 2829 venrant
1205 2748 1355 2832 Aepyptii
1406 2749 1539 2834 longam
1566 2747 1833 2830 disceptationem
1856 2766 1875 2809 a
1897 2745 2007 2823 Mose,
2041 2767 2139 2828 quam
2168 2745 2286 2812 habuit
2305 2765 2369 2810 eum

381 2835 534 2903 materiem
555 2854 625 2900 cnm
647 2833 802 2900 Hebraeis
816 2853 953 2914 ponem:
980 2834 1057 2915 quia
1078 2833 1267 2899 abominatio
1287 2837 1356 2900 erut
1407 2833 1483 2902 filiis
1505 2833 1575 2900 suis
1596 2833 1710 2912 Iacob,
1737 2842 1773 2897 ut
1794 2831 1936 2897 sciamus
1959 2851 2056 2914 quam
2079 2853 2176 2916 aegro
2200 2854 2314 2916 passus
2333 2831 2370 2896 sit

382 2922 558 3007 Aepyptiis.
608 2921 659 2986 33.
691 2919 734 2984 Et
760 2919 905 2984 sederunt
935 2939 1038 2986 emam
1067 2939 1100 2986 co
1126 2920 1355 3002 primopmitus
1408 2943 1484 2987 ase
1505 2919 1605 2986 avelli
1632 2919 1738 2984 filium
1770 2937 1866 2983 suum
1889 2917 2074 2984 Beniamin.
2118 2917 2267 2984 Tametsi
2293 2916 2370 2982 enim

382 3007 552 3074 secundum
566 3005 851 3090 prirnoqeniturom
867 3025 969 3085 suam,
991 3009 1157 3088 etporvne
1174 3006 1263 3070 inacta
1274 3026 1356 3087 par·
1408 3015 1524 3092 urgeat
1552 3005 1671 3083 fames,
1702 3025 1768 3068 non
1798 3001 1970 3068 tumendo
1998 3002 2055 3070 illo
2088 3004 2264 3069 retinendo
2291 3023 2372 3068 secus

383 3094 512 3160 vituten
533 3112 640 3158 mern:
668 3095 697 3157 et
722 3091 873 3158 miniati
894 3095 968 3172 sunt
988 3092 1053 3156 viri
1080 3092 1294 3176 unusquisqne
1315 3091 1358 3157 ad
1408 3092 1586 3171 contendit,
1607 3111 1703 3174 quam
1723 3089 1751 3156 si
1770 3089 1810 3154 de
1829 3089 1928 3155 totius
1947 3088 2090 3154 familiae
2108 3089 2217 3156 salute
2235 3097 2371 3156 certaret.

377 3178 564 3263 monimum
592 3197 693 3242 sumn.
738 3177 789 3242 34.
811 3175 856 3242 Bt
883 3178 999 3258 accepit
1019 3181 1130 3261 portes
1151 3199 1172 3242 a
1192 3177 1273 3260 facie
1298 3197 1357 3242 aro
1411 3176 1505 3246 Unde
1535 3179 1652 3243 iterum
1681 3175 1887 3254 coniiaimus,
1920 3173 2004 3240 filice
2032 3173 2187 3242 habuisse
2217 3181 2374 3258 suspectos

384 3265 429 3332 od
450 3263 531 3344 ilios,
555 3263 822 3416 etmultffliicavit
837 3268 964 3344 portem
975 3261 1151 3329 Beniamin
1165 3263 1245 3346 plus
1261 3283 1358 3345 quom
1409 3263 1554 3330 nefariae
1576 3261 1836 3346 conspirationis.
1877 3259 1953 3342 Qua
1974 3261 2076 3326 etiam
2098 3259 2138 3327 de
2160 3281 2265 3329 causa
2285 3259 2372 3326 Indae

378 3355 491 3436 portes
513 3349 650 3416 manium
677 3351 683 3364 '
708 3368 806 3427 mum,
828 3349 966 3432 quinque
981 3349 1138 3432 partibus,
1160 3355 1188 3415 et
1210 3347 1357 3428 biberunt,
1409 3369 1599 3434 sponsorem
1621 3370 1656 3414 ee
1677 3347 1783 3413 offert.
1826 3345 1943 3430 Neque
1970 3348 2060 3412 enim
2081 3345 2121 3412 de
2143 3355 2269 3414 eventu
2293 3341 2374 3430 quid-

385 3443 412 3504 et
433 3435 664 3502 inebriaverunt
684 3456 717 3501 se
738 3454 808 3500 cnm
829 3455 870 3500 co.
1410 3457 1509 3520 quam
1530 3433 1701 3520 promittit,
1723 3432 1781 3500 sed
1803 3439 1932 3498 tantum
1954 3441 1991 3497 ιιι
2005 3454 2041 3498 se
2063 3441 2095 3498 et
2116 3433 2238 3500 iratres
2259 3439 2375 3516 purget,

1409 3523 1471 3588 hac
1492 3522 1565 3606 lege
1584 3519 1758 3586 Beniamin
1781 3518 1897 3602 recipit
1914 3518 1950 3582 in
1968 3539 2062 3584 suam
2085 3518 2282 3600 custodiam,
2302 3514 2377 3583 utsi

472 3609 501 3672 1.
528 3605 627 3672 Porro
647 3605 748 3687 fomes
767 3605 877 3690 procis
898 3609 965 3671 erut
982 3607 1016 3670 in
1033 3610 1125 3672 terro.
1160 3605 1234 3671 Hoc
1252 3603 1359 3689 capite
1410 3605 1488 3691 quid
1506 3607 1537 3672 ei
1554 3607 1652 3672 fuerit
1673 3605 1801 3671 illatum
1824 3603 1972 3682 iniuriae,
1996 3625 2133 3687 poenam
2155 3605 2229 3688 ipse
2248 3606 2376 3672 crimen-

385 3704 539 3759 narratur
567 3690 712 3758 secunda
741 3693 775 3756 in
804 3690 995 3777 Aegyptum
1029 3692 1184 3775 profectio
1217 3691 1360 3758 filiorum
1433 3714 1473 3758 ue
1494 3693 1665 3760 sustineat.
1700 3691 1803 3757 Porro
1825 3689 1866 3758 ab
1888 3690 2037 3774 exemplo
2054 3691 2151 3758 laceb
2174 3689 2377 3758 tolerantiam

384 3778 491 3858 Iacob,
514 3799 613 3862 quum
637 3777 726 3861 prior
744 3797 875 3842 annona
893 3785 1085 3860 consumpta
1106 3785 1200 3845 esset.
1235 3777 1359 3859 Quaeri
1410 3715 1582 3855 diseamus,
1601 3779 1737 3862 eisaepo
1750 3776 1913 3843 Dominus
1927 3777 2020 3860 quasi
2038 3777 2195 3843 adhibitis
2216 3773 2378 3844 tormentis

386 3875 496 3931 autem
525 3873 632 3947 potest
661 3862 722 3928 hoc
752 3861 822 3929 loco
853 3863 1014 3946 quemodo
1048 3861 1205 3928 familiam
1235 3862 1288 3929 vel
1318 3863 1358 3929 ad
1402 3865 1515 3932 ¹multa
1535 3885 1596 3930 nos
1625 3871 1753 3947 praeter
1780 3862 1883 3928 animi
1911 3863 2106 3929 sentemiam
2134 3863 2245 3930 lacere
2278 3867 2376 3945 cogat:

385 3972 506 4036 pcrucos
528 3947 596 4014 dies
624 3947 743 4013 eluerit
764 3947 862 4015 Iacob
886 3957 952 4014 tam
980 3950 1098 4034 exiguo
1128 3949 1250 4016 tritico:
1282 3969 1360 4015 nam
1411 3972 1515 4034 neque
1537 3949 1627 4016 enim
1648 3949 1744 4016 aliter
1765 3949 1870 4014 filium
1893 3947 2037 4028 dimittit,
2060 3951 2213 4034 quamsi
2238 3947 2280 4014 ad
2303 3967 2377 4012 mor·

385 4047 423 4102 ut
441 4036 555 4101 danius
575 4034 685 4117 plures
702 4053 721 4096 a
739 4034 877 4118 singulis
892 4034 1007 4101 ductos
1024 4035 1125 4100 fuisse
1144 4036 1262 4114 asinoe,
1282 4033 1360 4120 quid
1410 4043 1476 4102 tem
1499 4036 1718 4118 prostitueret.

386 4123 449 4187 hoc
477 4121 517 4186 ad
547 4117 726 4204 pascendos
757 4127 918 4186 trecentos
947 4119 1120 4186 homines?
1144 4120 1229 4186 Nam
1259 4143 1360 4205 quum
1497 4121 1547 4187 12.
1584 4122 1693 4188 Tollite
1730 4121 1768 4188 de
1804 4119 1959 4204 fructibus
1996 4120 2131 4203 optimis.
2187 4119 2379 4203 Quanquam

386 4208 509 4274 maiore
538 4226 709 4272 seruorum
738 4226 875 4272 numero
905 4204 1086 4272 abundaret
1107 4207 1294 4288 Abraham,
1328 4219 1360 4272 ot
1411 4208 1536 4274 fruetus
1559 4229 1639 4292 quos
1655 4215 1832 4281 ‚enumerat
1855 4207 1972 4285 Moses,
1996 4228 2117 4292 magna
2138 4227 2180 4272 ex
2204 4217 2301 4290 parte
2323 4225 2380 4269 non

387 4293 428 4360 de
450 4292 554 4360 servis
575 4290 669 4358 Isaeo
690 4310 792 4373 supra
813 4291 896 4358 iacta
918 4291 1019 4356 fuerit
1048 4291 1185 4358 mentio:
1216 4313 1282 4358 non
1311 4299 1361 4359 est
1412 4304 1506 4360 erant
1528 4292 1702 4358 admodum
1726 4291 1869 4378 pretiosi,
1891 4293 1968 4376 quia
1990 4303 2101 4358 tamen
2123 4304 2191 4356 non
2216 4301 2292 4358 erat
2313 4311 2381 4358 cen·

386 4378 542 4447 credibile
559 4378 606 4444 sio
625 4398 756 4460 prorsus
777 4375 939 4443 nudatum
953 4377 1171 4460 fuiseolacob,
1189 4387 1228 4442 nt
1245 4399 1361 4444 servus
1413 4380 1491 4446 ditio
1518 4379 1622 4445 saneti
1643 4379 1758 4460 Iacob,
1788 4389 1826 4444 ut
1854 4399 1975 4446 munus
2003 4378 2133 4462 aliquod
2154 4379 2292 4462 regium
2314 4376 2382 4441 mit·

387 4464 500 4532 nullus
540 4471 688 4530 restaret.
745 4460 783 4528 Si
816 4461 960 4528 dieamus
994 4463 1160 4530 hominem
1200 4463 1361 4530 advenam
1413 4474 1512 4541 teret,
1548 4473 1642 4549 prout
1676 4464 1800 4531 serebat
1832 4464 2003 4530 mediocris
2035 4464 2189 4544 facultas,
2226 4464 2382 4530 rationem

387 4553 473 4618 fame
494 4550 593 4616 luisse
622 4555 771 4615 coactum
793 4546 835 4614 ad
857 4569 970 4615 omnes
999 4547 1204 4628 vendendos,
1233 4549 1362 4616 incerta
1412 4551 1528 4618 habuit
1548 4549 1698 4636 placandi
1714 4549 1843 4633 Ioseph.
1876 4551 2005 4617 Deinde
2027 4551 2147 4616 scimus
2169 4551 2304 4617 fructus
2323 4569 2382 4616 non

388 4638 452 4703 erit
478 4636 644 4702 divinatio.
690 4633 775 4699 Mihi
803 4634 936 4700 videtur
963 4636 1067 4720 magis
1096 4642 1360 4716 consentaneum,
1413 4638 1518 4720 pretio
1541 4657 1670 4720 semper
1691 4637 1867 4702 aestimari.
1912 4637 2088 4703 Caeterum
2114 4645 2292 4720 postquam
2316 4635 2384 4700 filiis

387 4721 576 4810 glandibus,
611 4721 735 4800 herbis,
765 4728 798 4784 et
823 4718 987 4785 radicibus
1010 4722 1186 4788 victitasse.
1231 4721 1362 4788 Scimus
1413 4722 1582 4788 mandavit
1600 4721 1684 4806 quod
1703 4723 1783 4787 utile
1802 4743 1873 4788 esee
1892 4722 2045 4801 ducebat,
2071 4721 2205 4787 tandem
2226 4722 2384 4788 convertit

389 4810 478 4874 enim
501 4807 693 4887 orientales,
714 4805 906 4889 praesertim
927 4806 982 4872 ubi
1005 4816 1100 4892 urget
1122 4807 1233 4891 aliqua
1254 4829 1363 4874 neces·
1414 4829 1449 4874 se
1472 4808 1512 4874 ad
1535 4829 1661 4893 preces,
1686 4818 1723 4872 ut
1744 4809 1835 4874 Deus
1857 4809 2003 4874 faverem
2025 4808 2105 4892 ipsis
2127 4807 2217 4890 apud
2247 4805 2343 4891 praei
2372 4841 2383 4852 ·

389 4896 478 4972 sitas,
500 4901 670 4958 contentos
692 4913 764 4956 esse
786 4891 876 4957 tenui
894 4900 926 4956 et
949 4892 1038 4958 arido
1062 4894 1161 4973 victu,
1184 4903 1217 4958 et
1240 4891 1362 4958 videbi·
1414 4901 1485 4958 tum
1508 4896 1653 4978 Aegypti
1686 4893 1844 4960 conciliet.
1888 4894 2071 4978 Utrumque
2099 4891 2192 4958 nobis
2224 4893 2384 4978 qondam

388 5001 463 5046 mus
481 4977 578 5064 paulo
596 4988 678 5062 post,
700 4979 735 5042 in
752 4977 811 5044 illa
830 4977 928 5044 tritici
946 4979 1084 5060 penuria
1102 4981 1200 5046 fuisse
1223 4978 1363 5044 aliorum
1413 4987 1473 5060 est,
1495 4981 1619 5062 quoties
1640 4981 1674 5045 in
1698 4980 1806 5062 aliquo
1828 4981 1959 5063 negotio
1980 4979 2129 5063 perplexi
2151 5000 2289 5044 sumus:
2315 4998 2383 5042 nam

388 5067 555 5132 fructuum
577 5074 782 5147 proventum.
828 5062 884 5131 Sia
906 5064 1008 5148 igitur
1029 5067 1177 5145 arbitror,
1200 5085 1268 5130 non
1290 5064 1363 5150 plus
1413 5066 1671 5149 necquidquam
1694 5085 1806 5130 eorum
1829 5087 1911 5148 quae
1932 5065 2118 5149 expediunt,
2142 5064 2195 5129 vel
2221 5065 2303 5130 usui
2325 5063 2386 5129 fore

389 5162 536 5234 emptum
548 5151 648 5216 fuisse
666 5149 766 5216 tritici
783 5170 881 5233 quam
903 5147 988 5233 quod
1000 5150 1063 5234 ipsi
1075 5152 1172 5220 Iacob
1189 5149 1363 5234 liberisque
1415 5151 1585 5230 videntur,
1619 5151 1770 5216 omittere
1802 5152 1970 5216 convenit:
2005 5161 2038 5216 et
2071 5159 2179 5216 tamen
2212 5151 2249 5216 in
2282 5149 2385 5215 Deum

390 5258 427 5304 ao
449 5237 623 5320 nepotibus
644 5238 678 5302 in
699 5236 860 5321 frugalem
879 5243 912 5300 et
933 5239 1119 5304 restrictum
1142 5235 1248 5304 cibum
1272 5237 1362 5301 sulii·
1413 5238 1602 5310 recumbere
1627 5246 1763 5320 oportet.
1808 5235 1902 5302 Nihil
1922 5238 2009 5303 enim
2032 5235 2183 5321 ignaviae
2207 5238 2315 5302 affine
2334 5236 2389 5302 ha·

390 5332 493 5388 aeret:
527 5323 632 5389 servis
660 5321 850 5388 demensum
883 5320 1014 5388 aliunde
1040 5325 1141 5392 fuiem
1169 5322 1362 5392 confectum.
1413 5321 1512 5388 bebat
1533 5322 1609 5388 fidei
1632 5321 1870 5407 tranquillitas,
1895 5321 1952 5390 sed
1974 5323 2119 5407 quisquis
2140 5343 2322 5407 prosperos
2341 5342 2387 5386 re·
