5022 6192
357 427 444 496 XIV
1175 425 1540 494 PROLHGOMENA.

356 620 405 685 Ht
424 617 576 704 quamvis
598 616 756 702 declaret,
785 623 960 701 praecepta
987 637 1076 682 mero
1104 613 1237 681 ritualia
1266 635 1330 680 non
1357 635 1430 682 esse
1450 639 1491 683 ex
1511 614 1695 684 substantia
1717 614 1813 700 legis,
1843 635 1902 682 nec
1930 635 1990 700 per
2019 637 2055 683 se
2077 615 2119 683 ad
2141 615 2266 682 cultum
2288 615 2356 682 Dei

357 731 485 815 valere,
515 749 576 796 neo
596 729 774 814 praescribi
803 729 897 813 quasi
926 728 1109 795 necessaria
1131 728 1182 793 vel
1205 727 1304 794 etiam
1332 727 1442 810 utilia,
1472 726 1686 793 nihilominus
1709 733 1812 794 totam
1833 726 2041 811 scripturam
2064 729 2164 814 Legis
2185 729 2290 808 illius,
2320 735 2357 794 et

354 842 487 926 quidem
509 842 674 924 integrae,
703 841 940 924 expositionem
971 840 1066 918 dicit,
1094 859 1196 923 quum
1218 839 1353 922 spiritus
1375 839 1502 906 Christi
1532 840 1630 905 etiam
1652 859 1694 904 ex
1715 860 1771 904 ore
1793 839 1896 905 Mosis
1919 841 2072 923 loquutus
2094 840 2145 906 sit.
2189 839 2243 904 Ita
2263 840 2357 907 notio

358 951 439 1038 legis
460 973 534 1020 oum
557 952 679 1018 Vetere
700 952 910 1018 Testamento
938 951 1072 1016 omnino
1098 949 1264 1035 congruit,
1293 971 1353 1017 nec
1382 950 1470 1016 inter
1496 949 1576 1018 haec
1606 950 1669 1016 duo
1698 949 1855 1035 quidquid
1882 950 2080 1018 discriminis
2109 951 2258 1036 ponitur,
2288 952 2356 1016 imo

358 1065 527 1156 utriusque
548 1064 696 1148 πλήρωμα
717 1073 768 1130 eat
789 1061 1008 1148 evangelium,
1031 1082 1098 1127 non
1120 1061 1275 1147 πλήρωσις
1297 1071 1336 1127 ut
1358 1061 1519 1129 Dominus
1540 1061 1702 1129 docuerat.
1747 1059 1815 1130 Sed
1837 1064 1877 1129 de
1907 1062 1960 1128 his
1982 1075 2016 1129 et
2038 1062 2158 1129 talibus
2185 1072 2224 1128 tu
2247 1063 2356 1147 potius

356 1195 414 1242 eos
435 1174 532 1242 adeas
553 1176 610 1259 qni
632 1175 802 1241 historiam
824 1174 1006 1257 theologiae
1027 1182 1192 1239 enarrant.

514 1285 552 1353 Si
573 1285 614 1352 de
635 1286 820 1372 cognitione
842 1285 1029 1371 linguarum
1050 1285 1250 1368 quaesiveris
1271 1305 1337 1369 qua
1357 1305 1468 1352 sacrae
1490 1283 1680 1369 Scripturas
1701 1287 1864 1370 interpres
1891 1305 2003 1352 carcre
2025 1285 2154 1373 nequit,
2177 1284 2357 1352 Oalvinum

356 1421 419 1466 suo
441 1399 547 1468 officio
568 1399 727 1483 imperem
748 1397 849 1464 fuisse
872 1418 967 1463 nemo
989 1417 1078 1476 sane,
1100 1396 1164 1463 nisi
1186 1397 1367 1463 invidiosus
1389 1397 1601 1475 detrectator,
1631 1398 1794 1463 affirmare
1817 1395 1958 1464 audebit.
2000 1395 2088 1464 Sane
2106 1395 2359 1464 Melanchthoni

358 1521 417 1578 aut
438 1510 627 1578 Oamerario
648 1512 681 1576 in
704 1510 829 1595 graecis
851 1508 954 1575 literis
977 1509 1098 1591 primas
1120 1510 1328 1586 concesseris,
1351 1517 1446 1590 atque
1468 1509 1555 1573 inter
1577 1507 1758 1574 hebraistas
1780 1508 1956 1576 Olivetano
1977 1517 2011 1575 et
2033 1509 2199 1576 Pellictno
2218 1509 2359 1574 inferior

358 1622 429 1708 ipse
449 1624 521 1688 fuit.
565 1622 692 1688 Verum
721 1629 759 1686 tu
785 1640 902 1687 caveas
930 1641 972 1686 ue
999 1621 1111 1703 inique
1140 1619 1181 1685 de
1210 1621 1280 1686 eius
1302 1616 1486 1686 eruditione
1515 1617 1655 1697 iudices,
1687 1621 1781 1686 cuius
1809 1629 1942 1705 gustum
1971 1621 2012 1688 in
2037 1629 2175 1704 utroque
2203 1639 2357 1685 sermone

359 1734 484 1800 tardius
506 1733 707 1818 praelibavit,
731 1752 795 1797 non
819 1754 839 1799 a
859 1731 979 1815 puerili
1003 1739 1107 1798 aetate
1131 1739 1165 1797 ut
1187 1728 1283 1796 bodie
1306 1752 1376 1798 mos
1397 1737 1456 1796 est.
1492 1731 1635 1797 Exstant
1656 1731 1755 1796 etiam
1778 1731 1811 1797 in
1829 1731 2070 1799 commentariis
2091 1731 2234 1815 plurima
2255 1730 2358 1798 docn-

359 1853 473 1911 mente
494 1843 593 1910 studii
616 1865 705 1910 mere
727 1843 916 1928 philologici
938 1842 1023 1928 quod
1046 1843 1079 1908 in
1103 1843 1297 1926 scriptorum
1317 1862 1486 1909 sacrorum
1514 1851 1625 1908 textus
1653 1841 1856 1928 indagandos
1885 1843 2063 1929 impendit,
2092 1842 2169 1910 hinc
2190 1863 2229 1910 oo
2250 1845 2359 1927 magis

359 1937 553 2034 laudandus,
575 1955 662 2039 quod
683 1955 805 2023 caeteri
825 1954 915 2020 illius
937 1954 1059 2021 saeculi
1082 1963 1249 2038 exegetae,
1270 1954 1478 2038 paucioribus
1500 1954 1653 2036 exceptis,
1675 1955 1770 2020 unice
1790 1955 1830 2020 de
1852 1976 1912 2020 usu
1934 1974 2048 2020 eornm
2066 1954 2104 2020 in
2124 1956 2359 2021 controversiis

358 2068 548 2154 theologicis
577 2076 610 2133 et
637 2065 875 2134 constituendis
908 2066 986 2132 locis
1017 2086 1097 2149 quos
1127 2064 1278 2131 dicebant
1306 2065 1464 2149 cogitasse
1493 2063 1656 2131 videntur.
1709 2063 1798 2146 Quid
1827 2064 1912 2150 quod
1945 2066 2074 2154 saepius
2107 2087 2148 2130 ex
2182 2067 2359 2132 autoritate

358 2180 555 2264 exemplaris
578 2178 761 2246 anthentici
783 2187 853 2244 tum
876 2176 1095 2262 Septuaginta
1115 2179 1342 2262 interpretum,
1365 2184 1437 2244 tum
1458 2175 1657 2261 Hieronymi
1679 2176 1861 2244 versionem
1883 2176 2022 2262 castigat
2043 2185 2077 2244 st
2098 2177 2252 2261 explodit.

512 2289 608 2373 Quod
630 2291 796 2356 rarissime
817 2291 853 2354 in
874 2288 1023 2356 lectionis
1044 2289 1132 2356 Novi
1154 2289 1356 2355 Testamenti
1378 2289 1537 2354 varietate
1567 2287 1762 2354 excutienda
1782 2299 1949 2367 versetur,
1977 2309 2062 2373 quae
2088 2287 2186 2355 hodie
2207 2289 2360 2357 virorum

363 2403 530 2469 doctorum
553 2403 727 2487 praecipue
749 2421 829 2468 cura
849 2409 914 2478 est,
945 2400 977 2466 id
1006 2421 1085 2468 vero
1113 2401 1267 2468 facillime
1294 2399 1510 2468 excusaveris.
1554 2398 1679 2466 Oritica
1707 2400 1795 2464 enim
1825 2421 1878 2466 ars
1907 2410 1977 2466 tum
2005 2401 2162 2484 temporis
2190 2399 2298 2466 adhuc
2321 2402 2360 2466 in

363 2513 458 2581 cunis
479 2512 615 2592 iacebat,
638 2522 670 2578 et
691 2513 756 2578 nisi
777 2511 850 2597 quis
871 2511 1139 2598 complutensem
1161 2513 1282 2580 librum
1311 2534 1386 2580 cum
1408 2513 1548 2578 Erasmo
1570 2532 1630 2577 suo
1652 2517 1710 2576 ant
1730 2509 1899 2597 Stephano
1921 2511 2071 2578 conferre
2092 2512 2248 2596 potuerit,
2271 2511 2361 2596 quod

364 2645 443 2692 sane
463 2623 667 2707 paucissimis
689 2622 802 2689 datum
824 2631 903 2700 erat,
927 2622 984 2690 vix
1006 2645 1044 2692 ao
1066 2646 1107 2690 ne
1128 2625 1187 2690 vix
1209 2623 1342 2709 quidem
1364 2624 1394 2690 ei
1416 2622 1638 2690 innotescebat
1659 2622 1828 2706 deplorata
1849 2629 1959 2689 textus
1981 2622 2132 2690 conditio.
2176 2622 2303 2689 Verum
2326 2635 2362 2691 et

364 2733 427 2801 hac
447 2736 484 2800 in
505 2743 600 2818 parts
622 2755 686 2800 uon
709 2735 841 2800 omnino
862 2733 982 2812 ἰδιώτης
1004 2734 1076 2814 fuit,
1099 2737 1192 2802 cuius
1213 2738 1261 2801 rei
1281 2735 1377 2820 plura
1399 2734 1549 2818 exempla
1569 2734 1666 2799 affert
1688 2733 1730 2801 G.
1754 2735 1796 2811 G.
1819 2732 1935 2819 Meyer
1955 2733 1991 2798 in
2014 2735 2160 2801 Historia
2182 2755 2362 2820 exegeseos

364 2849 402 2915 Τ.
425 2846 470 2914 11.
494 2869 525 2933 p.
548 2847 621 2914 448.
665 2845 706 2910 In
728 2845 825 2913 rebus
846 2847 980 2914 maioris
1002 2847 1159 2913 momenti
1181 2868 1241 2915 sua
1263 2847 1412 2914 libertate
1434 2845 1555 2927 utitur,
1581 2845 1704 2913 scilicet
1724 2845 1781 2913 ubi
1803 2844 1844 2912 dc
1863 2852 1977 2912 autore
1999 2845 2135 2914 alicuius
2157 2847 2269 2932 scripti
2290 2847 2363 2914 iam

363 2959 452 3045 apud
472 2969 603 3026 veteres
625 2959 734 3026 variae
756 2958 967 3025 obtinuerant
994 2961 1190 3039 sententiae,
1221 2969 1258 3024 ut
1287 2960 1322 3024 in
1343 2957 1493 3042 Epistola
1521 2956 1562 3022 ad
1585 2955 1753 3024 Hebraeos
1775 2957 1887 3024 videre
1909 2966 1974 3038 est,
2003 2978 2102 3041 quam
2129 2967 2319 3026 constanter
2341 2981 2364 3027 a

363 3071 514 3138 Paulinie
535 3069 723 3154 distinguit,
752 3079 823 3134 tum
845 3070 878 3135 in
902 3067 1044 3136 secunda
1065 3071 1157 3136 Petri
1179 3079 1213 3135 et
1234 3069 1343 3136 Iudae.
1389 3068 1456 3136 Sed
1485 3067 1568 3135 tales
1590 3070 1797 3152 quaestiones
1824 3089 1874 3164 so¹
1890 3069 1996 3136 iudice
2023 3090 2114 3136 mere
2141 3071 2305 3136 literariae
2328 3083 2363 3138 et

363 3181 538 3250 historicae
556 3188 644 3261 suut,
662 3188 694 3246 et
712 3201 923 3265 quaecunque
939 3180 1037 3246 fuerit
1056 3200 1169 3248 aarum
1187 3181 1313 3262 solutio,
1332 3180 1373 3275 de
1390 3181 1546 3248 canonica
1562 3179 1720 3248 librorum
1739 3180 1899 3266 dignitate
1916 3180 1999 3247 nibil
2021 3181 2201 3248 detraxisse
2219 3181 2361 3274 videtur.

518 3294 583 3359 Hio
600 3293 798 3376 peculiarem
815 3293 1013 3360 mentionem
1032 3293 1138 3360 facere
1156 3292 1310 3360 debemus
1321 3291 1524 3358 Harmoniae
1541 3292 1612 3360 sius
1628 3291 1837 3377 evangelicae
1853 3292 1889 3358 in
1911 3312 1976 3377 qua
1993 3292 2093 3358 trium
2104 3291 2363 3378 Synoptieorum

364 3414 492 3471 textum
513 3406 651 3471 iunctim
673 3407 809 3488 exponit
830 3403 963 3470 excluso
985 3405 1130 3470 Ioanneo
1152 3413 1186 3470 et
1206 3405 1299 3469 nulla
1318 3402 1431 3469 habita
1452 3404 1576 3469 ratione
1597 3402 1721 3470 ordinis
1742 3423 1855 3472 rerum
1876 3403 1982 3488 qualis
2003 3405 2039 3469 in
2056 3403 2226 3471 Matthaeo
2246 3406 2361 3472 obaer-

362 3527 473 3584 vatur.
518 3515 570 3582 Ita
592 3527 729 3599 utroque
750 3524 933 3582 commento
960 3535 994 3580 se
1016 3515 1152 3582 caeteris
1174 3514 1334 3600 theologis
1363 3515 1415 3580 sui
1443 3513 1565 3581 saeculi
1593 3521 1628 3579 et
1656 3517 1820 3598 sequentis
1847 3515 1944 3601 longe
1972 3516 2172 3599 superiorem
2204 3516 2361 3599 ostendit,

365 3650 471 3713 neque
501 3626 681 3694 audiendus
709 3635 760 3692 est
781 3626 956 3694 Walohius
985 3627 1040 3710 qui
1067 3626 1101 3691 in
1131 3647 1190 3691 sua
1214 3615 1423 3692 Bibliotheca
1453 3625 1636 3712 theologica
1657 3625 1694 3694 Τ.
1718 3625 1778 3692 [V.
1802 3647 1832 3710 p.
1856 3627 1920 3694 884
1944 3626 2118 3694 Calvinum
2148 3630 2362 3712 contemptim

365 3738 445 3806 dicit
466 3751 639 3805 numerum
662 3737 874 3804 historiarum
890 3739 1155 3824 evangelicarum
1172 3737 1388 3817 imminuisse,
1411 3758 1514 3821 eaque
1531 3736 1572 3803 de
1589 3759 1687 3806 causa
1703 3739 1775 3804 eius
1791 3737 1912 3804 librum
1930 3740 1965 3804 in
1983 3759 2083 3821 parvo
2100 3738 2223 3808 honore
2244 3740 2362 3807 haberi

365 3848 453 3935 apud
474 3868 528 3915 eos
550 3851 605 3932 qui
627 3857 714 3916 recte
736 3849 926 3916 existimant
947 3849 1168 3935 evangelistas
1188 3867 1303 3913 omnes
1324 3850 1500 3914 servatoris
1522 3869 1574 3916 res
1595 3851 1653 3916 tali
1670 3849 1784 3916 ordine
1802 3849 2011 3936 descripsisse
2027 3851 2157 3934 qusalem
2175 3860 2361 3935 temporum

366 3961 450 4026 ratio
471 3959 659 4043 requireret.
782 4013 784 4021 .
1126 3975 1129 3984 ·
1233 4021 1234 4024 ,

520 4070 647 4136 Verum
669 4071 733 4136 iam
757 4070 853 4135 nimis
876 4071 931 4136 diu
954 4080 987 4135 te
1009 4068 1219 4148 detinuimus,
1243 4067 1397 4135 benevole
1419 4069 1534 4149 lector,
1562 4091 1622 4136 neo
1650 4069 1737 4136 ultra
1764 4069 1868 4136 locum
1891 4093 2127 4158 praeoccupare
2148 4073 2255 4154 decet,
2283 4095 2362 4158 quo·

366 4182 477 4247 minus
506 4182 666 4248 Oalvinus
693 4187 804 4246 noster
832 4181 902 4265 ipse
932 4201 990 4264 pro
1017 4201 1053 4246 se
1079 4180 1180 4246 verba
1208 4179 1325 4258 saciat,
1357 4181 1501 4263 optimus
1528 4201 1606 4248 sane
1635 4201 1750 4249 causae
1779 4202 1858 4248 suae
1886 4195 2053 4268 patronus.
2098 4186 2201 4253 Ouius
2229 4187 2361 4271 scriptis

367 4292 552 4378 exegeticis,
574 4302 611 4359 ut
633 4294 730 4359 etiam
754 4299 955 4358 caeterorum
974 4291 1220 4358 reformatorum
1239 4290 1332 4357 libris
1349 4292 1493 4358 eiusdem
1512 4294 1657 4379 generis,
1679 4313 1780 4378 quum
1799 4295 1965 4380 superiore
1982 4295 2110 4362 saeculo
2126 4295 2195 4362 fere
2212 4296 2362 4382 neglecta

366 4405 551 4483 iacuissem,
573 4406 638 4471 iam
662 4412 772 4471 nostro
795 4403 922 4471 debitus
943 4425 1023 4470 suus
1040 4404 1144 4470 honor
1162 4403 1267 4470 denuo
1289 4402 1381 4470 reddi
1404 4404 1519 4488 coepit,
1539 4404 1698 4488 multique
1719 4417 1891 4487 nostrates,
1913 4407 2000 4491 iique
2017 4427 2083 4474 non
2101 4409 2214 4475 infimo
2231 4409 2301 4476 loco
2323 4409 2362 4476 in

368 4518 430 4586 hac
451 4519 619 4601 provincia
640 4514 792 4600 ponendi,
815 4516 856 4581 ad
878 4537 917 4581 ea
939 4534 1107 4582 recurrere
1128 4525 1384 4592 consueverunt,
1408 4525 1442 4580 et
1463 4538 1529 4582 non
1552 4536 1668 4598 parum
1689 4515 1842 4583 utilitatis
1863 4518 1941 4585 inde
1963 4539 1999 4585 ss
2019 4519 2202 4603 percepisse
2223 4518 2362 4586 candide

366 4629 445 4696 fassi
475 4635 560 4694 eunt.
605 4627 680 4710 Quo
708 4629 840 4694 nomine
869 4648 927 4694 nos
954 4647 1083 4711 quoque
1108 4626 1193 4693 hano
1222 4645 1354 4711 operam
1383 4625 1515 4693 cordate
1540 4628 1753 4711 capessimus,
1787 4637 1819 4694 et
1847 4631 1992 4696 omnium
2022 4630 2120 4714 primi
2149 4650 2364 4715 quascunque

368 4749 499 4807 exstant
521 4741 585 4807 huc
607 4740 806 4824 pertinentia
827 4737 947 4805 summi
968 4737 1033 4806 viri
1055 4738 1183 4820 scripta,
1205 4737 1318 4804 sedulo
1340 4739 1516 4822 recognita,
1540 4739 1695 4806 continua
1716 4741 1799 4806 seris
1821 4740 1916 4808 edere
1938 4739 2134 4810 conabimur.

522 4851 753 4920 Scribebamus
774 4853 987 4936 Argentorati
1007 4848 1168 4916 Kalendis
1189 4848 1352 4916 Ianuariis
1374 4870 1461 4918 anno
1483 4850 1580 4917 huius
1603 4849 1723 4917 saeculi
1745 4851 1909 4918 LXXXI.

1164 5195 1570 5205 --.-..-...--
