5022 6192
137 433 179 499 ot
799 433 1165 504 COMMENTARIUS
1187 435 1238 502 IN
1260 434 1476 505 GENESIN.
2089 437 2130 504 58

137 632 190 688 tos
220 643 292 690 esse
313 644 374 690 nos
395 623 487 690 deoet
519 623 618 708 quod,
642 645 743 708 quum
765 631 851 692 esset
872 624 936 690 Dei
959 625 1111 691 adversa·
1162 633 1240 690 runt
1268 625 1479 709 interpretes:
1507 625 1596 709 prior
1628 632 1692 705 est,
1721 623 1807 707 quod
1832 621 1939 690 Satan
1962 623 2131 709 augendae

137 710 223 788 rius,
254 717 391 776 conatus
421 711 465 776 sit
491 710 639 775 ordinem
662 709 703 776 ab
725 731 763 776 eo
782 712 922 793 positum
946 721 1110 777 evertere:
1161 708 1304 776 invidiae
1326 732 1433 788 eausa,
1455 713 1560 796 fingat
1581 729 1694 776 omnes
1716 710 1848 776 arbores
1876 709 1979 776 fuisse
2001 711 2131 790 vetitas,

137 796 217 879 quia
238 796 348 861 Deum
375 817 442 862 non
466 803 594 880 poterat
614 818 632 860 e
654 797 734 862 solio
755 817 815 863 suo
838 796 1024 875 detrahere,
1053 796 1112 862 ho-
1161 797 1314 862 Etiamne
1359 799 1502 881 raeoepit
1518 796 1611 862 Deus
1629 817 1671 861 ne
1693 793 1840 862 audeatis
1861 794 1964 860 ullam
1982 796 2130 862 arborem

136 881 264 946 minem
281 890 535 966 aggressusest,
557 883 675 964 inquo
698 881 880 967 refulgebat
901 882 971 948 eius
993 883 1110 967 imago.
1162 819 1462 967 attingerelpAlter
1485 902 1581 962 vero,
1610 881 1700 966 Ergo
1732 901 1799 946 non
1827 881 2012 965 promiscue
2040 881 2129 948 vobis

136 968 265 1033 Evereo
293 967 441 1048 homine,
470 965 666 1033 horrendam
693 968 761 1034 fore
782 969 880 1033 totius
898 966 1012 1032 mundi
1034 987 1111 1034 oon·
1161 987 1202 1032 ex
1220 970 1334 1050 quavis
1368 969 1483 1034 arbore
1521 966 1676 1033 vescendi
1714 966 1872 1050 permissa
1903 974 1953 1032 est
1985 966 2128 1034 libertas.

136 1054 299 1120 fusionem
316 1066 465 1134 noverat,
483 1055 566 1120 siout
583 1052 716 1119 aeoidit:
735 1074 812 1138 ergo
829 1054 862 1118 in
881 1052 1021 1119 hominis
1038 1074 1111 1137 per·
1160 1052 1257 1118 Prior
1288 1053 1394 1138 magis
1432 1053 1573 1137 quadrat
1595 1051 1712 1118 diaboli
1746 1053 1894 1135 ingenio,
1921 1061 1959 1117 ut
1987 1052 2130 1138 maligne

137 1159 219 1206 sona
240 1138 365 1205 studuit
387 1140 572 1223 opprimere
592 1139 655 1204 Dei
678 1139 826 1223 gloriam.
861 1138 1001 1205 Omissis
1023 1158 1110 1203 oom·
1161 1159 1229 1202 rem
1242 1140 1433 1224 amplificet:
1452 1148 1485 1204 et
1496 1137 1625 1204 videtur
1637 1139 1811 1223 suffragari
1822 1137 1937 1202 Herae
1949 1139 2128 1221 responsio.

137 1225 269 1303 mentis,
292 1225 474 1292 doctrinam
492 1224 587 1304 hano,
607 1243 690 1310 quae
712 1225 854 1309 simplex
865 1234 916 1292 est
937 1243 975 1290 ao
996 1223 1109 1303 solida,
1159 1223 1244 1288 Nam
1272 1245 1372 1308 quum
1402 1226 1496 1305 dicit,
1519 1223 1680 1290 Omnibus
1708 1223 1886 1304 vesoimur,
1910 1243 1977 1288 una
1999 1231 2128 1290 tantum

135 1311 318 1378 teneamus?
1159 1319 1305 1394 excepta,
1329 1311 1458 1376 videtur
1479 1311 1675 1376 calumniam
1694 1308 1734 1374 de
1752 1310 1895 1394 generali
1912 1308 2129 1392 prohibitione

224 1396 397 1463 Etiamne?
419 1395 521 1461 Varie
543 1396 733 1480 exponitur,
751 1397 817 1462 imo
838 1403 1008 1479 torquetur
1028 1394 1109 1462 haee
1159 1394 1325 1473 refellere,
1349 1397 1405 1462 sed
1433 1396 1510 1480 quia
1538 1396 1600 1461 hoo
1629 1395 1670 1460 ad
1703 1393 1882 1461 fallendum
1911 1403 1982 1460 erat
2010 1397 2127 1479 aptius,

136 1483 320 1562 sententia,
349 1483 467 1565 partim
499 1483 576 1565 quia
603 1501 714 1566 perse
735 1483 872 1548 obseura
902 1491 966 1558 est,
988 1483 1105 1564 partim
1158 1481 1381 1564 quaestionem
1411 1481 1450 1549 de
1478 1481 1619 1566 simplici
1647 1481 1798 1564 nudaque
1819 1481 1882 1545 Dei
1908 1479 2128 1563 prohibitione

135 1570 177 1636 oh
200 1568 372 1636 hebraicae
400 1567 579 1651 particulae
606 1567 795 1652 ambignum
821 1588 963 1633 sensum.
1014 1580 1044 1634 tn
1062 1580 1107 1663 qtt
1157 1585 1305 1633 movere:
1346 1569 1451 1652 magis
1489 1566 1643 1634 credibile
1683 1575 1735 1632 est
1766 1566 1940 1644 Satanam,
1973 1588 2032 1650 pro
2067 1588 2129 1633 sua

135 1654 300 1722 Hebraeis
339 1653 531 1720 tantundem
568 1653 656 1720 valet
691 1653 857 1719 interdum
897 1673 934 1718 ao
977 1653 1107 1720 Latinis
1157 1653 1304 1734 vafritie,
1327 1652 1403 1719 hino
1425 1654 1542 1718 feeisse
1564 1653 1755 1718 tentationis
1784 1651 1969 1718 exordium:
1992 1651 2127 1718 fierine

135 1741 296 1818 Etiamsi,
325 1741 380 1806 rel
413 1740 597 1819 enimvero,
625 1739 808 1818 interdum,
839 1747 961 1822 quanto
990 1742 1105 1826 magis.
1157 1747 1262 1820 potest
1303 1748 1340 1804 ut
1371 1739 1464 1805 Deus
1500 1759 1557 1806 vos
1590 1759 1630 1804 ex
1665 1737 1807 1822 qualibet
1838 1739 1952 1804 arbore
1984 1739 2126 1804 fructum

133 1826 247 1893 David
279 1826 396 1892 Kimhi
424 1826 459 1890 in
493 1825 555 1892 hoo
587 1835 749 1910 postremo
782 1845 879 1891 sensu
909 1823 1043 1908 aoeipit:
1074 1838 1106 1890 st
1156 1823 1309 1909 oolligere
1327 1824 1598 1906 nolueritlQuod
1618 1833 1726 1890 autem
1746 1823 1866 1907 exeipit
1880 1823 2007 1904 mulier,
2025 1845 2126 1890 unam

134 1920 231 1998 putat
262 1912 367 1978 multa
405 1911 491 1976 ultro
530 1912 675 1994 citroque
713 1911 825 1977 habita
862 1910 962 1976 fuisse
993 1912 1104 1988 rerba,
1156 1908 1318 1976 duntaxat
1335 1909 1484 1976 arborem
1506 1910 1712 1995 prohibitam,
1730 1909 1771 1974 ad
1791 1908 2010 1975 defensionem
2033 1932 2126 1978 man·

133 2007 311 2083 antequam
342 1997 408 2063 huo
435 1995 648 2063 descenderet
686 2017 835 2080 serpens:
869 2017 985 2079 nempe
1019 1996 1104 2080 quod
1156 1994 1224 2059 dati
1242 1996 1333 2062 facit:
1353 1998 1429 2062 aesi
1448 2003 1592 2081 negaret,
1611 1996 1730 2062 durum
1752 1995 1805 2060 vel
1824 1996 1997 2062 molestum
2010 1994 2126 2062 debere

134 2084 209 2150 aliis
242 2083 429 2150 nominibus
455 2083 565 2148 Deum
600 2082 835 2161 calumniatus,
867 2081 998 2148 tandem
1028 2101 1104 2148 oon-
1155 2079 1277 2161 videri,
1299 2082 1384 2165 quod
1409 2090 1501 2148 tanta
1529 2083 1682 2147 arborum
1704 2083 1795 2164 copia
1817 2089 1850 2147 et
1872 2081 2031 2146 varietate
2052 2103 2126 2164 per·

135 2169 263 2236 cludat:
293 2169 384 2234 Hine
412 2167 516 2234 multo
542 2168 647 2252 magis
676 2177 813 2252 apparet
833 2188 931 2251 qnam
952 2167 1102 2232 invidum
1154 2167 1268 2246 missa,
1301 2167 1393 2233 Deus
1425 2189 1524 2233 unam
1559 2177 1685 2234 tantum
1717 2167 1890 2249 exceperit.
1935 2167 1989 2231 Ita
2015 2167 2050 2230 in
2073 2167 2124 2233 his

133 2277 170 2324 se
191 2265 224 2322 et
257 2255 439 2338 malignum
461 2253 648 2337 praebuerit
666 2273 745 2338 erga
766 2273 833 2332 vos,
856 2253 934 2336 quia
954 2254 1104 2319 arborem
1154 2254 1263 2319 uerbis
1295 2254 1357 2318 erit
1390 2255 1568 2332 concessio,
1601 2253 1739 2318 vetitam
1764 2252 1896 2336 quidem
1926 2271 1996 2318 esse
2024 2271 2125 2317 unam

133 2342 291 2407 scientiae
318 2340 397 2405 boni
425 2348 458 2404 et
486 2340 563 2405 mali
592 2340 684 2406 vobis
712 2339 927 2404 interdixerit.
979 2340 1103 2404 Verum
1155 2340 1317 2405 arborem:
1346 2336 1465 2404 deinde
1486 2339 1638 2404 refutatio
1667 2338 1860 2416 calumniae,
1886 2337 1971 2420 quod
1994 2339 2126 2403 nonsit

133 2428 296 2511 expositio
317 2425 408 2506 haec,
426 2434 653 2509 praeterquam
671 2424 755 2509 quod
772 2434 884 2491 coacta
906 2433 964 2502 est,
988 2424 1104 2491 Hevee
1155 2423 1293 2489 arduum
1324 2425 1375 2490 vel
1406 2422 1537 2491 difficile
1565 2423 1727 2490 abstinere
1756 2424 1797 2489 ab
1830 2442 1898 2488 una
1913 2422 2046 2502 arbore,
2068 2421 2125 2487 ubi

134 2532 292 2598 responso
313 2511 396 2578 falsa
418 2531 489 2576 esse
518 2513 714 2596 ooarguitur.
758 2510 895 2576 Rectius
916 2509 1103 2576 Ohaldasus
1154 2509 1347 2575 innumerae
1387 2511 1426 2575 ad
1467 2531 1605 2576 manum
1646 2516 1838 2592 suppetunt,
1878 2530 2017 2593 quarum
2046 2529 2125 2574 usus

134 2598 378 2683 paraphrastes,
400 2595 570 2662 Verumne
592 2603 641 2662 est
670 2596 756 2680 quod
779 2595 870 2662 Deus
892 2595 1105 2681 prohibuerit,
1156 2596 1333 2679 permissus
1351 2606 1418 2666 est.¹
1454 2596 1528 2662 Non
1547 2603 1673 2680 poterat
1690 2594 1787 2660 Hera
1804 2593 1948 2660 Satanae
1964 2594 2124 2660 insultum

134 2695 195 2750 ete.
241 2685 346 2749 Porro
375 2682 567 2766 quibusdam
596 2683 753 2766 simplex,
782 2682 855 2746 aliis
883 2683 1009 2748 ironica
1032 2703 1103 2748 esse
1155 2682 1260 2766 magis
1294 2679 1470 2765 prudenter
1491 2682 1546 2747 rel
1567 2679 1697 2748 cordata
1721 2680 1895 2765 repellere,
1922 2700 2020 2763 quam
2047 2678 2125 2746 dum

133 2771 269 2836 videtur
308 2770 528 2854 interrogatio.
583 2767 732 2852 Simplex
768 2777 854 2834 esset
888 2788 971 2851 quae
1010 2767 1103 2833 dubi·
1156 2766 1268 2833 obiicit
1299 2789 1334 2834 se
1366 2777 1400 2832 et
1427 2769 1582 2840 maritum
1616 2779 1644 2831 a·
1668 2766 1811 2831 Domino
1850 2777 1914 2831 tarn
1947 2765 2125 2831 liberaliter

133 2856 295 2922 tationem
306 2854 462 2934 inliceret,
481 2854 545 2922 hoo
562 2853 671 2919 modo:
686 2854 819 2919 Fierine
835 2863 942 2937 potest
957 2864 996 2919 ut
1012 2875 1104 2920 esum
1156 2859 1313 2919 tractatos
1335 2873 1415 2932 esse,
1439 2860 1475 2918 ut
1499 2851 1627 2919 abunde
1645 2852 1794 2919 sufficere
1806 2851 1923 2918 debeat
1944 2872 2026 2934 quae
2048 2871 2124 2917 oon·

133 2940 318 3025 cuiuspiam
353 2939 477 3006 arboris
512 2942 654 3005 vetuerit
680 2939 794 3006 Deus?
828 2939 957 3005 Ironioa
985 2947 1104 3015 autem,
1156 2957 1248 3004 cessa
1281 2947 1331 3004 est
1363 2938 1510 3006 facultas.
1540 2937 1578 3005 Si
1624 2939 1712 3005 ilicet
1740 2938 1828 3004 enim
1868 2959 1903 3004 se
1930 2938 2028 3002 nimis
2054 2936 2124 3002 fore

133 3049 221 3111 quae
239 3034 407 3093 excuteret
423 3027 554 3091 inanem
572 3033 713 3092 metum:
731 3023 867 3092 Scilicet
882 3024 947 3089 Dei
964 3025 1104 3090 multum
1156 3024 1320 3108 ingratos,
1349 3025 1377 3090 si
1408 3027 1507 3092 tantis
1539 3046 1590 3108 opr
1614 3045 1653 3091 us
1675 3045 1740 3090 non
1763 3023 1908 3090 contenti
1930 3024 2004 3107 plus
2026 3042 2124 3107 quam

132 3115 275 3178 interest
296 3133 340 3176 an
368 3111 472 3177 edatis
493 3132 535 3176 ex
564 3110 692 3177 arbore:
723 3111 898 3178 ridiculum
919 3131 997 3196 ergo
1019 3110 1104 3193 quod
1156 3108 1206 3175 fas
1228 3117 1278 3176 est
1306 3119 1470 3194 appetant.
1521 3110 1633 3191 Quum
1661 3110 1754 3187 dioit,
1774 3109 1918 3175 vetuisse
1951 3110 2057 3174 Deum
2080 3126 2123 3172 ne

131 3198 230 3266 vohis
251 3197 375 3282 putatis
397 3217 468 3262 esse
494 3198 645 3264 vetitum.
690 3197 798 3264 Priori
826 3199 1005 3263 sententiae
1032 3195 1105 3261 ideo
1156 3196 1327 3261 comedant
1347 3197 1399 3261 vel
1429 3198 1609 3280 attingant,
1637 3194 1815 3262 secundum
1837 3194 1973 3260 verbum
1991 3193 2122 3277 quidam

131 3285 291 3350 libentius
312 3283 488 3362 subscribo,
524 3283 602 3366 qnia
621 3284 724 3368 magis
748 3282 913 3366 probabile
937 3289 987 3348 est
1009 3280 1106 3349 Sata-
1156 3280 1304 3346 additum
1344 3290 1479 3366 putant,
1520 3283 1612 3364 quasi
1651 3282 1760 3347 Deum
1798 3279 1968 3346 insimulet
2001 3279 2124 3345 nimiae

131 3391 222 3446 nam,
234 3379 272 3435 nt
282 3367 440 3436 oooultius
450 3368 586 3449 falleret,
603 3370 758 3434 flexuosis
776 3368 966 3452 ambagibus
983 3371 1104 3434 sensim
1155 3367 1347 3446 severitatis,
1379 3367 1464 3450 quod
1498 3367 1595 3432 etiam
1626 3387 1645 3430 a
1676 3375 1764 3432 taotu
1785 3365 1997 3448 pmbibnerit.
2051 3365 2125 3448 Ego

130 3475 346 3540 progressum
368 3475 448 3533 esse,
466 3464 503 3520 ut
519 3455 689 3520 mulierem
708 3457 743 3519 in
760 3462 984 3537 contemptum
1002 3455 1104 3519 divini
1155 3473 1232 3518 vero
1254 3453 1361 3536 potius
1393 3454 1607 3536 interpretor,
1637 3473 1709 3517 eam
1739 3451 1847 3518 adhue
1877 3453 1912 3515 in
1940 3450 2125 3516 obedientia

130 3543 302 3628 praecepti
320 3541 497 3607 induceret.
542 3540 614 3604 lam
637 3540 694 3606 alii
715 3540 923 3618 existimant,
946 3538 1104 3606 Satannm
1156 3545 1316 3620 perstare,
1338 3558 1375 3604 ao
1397 3540 1580 3621 exprimere
1600 3537 1691 3621 pium
1714 3537 1865 3604 affectum
1887 3539 1921 3601 in
1944 3537 2008 3601 Dei
2028 3556 2123 3622 prae·

130 3629 281 3712 praeoise
310 3649 352 3692 ne
395 3647 431 3692 re
460 3647 530 3693 esse
558 3626 623 3691 Dei
652 3627 788 3692 verbum
821 3623 907 3708 quod
935 3625 1105 3690 audierant
1155 3631 1249 3706 oepto
1267 3623 1362 3688 anxis
1384 3623 1597 3690 observando.
1641 3625 1785 3688 'lantum
1806 3623 1840 3687 in
1859 3641 1981 3704 poenae
1999 3622 2123 3686 denun-

130 3715 294 3779 homines.
328 3713 395 3780 Aii
424 3711 554 3797 (quibus
582 3732 642 3797 ego
664 3711 770 3795 magis
792 3709 973 3860 assentior}
987 3717 1106 3793 putant
1155 3709 1294 3774 ciations
1321 3708 1472 3789 labascit,
1494 3711 1643 3776 inserens
1671 3707 1863 3774 adverbium
1880 3707 1992 3772 Forte:
2022 3727 2122 3790 quum

129 3801 324 3866 subcausae
342 3796 546 3882 quaerendae
567 3805 749 3881 praetextu,
771 3797 900 3880 oblique
921 3797 952 3862 la
975 3797 1105 3861 efactari
1155 3795 1246 3860 Deus
1268 3803 1358 3861 oerto
1387 3797 1653 3878 pronunciasset,
1680 3795 1789 3860 Morte
1808 3793 2005 3860 moriemini.
2048 3793 2122 3858 Etsi

129 3887 228 3952 verbi
259 3885 367 3950 fidem.
416 3885 462 3949 Et
488 3892 575 3950 certe
607 3885 702 3949 vetus
735 3883 897 3966 interpres
924 3881 1105 3948 transtulit:
1156 3881 1246 3945 enim
1276 3880 1435 3946 Hebraeis
1456 3893 1488 3979 qe
1516 3901 1581 3946 non
1612 3901 1742 3964 semper
1763 3877 1996 3944 dubitationem
2014 3891 2122 3943 sonat:

129 3969 205 4038 Our
232 3969 317 4035 dixit
344 3968 459 4036 Deus?
490 3969 577 4052 quod
603 3970 665 4035 etsi
693 3989 759 4035 non
788 3969 823 4032 in
852 3975 959 4033 totum
988 3967 1097 4051 probo,
1156 3966 1232 4048 quia
1253 3973 1364 4032 tamen
1391 3968 1520 4048 saepius
1547 3967 1580 4031 in
1603 3966 1664 4032 hoe
1693 3985 1792 4031 sensu
1820 3965 1963 4046 eapitur,
1984 3963 2124 4028 libenter

128 4078 200 4123 non
224 4067 337 4122 tamen
359 4053 472 4120 dubito
494 4056 572 4139 quin
595 4055 765 4120 mulierem
789 4075 921 4138 serpens
944 4051 985 4118 ad
1008 4074 1104 4136 quae·
1156 4051 1218 4117 hoo
1236 4052 1414 4135 amplector
1435 4050 1521 4134 quod
1538 4050 1699 4117 haesitare
1716 4051 1858 4135 eoeperit
1874 4048 2002 4114 mulier.
2025 4048 2123 4114 Oerta

128 4143 271 4210 rendam
312 4161 442 4208 oausam
489 4140 656 4206 sollicitet:
703 4142 855 4225 quoniam
902 4138 997 4205 aliter
1036 4139 1105 4204 eius
1155 4145 1294 4203 mortem
1316 4157 1396 4220 prae
1418 4137 1519 4204 oeulis
1541 4157 1605 4202 non
1627 4136 1751 4215 hahuit,
1774 4142 1813 4201 ut
1834 4134 1975 4212 decebat,
2005 4133 2033 4198 si
2051 4132 2123 4200 Deo

128 4234 286 4295 animum
307 4249 327 4293 a
347 4228 420 4293 Deo
442 4224 601 4293 abducere
624 4248 690 4292 non
712 4237 848 4310 poterat.
890 4225 998 4290 Valde
1021 4226 1105 4307 pari·
1155 4223 1399 4307 immorigeram
1426 4244 1496 4289 esse
1526 4223 1744 4307 contingeret:
1784 4241 1901 4286 verum
1930 4221 2044 4285 mortis
2069 4239 2123 4301 pe·

128 4315 245 4382 culoso
263 4314 409 4390 tentatio,
427 4332 527 4396 quum
546 4313 638 4378 nobis
656 4313 843 4398 suggeritur
858 4333 925 4377 non
947 4331 1017 4376 esse
1035 4311 1106 4375 Deo
1156 4309 1294 4374 rieulum
1316 4309 1427 4392 procul
1449 4318 1483 4373 et
1503 4306 1620 4393 frigide
1646 4307 1769 4373 sentire
1790 4327 1826 4372 se
1844 4305 2054 4371 demonstrat.

151 4399 335 4476 arandum,
375 4399 438 4464 nisi
473 4406 632 4480 quatenus
671 4399 816 4464 mandati
852 4397 937 4464 ratio
969 4404 1104 4461 constat.
1241 4394 1271 4460 4.
1294 4393 1391 4459 Dixit
1421 4414 1548 4478 serpena
1579 4394 1623 4459 od
1658 4393 1828 4459 mulierem.
1890 4391 1962 4456 Iam
1989 4390 2122 4455 liberius

127 4423 227 4551 h'era
251 4485 338 4551 enim
361 4483 563 4550 obedientiae
587 4485 702 4568 regula
718 4493 784 4560 est,
809 4491 847 4549 ut
863 4484 950 4550 nudo
967 4482 1105 4564 imperio
1155 4479 1291 4545 insultat
1323 4479 1441 4544 Satan:
1471 4488 1505 4544 et
1525 4479 1601 4563 quia
1634 4480 1750 4544 nmam
1783 4477 1845 4542 sibi
1878 4487 1988 4560 patere
2020 4474 2121 4554 videt,

129 4572 293 4652 contenti,
314 4571 438 4636 iustum
455 4589 526 4636 esse
543 4589 581 4636 ao
599 4583 724 4636 rectum
741 4570 834 4635 nobis
852 4567 1105 4652 persuadeamus
1155 4573 1244 4632 recto
1265 4566 1389 4647 impetu
1417 4564 1616 4648 perrumpit,
1638 4585 1743 4648 neque
1767 4563 1853 4629 enirn
1882 4569 1995 4645 aperto
2017 4569 2121 4625 marte

128 4657 295 4742 quidquid
313 4656 481 4740 praeeipit.
508 4654 665 4739 Quisquis
684 4676 761 4720 vero
777 4665 907 4739 praeter
917 4673 1105 4720 mensuram
1155 4671 1301 4735 unquam
1321 4647 1474 4734 congredi
1496 4651 1586 4726 solet,
1606 4649 1668 4716 nisi
1686 4669 1787 4732 quum
1804 4669 1862 4713 nos
1879 4655 1995 4730 sponte
2017 4645 2121 4711 nudos

128 4763 251 4828 sapere
280 4750 426 4828 appetet,
455 4740 543 4808 hunc
571 4761 709 4806 excussa
737 4741 801 4806 Dei
824 4740 1009 4806 reverentia
1030 4759 1104 4824 pro·
1154 4737 1203 4804 illi
1224 4745 1259 4802 et
1287 4738 1429 4801 inermes
1460 4734 1661 4818 exponimus.
1717 4732 1878 4801 Subtilius
1907 4732 2032 4815 primus
2062 4751 2122 4812 per

128 4832 228 4896 tinus
244 4830 279 4893 in
297 4837 444 4912 apertam
460 4827 671 4893 rebellionem
688 4825 827 4910 abripiet
844 4825 956 4892 Satan.
991 4823 1105 4907 Quan—
1155 4821 1329 4887 blanditias
1347 4841 1405 4886 nos
1422 4819 1577 4886 adoritur:
1601 4819 1660 4886 sod
1681 4818 1737 4884 ubi
1755 4819 1911 4900 obrepsit,
1933 4817 2121 4901 petulanter

129 4926 207 4982 tum
236 4915 277 4980 ad
309 4915 554 5000 grammaticam
588 4915 721 4993 attinet,
752 4912 946 4978 vertendum
980 4930 1106 4992 censeo,
1156 4919 1190 4973 et
1229 4905 1369 4991 superba
1411 4907 1607 4972 oonfidentia
1650 4913 1763 4972 eontra
1802 4904 1911 4969 Deum
1951 4903 2122 4990 insurgere

128 5003 307 5080 Etiamne,
348 4998 398 5064 vel
438 4999 554 5064 Itane?
594 4997 737 5066 Satanae
783 5007 894 5063 tamen
933 4997 1106 5062 artificium
1157 4993 1270 5070 audet,
1315 4993 1409 5058 sicuti
1441 5011 1530 5058 nuno
1574 5001 1704 5074 arrepta
1750 4987 1951 5054 dubitatione
1996 4987 2120 5066 Herae,

127 5087 318 5154 notandum
352 5092 409 5152 est.
464 5085 598 5150 Mulieri
630 5086 717 5150 enim
752 5083 940 5169 scrupulum
972 5081 1106 5147 iniicere
1156 5078 1285 5164 longius
1314 5087 1481 5161 penetrat,
1503 5098 1565 5162 qno
1588 5076 1687 5142 faeiat
1715 5075 1892 5158 simplicem
1923 5074 2120 5156 negativam.

128 5171 252 5252 voluit,
274 5179 312 5236 ut
332 5171 469 5238 verbum
492 5170 556 5236 Dei
576 5191 642 5235 non
665 5190 735 5235 esse
757 5169 911 5246 erederet,
931 5168 1023 5235 ouius
1040 5186 1106 5232 non
1157 5163 1289 5228 'felibus
1337 5164 1495 5247 exemplis
1540 5162 1581 5229 ad
1630 5160 1792 5228 cavendas
1841 5161 1910 5224 eins
1953 5157 2121 5223 illecebras

127 5259 247 5344 palam
270 5257 422 5324 exstabat
465 5256 623 5322 lausibilis
644 5255 737 5321 ratio.
1158 5248 1280 5314 erudiri
1315 5270 1374 5314 nos
1412 5249 1578 5328 convenit,
1616 5257 1654 5312 ut
1680 5257 1806 5312 mature
1844 5244 1972 5311 obviam
2013 5243 2121 5308 eundo

226 5341 280 5410 Ere
302 5345 386 5410 ormi
407 5363 447 5408 ar
500 5341 626 5408 eberti.
671 5341 843 5425 Duplioem
866 5360 1000 5406 sensum
1029 5337 1106 5403 affe·
1157 5334 1270 5419 prooul
1292 5353 1368 5400 eum
1390 5333 1519 5401 anobis
1537 5353 1713 5412 meeamus,
1733 5353 1776 5398 ne
1795 5332 1926 5415 propior
1945 5328 1994 5393 illi
2017 5348 2122 5395 aenes-
