5000 6208
138 439 198 508 291
791 435 1162 506 concessamus
1184 435 1234 503 IN
1258 434 1472 502 GENESIN.
2067 439 2132 508 298

138 627 334 694 animalibus
366 627 476 694 subest
507 627 721 706 foecunditas,
754 626 818 692 nisi
846 633 1006 709 quatenus
1036 625 1104 690 vim
1157 622 1340 689 obedientia
1361 623 1458 690 laude
1480 624 1580 710 digna
1602 627 1678 704 1611,
1711 627 1797 712 6661
1820 649 1885 694 666
1908 628 2004 695 6616
2026 636 2131 694 ratam

138 736 230 780 suam
248 713 410 779 Dominus
431 714 560 794 exserit,
582 723 620 778 ut
636 711 813 797 impleatur
833 711 927 777 illud:
951 709 1105 787 (lrcsoite,
1158 709 1273 774 habuit
1294 710 1358 775 Dei
1379 731 1510 792 vocem,
1535 712 1591 778 sed
1614 711 1701 796 quod
1722 735 1799 780 suas
1821 722 1946 796 661166,
1969 725 2132 797 66616666

138 811 172 866 61
198 799 468 883 multiplicamini.
515 799 556 864 ln
585 799 807 882 procreatione
834 809 943 862 autem
973 795 1108 860 humani
1159 793 1225 860 Dei
1246 797 1396 861 minister
1418 806 1496 874 erat,
1520 807 1719 881 exsequutus
1737 801 1794 866 661.
1831 799 1914 864 Nam
1937 799 2024 883 qnod
2046 801 2132 884 apud

138 886 269 971 generis
288 885 437 968 specialis
459 883 600 968 refulget
622 886 691 950 eius
713 883 910 949 benedictio:
943 881 1015 946 ideo
1037 881 1108 964 qui·
1159 900 1233 946 oum
1257 880 1449 965 deposuerat
1471 883 1616 967 angelus,
1639 885 1808 967 praeconio
1830 905 1889 951 suo
1911 885 1998 968 6661
2019 907 2132 952 661666

137 971 190 1036 116
222 970 370 1036 66116116
403 980 515 1055 661166
547 970 637 1036 111166
671 969 813 1035 visitatio
846 970 916 1035 iure
948 977 1107 1034 66666161.
1159 966 1347 1033 6616116111.

138 1056 206 1123 Sed
240 1055 337 1122 altius
370 1056 504 1140 respicit
533 1056 593 1122 hoc
623 1054 693 1120 loco
720 1055 845 1134 Moses,
878 1075 994 1137 nempe
1024 1051 1108 1135 quod
1245 1054 1275 1117 4.
1306 1052 1350 1118 El
1379 1053 1578 1120 circumcidit.
1627 1054 1778 1121 Eundem
1808 1054 2011 1122 obedientiae
2039 1065 2132 1122 1666·

138 1150 267 1226 6166161
284 1142 441 1208 66116166
460 1152 596 1206 6616166
614 1141 761 1207 ordinem
780 1151 875 1205 natos
891 1138 991 1205 166111
1006 1137 1108 1204 Isaac.
1161 1157 1230 1202 rem
1253 1139 1458 1221 prosequitur
1477 1139 1654 1219 Abraham,
1677 1140 1756 1206 dum
1774 1142 1839 1207 11116
1857 1163 1915 1208 666
1934 1164 1997 1208 666
2016 1143 2130 1224 661611.

137 1228 223 1294 Nam
258 1229 439 1295 communis
472 1226 631 1312 gignendi
659 1231 756 1304 ratio,
787 1234 820 1290 et
850 1226 900 1291 vis
928 1224 985 1291 1116
1011 1244 1109 1307 6666
1162 1221 1321 1304 Quamvis
1343 1225 1430 1290 enim
1454 1224 1573 1290 dorum
1603 1224 1653 1290 illi
1680 1227 1778 1305 16161,
1813 1237 1964 1293 1666166
1996 1226 2132 1294 16166116

137 1313 302 1380 11661666
335 1313 522 1379 hominibus
555 1312 683 1390 indidit,
716 1313 751 1376 in
774 1309 941 1376 Abraham
974 1321 1007 1375 61
1039 1309 1110 1374 6166
1161 1309 1388 1393 corpusculum
1416 1310 1606 1392 vulnerare,
1636 1311 1821 1394 posthabito
1848 1323 1959 1379 tamen
1988 1313 2131 1380 humano

136 1419 241 1464 uxore
269 1408 463 1465 cessaverat.
507 1399 598 1483 Ergo
626 1418 779 1464 arcanam
802 1405 835 1462 et
858 1396 1024 1462 insolitam
1046 1392 1110 1459 Dei
1161 1395 1290 1474 affectu,
1313 1396 1376 1460 Dei
1400 1397 1498 1462 verbo
1520 1394 1731 1480 obtemperat.
1771 1399 1902 1465 Fecisse
1924 1409 2032 1464 autem
2055 1420 2131 1465 nar-

137 1485 306 1563 virtutem,
328 1504 410 1567 6666
432 1494 567 1549 naturae
588 1484 659 1568 lege
680 1481 828 1565 superior
849 1492 906 1558 est,
929 1482 1040 1548 116666
1057 1479 1111 1546 hic
1162 1489 1214 1547 rat
1231 1482 1340 1548 116666
1357 1483 1453 1547 sicuti
1475 1483 1583 1548 166666
1604 1483 1712 1548 166161
1730 1482 1926 1550 aDomino:
1949 1486 2025 1567 quia
2047 1484 2132 1551 nihil

136 1569 358 1638 commendat:
389 1589 494 1652 neque
522 1569 701 1634 immerito:
730 1587 927 1652 magnopere
950 1567 1036 1633 enim
1059 1586 1110 1631 16·
1161 1567 1265 1650 pluris
1286 1577 1336 1633 est
1360 1589 1457 1651 quam
1485 1569 1648 1634 sincerum
1671 1569 1734 1634 Dei
1764 1570 1900 1636 verbum
1930 1568 2050 1636 habere
2072 1591 2131 1654 pro
2164 1623 2165 1628 1

135 1656 203 1722 1611
230 1663 267 1720 61
298 1655 439 1721 sciamus
471 1656 648 1739 gratuitam
677 1654 740 1718 Dei
774 1653 953 1718 bonitatem
979 1664 1046 1719 tem
1075 1652 1110 1716 in
1162 1653 1284 1738 regula,
1306 1674 1367 1719 nec
1386 1653 1458 1736 plus
1479 1673 1593 1737 sapere
1614 1674 1711 1736 quam
1734 1654 1839 1721 116661.
1875 1655 1967 1722 Hace
1988 1677 2132 1738 6166661-

135 1741 267 1826 origine
293 1760 391 1824 6666
414 1742 447 1804 16
475 1759 649 1824 progressu
678 1739 832 1806 ecclesiae
862 1756 1012 1823 regnare:
1050 1758 1111 1804 nec
1162 1740 1223 1804 tim
1241 1738 1401 1805 modestia
1418 1737 1451 1803 in
1474 1740 1687 1806 sacramentis
1709 1741 1862 1824 exigitur,
1885 1761 1927 1806 ne
1949 1741 2001 1808 161
2023 1740 2147 1826 611666-

135 1825 271 1892 6116616
293 1827 382 1893 66661
404 1824 469 1891 1161
490 1825 574 1892 filios
600 1844 697 1909 quam
720 1845 761 1889 61
783 1825 962 1890 meracius
984 1824 1111 1889 6116611-
1162 1822 1223 1889 sibi
1245 1824 1403 1890 1611116661
1420 1823 1583 1890 homines:
1606 1825 1660 1891 vel
1679 1825 2133 1909 6666611661666661616

134 1911 256 1979 cordia.
306 1913 415 1996 Atque
446 1911 527 1978 11666
559 1911 642 1977 16116
673 1921 724 1975 661
756 1929 815 1976 661
842 1909 1012 1975 Abraham
1045 1929 1112 1974 non
1163 1919 1256 1988 sunt,
1286 1930 1345 1974 suo
1372 1909 1506 1976 arbitrio
1527 1912 1561 1976 in
1591 1910 1768 1994 quemlibet
1795 1933 1892 1982 6666
1922 1913 2145 1979 11666161661..

134 2007 216 2063 6616
248 2005 375 2081 661166
416 1995 528 2063 lecerit
560 2017 656 2081 qnam
689 1996 788 2079 probe
827 1994 1009 2061 6161616661
1041 1994 1112 2059 6166
1164 1995 1323 2060 Videmus
1355 2005 1464 2060 autem
1495 2017 1592 2079 quam
1626 1997 1885 2082 intemperanter
1916 1998 1971 2065 hic
2004 1999 2133 2082 pruriat

134 2103 265 2166 corpus.
310 2084 360 2149 Ao
381 2082 561 2149 notandum
583 2081 738 2165 estquod
760 2081 997 2160 visitationem,
1019 2080 1112 2147 cuius
1163 2080 1330 2146 hominum
1360 2080 1474 2147 libido:
1504 2082 1679 2147 innumera
1704 2085 1791 2148 enim
1822 2094 2026 2150 sacramenta
2046 2103 2145 2149 com··

133 2168 298 2246 meminit,
319 2169 355 2233 in
376 2169 589 2251 promissione
610 2166 780 2233 fundatam
802 2187 873 2232 esse
895 2166 975 2231 dicit
992 2167 1110 2243 Moses,
1162 2166 1290 2233 minisci
1307 2165 1378 2232 ausi
1395 2176 1482 2232 6661.
1516 2167 1753 2252 Dtnelongius
1771 2177 1919 2252 6616666
1935 2169 2138 2252 exemplum,

141 2253 294 2320 Vieitoos't
315 2253 429 2320 161666
450 2252 566 2319 Soram
586 2255 666 2320 61661
682 2254 881 2335 praebeat.
916 2251 980 2319 His
1001 2250 1111 2316 verbis
1162 2273 1263 2336 quum
1285 2251 1378 2318 Deus
1400 2252 1597 2320 christianae
1619 2253 1772 2322 ecclesiae
1794 2254 2009 2321 1661116166
2031 2253 2130 2320 tradi·

134 2339 290 2406 effectum
313 2339 458 2404 annectit
481 2360 558 2405 suae
580 2358 710 2406 causae:
732 2359 797 2422 666
814 2337 919 2423 magis
940 2337 1112 2420 661661666
1162 2337 1255 2415 derit,
1274 2339 1421 2421 papistae
1438 2347 1562 2421 septem
1579 2359 1615 2406 se
1632 2337 1749 2405 habere
1766 2341 1899 2408 1661661.
1932 2339 2035 2423 Quasi
2052 2361 2141 2408 1616

133 2426 181 2491 611
200 2425 379 2508 6666116116
397 2424 459 2490 1161
483 2425 603 2510 gratia,
634 2426 726 2491 cuius
753 2424 918 2508 specimen
945 2433 1054 2488 exstat
1075 2421 1111 2486 16
1162 2425 1205 2491 611
1225 2445 1326 2506 66666
1346 2423 1435 2508 16666
1456 2423 1615 2491 61661616
1637 2423 1752 2492 6616116
1778 2426 2021 2509 promissiones,
2050 2446 2138 2509 quas·

156 2512 289 2577 enitura
306 2510 409 2577 Isaac.
447 2508 485 2577 81
503 2516 635 2575 tantum
656 2509 793 2575 dixisset
813 2517 993 2594 respectam
1011 2508 1110 2574 luisse
1161 2510 1307 2590 signisa
1337 2531 1372 2575 se
1398 2511 1544 2576 confictis
1573 2511 1731 2576 sanciant.
1775 2509 1883 2592 Quam
1911 2511 2024 2578 moltis
2052 2530 2131 2577 1616

133 2532 480 2676 8616661166166,
507 2595 798 2679 quumfiliumpe
841 2597 893 2674 111,
917 2593 1110 2678 investigari
1161 2597 1352 2662 commentis
1369 2594 1682 2681 661161661616661
1699 2616 1756 2662 eos
1776 2606 1988 2675 sacramenta,
2010 2598 2133 2664 1616116

132 2692 267 2767 6616161
294 2681 390 2748 611161
417 2701 523 2749 66666.
567 2683 614 2747 At
643 2681 768 2746 nemini
813 2679 925 2748 uhium
952 2687 1004 2745 661
1030 2679 1109 2763 6616
1161 2701 1400 2764 66661166666
1423 2689 1481 2746 est.
1523 2680 1597 2748 Hoc
1617 2691 1705 2749 certe
1731 2682 1840 2768 palam
1869 2691 1932 2762 est,
1959 2681 2044 2748 nihil
2064 2681 2131 2749 illis

132 2767 282 2854 gratuita
313 2767 412 2833 luerit
442 2766 630 2851 promissio,
663 2787 727 2850 666
759 2765 899 2833 1666166
927 2765 1110 2832 161116666
1161 2767 1272 2832 minus
1310 2786 1383 2832 6666
1416 2787 1513 2834 66166
1548 2788 1646 2850 quam
1686 2789 1819 2835 6611616
1848 2768 1935 2853 6661
1967 2767 2131 2836 Dominus

131 2853 225 2939 patri
255 2851 424 2934 Abrahae,
456 2873 557 2937 quom
590 2852 716 2920 1166166
740 2852 784 2918 611
811 2852 881 2918 eius
915 2850 1109 2935 adoptionis,
1161 2852 1328 2936 praecipit.

133 2959 222 3024 quae
261 2938 392 3005 nonnisi
423 2958 534 3004 merae
567 2938 630 3004 Dei
663 2937 787 3023 gratiae
820 2936 962 3004 adscribi
992 2944 1108 3021 potest.
1248 2937 1277 3003 5.
1300 2937 1344 3002 Et
1363 2937 1528 3004 Abrohom
1555 2943 1623 3005 erut
1649 2944 1768 3006 6661661
1795 2959 1957 3006 orreorum.
2001 2939 2131 3008 Rursus

131 3025 230 3110 Ergo
251 3025 305 3108 qui
323 3023 389 3091 Dei
410 3045 491 3109 6666
509 3023 573 3090 rite
590 3030 624 3089 61
641 3023 820 3108 prudenter
841 3024 875 3088 in
898 3021 1110 3107 generatione
1161 3032 1393 3090 commemorat
1422 3024 1531 3090 116666
1552 3024 1706 3091 Abrahae
1735 3032 1888 3092 aetatem:
1922 3045 1986 3109 quo
2013 3025 2131 3092 melius

131 3111 233 3176 Isaac
260 3118 411 3194 reputare
440 3111 544 3189 16161,
572 3131 702 3176 necesse
728 3116 876 3175 661616
898 3109 1111 3193 promissione
1162 3109 1202 3176 ad
1224 3109 1375 3174 miraculi
1404 3109 1695 3176 considerationem
1717 3110 2018 3177 6161161166161661
2039 3131 2130 3178 men·

131 3197 285 3279 incipiat.
334 3195 370 3262 11
416 3217 491 3261 666
518 3216 645 3279 666666
680 3195 1110 3278 666166166661166116·
1162 3206 1220 3261 166.
1264 3195 1985 3275 11161661666611661111611661666116111,
2015 3197 2130 3263 memi-

130 3216 594 3367 66111161Ε611θ1616666616
617 3281 802 3348 1861661661
829 3279 1109 3362 16666161166161.
1162 3283 1307 3347 norimus
1326 3289 1453 3361 16666,
1485 3281 1638 3348 hocloco
1660 3283 1752 3348 nobis
1775 3302 1852 3346 eum
1882 3284 2035 3366 6166611,
2063 3305 2130 3349 666

131 3369 296 3434 Lectores
322 3367 409 3432 enim
436 3369 528 3450 quasi
560 3368 680 3433 iniecta
697 3386 811 3432 -manu
841 3367 977 3443 retinet,
1012 3375 1049 3430 ut
1076 3365 1110 3428 in
1161 3375 1318 3450 tanquam
1340 3366 1547 3432 libidinosum
1569 3366 1744 3446 hominem,
1767 3367 1823 3434 661
1843 3369 1997 3434 maritum
2017 3367 2131 3446 86166,

130 3452 374 3521 considerando
405 3461 475 3518 tam
502 3452 626 3537 insigni
658 3451 813 3518 miraculo
847 3451 1010 3518 insistant.
1053 3449 1111 3514 In·
1162 3453 1281 3536 quiex
1303 3452 1547 3536 ealegitimnm
1575 3473 1686 3518 semen
1715 3460 1862 3519 extremo
1884 3453 2016 3519 demum
2038 3454 2133 3520 senio

131 3549 229 3606 terea
250 3538 314 3603 Dei
341 3537 440 3603 11166
466 3537 673 3604 666666161
701 3537 824 3616 116666,
859 3556 896 3604 66
924 3536 953 3602 61
981 3536 1111 3615 1166161,
1162 3538 1359 3620 6166166111,
1393 3558 1493 3622 6666
1526 3538 1654 3604 steriles
1685 3538 1823 3605 16166661
1852 3541 1887 3603 16
1920 3539 2032 3624 vigore
2059 3559 2131 3605 suo.

130 3643 311 3708 nunquam
335 3623 457 3690 1166116
484 3625 577 3689 16616
603 3623 771 3707 616616616
798 3621 919 3688 1661616
946 3622 1110 3687 homines:
1161 3623 1248 3690 Nam
1270 3623 1305 3688 in
1322 3643 1360 3690 66
1376 3625 1548 3708 praecipue
1570 3623 1773 3707 resplenduit
1788 3625 1853 3690 Dei
1870 3625 2023 3708 potentia,
2042 3624 2131 3708 6661

130 3732 197 3777 nec
219 3710 331 3776 minus
351 3729 502 3776 veracem
524 3730 594 3775 esse
616 3709 657 3775 61
679 3706 910 3792 praestandum
933 3707 1018 3792 quod
1036 3725 1111 3790 pro·
1162 3730 1262 3792 quam
1285 3708 1372 3774 ultra
1389 3709 1560 3793 sexaginta
1580 3727 1684 3776 annos
1706 3710 1817 3776 sterile
1833 3709 1899 3776 illis
1920 3711 2035 3776 luisset
2051 3731 2129 3776 con·

129 3795 239 3875 misit,
260 3815 359 3879 qnam
380 3794 422 3861 61
444 3794 698 3880 promittendum
720 3793 863 3860 liberalis
884 3801 935 3859 est
956 3813 994 3858 66
1014 3813 1111 3876 spon·
1161 3796 1286 3880 iugium
1315 3795 1439 3862 effoetis
1461 3797 1525 3859 iam
1549 3803 1581 3860 61
1608 3796 1825 3862 semimortuis
1852 3795 1960 3862 subito
1981 3802 2059 3861 nata
2080 3803 2133 3862 661

129 3892 265 3948 166666.
1162 3880 1278 3964 proles.
1323 3879 1408 3946 8616
1428 3900 1517 3959 1616,
1538 3901 1601 3964 666
1624 3880 1877 3960 dubitationem,
1899 3879 2128 3965 6661611666·

224 3966 255 4032 2.
276 3964 403 4048 Peperit
418 3965 574 4032 Abrahae.
613 3964 799 4032 86666166
823 3966 936 4031 tritum
959 3963 1111 4048 loquendi
1162 3975 1223 4044 rat,
1245 3976 1440 4050 6616666661,
1463 3986 1552 4032 6666
1573 3967 1745 4051 magnilica
1768 3966 1884 4050 quibus
1906 3966 2000 4033 decet
2016 3967 2135 4052 elogiis

129 4073 263 4119 morem
286 4051 347 4118 hoc
370 4050 493 4118 dictum
516 4061 580 4117 est:
604 4052 680 4135 quia
700 4051 819 4116 mulier
842 4072 946 4135 66666
967 4049 1111 4116 familiae
1161 4051 1328 4137 praedicat
1349 4052 1412 4118 Dei
1445 4051 1647 4118 beneficium.
1692 4055 1741 4118 Ao
1773 4054 1877 4135 primo
1910 4053 1989 4119 dicit
2019 4052 2129 4118 datam

131 4146 240 4224 capnt
257 4147 316 4218 cst,
338 4157 444 4221 neque
461 4137 590 4220 proprie
607 4136 669 4203 sibi
687 4137 783 4220 parit,
806 4136 862 4203 sed
881 4135 1009 4202 marito.
1044 4133 1110 4202 861
1160 4137 1223 4204 sibi
1256 4159 1275 4204 6
1307 4136 1379 4203 Deo
1411 4157 1482 4204 esse
1513 4136 1625 4222 gaudii
1657 4138 1844 4204 materiam:
1885 4158 1945 4204 666
1984 4137 2134 4222 volgaris

130 4224 225 4309 quod
249 4223 398 4307 66661161
425 4231 541 4288 661616
571 4223 676 4308 magis
704 4221 840 4307 dignum
863 4231 926 4300 est,
957 4223 991 4286 16
1011 4241 1112 4288 setec-
1161 4223 1281 4308 gaudii,
1303 4223 1360 4290 sed
1382 4223 1508 4307 16666
1530 4220 1591 4288 sibi
1613 4222 1820 4306 gratulentur
1842 4243 1964 4289 omnes.
2000 4223 2130 4290 Deinde

131 4317 202 4378 tute
221 4310 300 4387 6166,
323 4309 458 4374 utura
478 4313 597 4391 1616616
617 4313 772 4387 61616166,
795 4307 882 4391 6661
904 4306 996 4374 11666
1018 4327 1109 4390 6166·
1161 4329 1224 4393 666
1246 4311 1350 4395 magis
1372 4308 1563 4391 amplificet,
1591 4308 1741 4374 mirantis
1767 4329 1939 4393 personam
1960 4308 2069 4374 induit
2090 4328 2132 4376 ac

131 4395 283 4463 dixerat:
306 4413 384 4460 nam
406 4403 555 4458 senectus
572 4393 726 4460 Abrahae
743 4412 810 4459 non
832 4414 947 4477 parum
970 4392 1112 4458 illustrat
1160 4395 1285 4461 interro
1329 4408 1357 4472 t,
1379 4392 1463 4476 Quis
1486 4393 1548 4459 hoc
1575 4394 1763 4460 nunciasset
1787 4393 1961 4460 Abrahae?
1984 4391 2129 4474 Quidam

131 4480 290 4548 miracoli
323 4479 471 4564 gloriam.
521 4479 661 4544 Etiam
691 4479 787 4544 tertio
816 4478 856 4544 ad
878 4478 943 4545 Dei
972 4478 1110 4545 verbum
1160 4479 1258 4561 istud,
1309 4480 1404 4548 ldebs'l
1419 4479 1635 4557 6111111161
1678 4477 2128 4562 666166661666661616

129 4565 495 4642 6661616661116666,
517 4565 671 4632 6166116
699 4584 829 4648 666661
856 4573 1004 4632 66661161
1025 4565 1111 4630 1611-
1161 4565 1249 4632 dieat
1270 4565 1492 4632 8616661616
1513 4565 1603 4649 vulgi
1638 4564 1777 4630 abelam.
1813 4563 1882 4632 Sed
1902 4566 1992 4648 prior
2012 4585 2129 4632 sensus

130 4654 219 4720 tatis
243 4651 314 4717 eius
343 4651 535 4720 6666166116.
580 4650 726 4717 Tametsi
755 4659 865 4715 autem
893 4650 1112 4717 communiter
1161 4652 1277 4717 melius
1331 4651 1464 4730 oadrat,
1488 4649 1646 4734 Quisquis
1677 4649 1806 4731 661161,
1839 4650 1958 4716 ridebit
1990 4671 2126 4732 mecum,

130 4736 296 4806 Abrahae
323 4745 357 4801 ot
384 4735 456 4802 eius
485 4737 579 4802 uxori
607 4735 807 4820 praedictum
837 4735 944 4802 166161
973 4745 1111 4820 166666,
1161 4671 1347 4823 gratulandi
1368 4736 1493 4802 scilieet
1512 4756 1619 4803 causa.

130 4823 336 4891 nominatim
363 4829 472 4886 16666
496 4821 548 4887 hic
577 4821 682 4887 honor
710 4821 866 4888 tribuitur
887 4829 1000 4888 sancto
1022 4823 1110 4887 viro:
1247 4822 1276 4888 1.
1303 4823 1381 4905 Quis
1406 4823 1586 4888 6666166661
1605 4819 1771 4888 Abrohom
1793 4819 1917 4888 lectore.
1961 4821 2124 4894 Futurum

130 4909 217 4995 qnia
248 4909 285 4972 16
318 4906 388 4972 6166
420 4906 592 4991 praecipue
628 4907 767 4994 gratiam
800 4906 876 4972 data
906 4907 1006 4973 166111
1036 4928 1111 4992 616·
1160 4907 1297 4975 verbum
1327 4908 1397 4974 loco
1424 4906 1625 4974 subiunctiri
1653 4907 1793 4990 positum
1818 4927 1889 4972 esse
1917 4907 2126 4992 interpretor.

129 4995 262 5062 missio.
307 4991 502 5076 Quanquam
525 5002 700 5076 utrumque
729 4991 881 5060 distincte
909 4992 1048 5059 habetur
1075 4993 1110 5059 16
1162 4992 1287 5061 866666
1321 5001 1431 5060 66166
1460 5003 1527 5072 661,
1560 4991 1622 5058 hoe
1649 4992 1772 5058 nemini
1805 4993 1991 5058 mortalium
2025 4991 2129 5059 luisse

129 5087 308 5150 contextu.
1160 5089 1337 5146 ventarum
1370 5099 1512 5163 unquam
1544 5078 1580 5144 in
1612 5086 1766 5144 mentem.
1814 5076 1912 5144 Unde
1943 5077 2127 5158 constituit,

227 5165 258 5230 3.
287 5161 332 5230 B
360 5164 480 5230 6616611
500 5161 663 5229 Abrohom
688 5183 804 5230 666166.
848 5163 923 5230 Non
955 5163 1112 5248 intelligit
1160 5164 1264 5232 solam
1288 5165 1394 5232 11666
1417 5175 1563 5230 6616166
1584 5181 1669 5230 esse:
1690 5171 1724 5228 61
1744 5163 1811 5227 iam
1832 5163 1992 5246 seipsam
2013 5162 2127 5248 ingra-

128 5251 287 5338 primnm
325 5249 466 5316 nominis
503 5259 649 5316 autorem
685 5249 800 5328 161666,
839 5249 897 5316 661
935 5250 1111 5316 retinuisse
1161 5249 1312 5317 titudinis
1339 5249 1488 5330 damnat,
1520 5248 1603 5332 quod
1633 5248 1725 5314 tarde
1752 5247 1849 5314 fidem
1877 5246 2029 5316 habuerit
2048 5269 2125 5314 661·

129 5336 225 5424 6661
259 5333 354 5418 61166
384 5333 425 5400 ab
457 5333 575 5421 angelo
604 5335 711 5402 fuerat
741 5332 892 5400 inditum.
936 5332 1111 5402 86111666
1160 5337 1247 5402 renti
1268 5336 1393 5422 angelo.
1437 5335 1524 5418 Quia
1545 5345 1652 5401 autem
1675 5334 1759 5400 lilios
1781 5333 1929 5400 nominat
1947 5336 1984 5399 in
2004 5334 2125 5419 plurali
