5022 6192
962 376 1327 445 PROLEGOMIINA.
2039 379 2146 445 XXIII

148 573 249 638 Dent.
274 571 298 636 l.
321 568 457 637 19-25.
484 608 521 617 -
544 569 642 635 Num.
667 565 752 632 XHI.
775 565 945 632 25-X1V.
970 566 1063 634 1-9.
1085 602 1128 612 —
1149 565 1247 632 Dent.
1268 564 1293 630 1.
1317 564 1452 631 26-33.
1474 602 1516 612 -
1539 565 1637 633 Num.
1661 565 1744 632 XIV.
1775 565 1912 634 10-38.
1934 604 1976 616 -
1999 569 2097 636 Deut.
2121 569 2145 636 I.

148 683 295 761 34—36;
318 683 369 749 39.
390 683 443 748 40.
474 719 516 730 -
545 681 642 746 Num.
665 677 752 744 XIV.
776 677 911 743 39-45,
942 715 984 725 -
1014 679 1111 744 Deut.
1133 677 1160 743 I.
1184 676 1320 742 41-46.
1351 714 1393 725 —
1421 676 1520 744 Dent.
1542 676 1596 742 IX.
1619 678 1757 744 22-24.
1786 717 1828 728 —
1859 680 1957 747 Deut.
1981 680 2027 746 II.
2053 683 2081 746 1.
2104 719 2146 730 —

147 797 232 863 Lev.
261 793 374 860 XXIV.
407 792 542 858 10-14.
572 828 613 838 -
642 791 740 857 Num.
768 789 836 855 XV.
867 789 1005 855 32-36.
1035 826 1076 837 -
1105 789 1202 854 Num.
1231 787 1315 854 XVI.
1350 788 1448 852 XVII.
1480 824 1517 834 —
1548 791 1646 855 Num.
1676 788 1745 855 XX.
1778 790 1891 856 1-13.
1920 828 1962 838 —
1990 793 2090 859 Dent.
2119 794 2145 859 1.

147 909 202 974 37.
222 908 273 976 38.
295 943 337 954 -
359 905 458 971 Num.
476 903 546 968 XX.
572 902 713 983 14-22;
735 899 833 968 Deut.
852 902 897 968 II.
916 901 1010 967 2-8.
1034 939 1075 950 -
1097 900 1196 966 Num.
1215 897 1284 965 XX.
1303 899 1446 981 23-29;
1468 899 1613 968 XXXIII.
1633 902 1683 969 38.
1703 900 1754 967 39.
1776 938 1813 949 -
1833 903 1931 970 Deut.
1949 904 1989 972 X.
2008 905 2038 971 6.
2058 905 2086 970 7.
2104 945 2146 954 -

146 1021 249 1086 Num.
270 1017 353 1084 XXI.
377 1015 477 1096 1-3;
499 1012 644 1078 XXXIII.
663 1014 715 1080 40.
734 1050 775 1060 -
793 1013 890 1079 Num.
909 1011 993 1079 XXI.
1013 1013 1128 1077 4-20.
1152 1049 1194 1058 —
1216 1011 1314 1078 Dent.
1332 1012 1378 1077 II.
1397 1012 1513 1078 9-23.
1533 1049 1574 1061 —
1592 1014 1691 1080 Num.
1712 1012 1797 1079 XXI.
1814 1013 1960 1095 21-323
1982 1013 2082 1082 Dent.
2098 1017 2145 1085 H.

147 1131 287 1198 24-37.
312 1166 352 1177 -
373 1128 471 1193 Num.
495 1125 578 1192 XXI.
602 1124 745 1205 33-353
767 1123 866 1190 Deut.
890 1124 953 1191 III.
978 1123 1092 1189 1-11.
1117 1161 1157 1172 -
1179 1122 1278 1189 Num.
1301 1122 1400 1188 XXII.
1427 1127 1443 1188 1
1470 1123 1510 1188 ad
1532 1123 1629 1190 XXV.
1654 1123 1704 1190 18.
1728 1161 1769 1172 -
1793 1124 1893 1192 Dent.
1918 1125 1972 1193 IV.
1998 1128 2027 1192 3.
2050 1128 2081 1193 4.
2103 1163 2147 1175 -

146 1245 247 1311 Num.
271 1239 368 1306 XXV.
393 1239 434 1305 19
446 1238 486 1305 ad
497 1235 627 1304 XXVII.
651 1239 700 1303 11.
723 1273 765 1282 -
787 1236 886 1300 Num.
908 1233 1052 1300 XXXVI.
1077 1234 1190 1302 1-13.
1214 1272 1255 1282 -
1278 1234 1375 1300 Num.
1388 1233 1502 1301 XXXI.
1515 1234 1644 1302 XXXII.
1667 1272 1709 1282 —
1732 1235 1830 1302 Dent.
1854 1237 1919 1304 ΠΙ.
1944 1238 2080 1305 19-20.
2105 1277 2146 1289 -

146 1357 248 1422 Deut.
273 1352 325 1419 IV.
347 1351 484 1417 41-43.
507 1386 549 1398 -
571 1348 668 1415 Num.
691 1346 837 1413 XXXIII.
863 1345 1011 1426 1-52a;
1034 1345 1178 1426 53-563
1200 1343 1343 1412 XXXIV.
1376 1383 1414 1394 --
1444 1346 1542 1412 Deut.
1567 1345 1680 1413 XXXI.
1705 1348 1797 1413 1-8.
1829 1383 1869 1393 —
1897 1349 1993 1415 Num.
2016 1348 2145 1416 XXVII.

149 1466 287 1534 15-23.
320 1500 363 1514 ··-
396 1464 494 1528 Deut.
526 1459 590 1526 III.
619 1458 762 1539 21-29;
791 1458 852 1523 IV.
882 1458 933 1522 21.
957 1457 1009 1524 22.
1043 1493 1084 1506 -
1117 1457 1217 1523 Dent.
1247 1453 1382 1522 XXXI.
1414 1456 1548 1523 14-30.
1582 1495 1622 1506 —
1657 1460 1754 1526 Deut.
1785 1459 2075 1527 XXXH.1-43.
2104 1498 2146 1510 —

146 1579 249 1644 Deut.
273 1572 403 1640 XXXII.
425 1571 570 1652 44-52;
592 1571 692 1636 Num.
714 1567 844 1635 XXVII.
869 1568 1005 1633 12-14.
1030 1604 1070 1616 -
1095 1568 1192 1634 Deut.
1214 1567 1359 1633 XXXIII.
1389 1566 1533 1633 XXXIV.

303 1687 376 1753 Iam
397 1685 457 1754 tali
478 1682 690 1768 dispositione
712 1689 862 1746 textuum
885 1678 944 1744 vix
965 1679 1139 1764 quidquam
1171 1679 1212 1744 ad
1233 1679 1352 1745 iustam
1384 1681 1491 1763 operis
1513 1682 1646 1748 mosaici
1667 1681 1917 1768 intelligentiam
1941 1691 1974 1752 et
1996 1686 2147 1753 aestima-

147 1803 274 1866 ti0nem
291 1797 430 1865 oonlerri
447 1795 602 1881 potuisse,
621 1800 782 1877 quantum
800 1791 929 1875 quidem
941 1791 982 1856 ad
1001 1792 1071 1857 eius
1088 1790 1231 1875 origines
1241 1797 1275 1855 et
1293 1791 1417 1857 autoris
1434 1792 1538 1875 ipsius
1554 1792 1725 1860 eonsilium
1743 1790 1896 1877 pertinet,
1916 1797 1972 1863 vir
1994 1796 2146 1881 estquod

146 1921 182 1978 te
193 1931 392 1978 moneamus.
421 1907 494 1973 Imo
506 1905 616 1971 omnia
631 1924 750 1987 sueque
768 1903 871 1987 deque
889 1901 1022 1967 disieota
1039 1911 1205 1985 apparent,
1225 1911 1291 1966 tam
1309 1901 1398 1986 leges
1415 1923 1513 1987 quam
1531 1901 1697 1982 historiae,
1718 1913 1816 1989 atque
1827 1917 1864 1971 ut
1881 1907 2014 1973 illarum
2026 1915 2145 1974 natura

146 2031 183 2091 et
204 2044 309 2089 nexus
330 2019 424 2105 quasi
444 2015 484 2083 de
504 2016 667 2083 industria
687 2015 807 2080 inieoto
829 2013 902 2080 velo
924 2013 1177 2092 absoonduntur,
1199 2012 1289 2078 nullo
1311 2013 1423 2080 habito
1445 2021 1595 2098 respeotu
1617 2024 1815 2100 temporum,
1844 2018 1890 2084 ita
1909 2019 2028 2085 harum
2051 2026 2145 2086 tenor

146 2133 398 2218 haudquaquam
419 2127 557 2195 luoidior
578 2127 684 2194 laetus
704 2136 762 2192 ast.
807 2123 918 2206 Quum
947 2123 987 2188 de
1014 2133 1126 2190 autore
1148 2123 1247 2191 totius
1271 2125 1445 2191 voluminis
1467 2126 1586 2192 Nostro
1614 2148 1656 2193 ne
1676 2128 1850 2194 minimum
1881 2130 2011 2214 quidem
2034 2139 2141 2197 ortum

146 2247 190 2312 sit
211 2243 357 2322 dubium,
379 2241 499 2325 quippe
521 2240 579 2322 qui
600 2239 685 2304 Mosi
708 2238 772 2303 ista
792 2236 902 2302 omnia
924 2234 1081 2315 tribuerit,
1103 2235 1220 2302 merito
1238 2236 1437 2319 quaesiveris
1456 2257 1519 2320 quo
1540 2245 1634 2321 paeto
1655 2248 1713 2304 aut
1733 2239 1806 2305 iure
1828 2240 1984 2308 radioitur
2007 2261 2045 2307 aa
2066 2262 2143 2309 oon·

146 2354 271 2422 vellere
292 2374 391 2420 ausus
411 2350 521 2417 fuerit.
566 2347 699 2416 Seilieet
719 2348 780 2414 hoo
802 2367 906 2414 unum
928 2343 1036 2412 effeeit
1064 2367 1123 2412 suo
1144 2346 1255 2413 labore
1281 2347 1405 2412 utiam
1428 2356 1538 2431 pateat
1560 2349 1666 2432 ipsum
1689 2349 1751 2418 hoe
1771 2371 1852 2435 opus
1873 2351 1970 2436 plane
1993 2352 2088 2419 aliter
2109 2364 2144 2420 et

145 2467 284 2533 iustiore
305 2463 419 2531 ordine
441 2462 636 2545 soriptnrum
659 2460 777 2540 fruese,
808 2459 836 2526 si
866 2459 946 2525 haee
969 2477 1047 2524 eura
1067 2457 1129 2541 ipsi
1152 2458 1266 2525 munet
1296 2456 1500 2525 demandata.
1545 2459 1631 2526 Boni
1658 2467 1767 2528 autem
1789 2464 1978 2548 interpretis
1999 2464 2142 2533 offioium

146 2599 213 2644 non
236 2579 272 2643 in
293 2596 331 2642 eo
352 2579 481 2640 tantum
504 2582 631 2639 eonstat
653 2582 691 2637 ut
712 2571 916 2656 singularum
944 2589 1055 2634 rerum
1083 2569 1118 2633 in
1141 2571 1304 2653 seriptura
1331 2569 1439 2654 aliqua
1464 2568 1657 2637 traditarum
1684 2573 1804 2639 iustam
1825 2575 1986 2641 rationem
2016 2575 2141 2656 reddat,

147 2711 245 2774 quam
262 2687 393 2754 leudem
414 2704 541 2751 summo
564 2683 685 2750 saeculi
706 2682 757 2749 sui
779 2688 935 2766 erogatae
957 2699 1053 2746 nemo
1074 2678 1170 2746 faeile
1189 2682 1374 2766 negaverit,
1406 2681 1639 2748 verumetiam
1662 2685 1785 2751 autoris
1807 2685 2046 2771 interpretandi
2068 2707 2143 2755 oon-

147 2801 259 2868 silium
282 2807 315 2865 et
335 2792 496 2865 seribendi
518 2793 707 2860 methodum
730 2793 905 2878 perspiciat
926 2799 959 2858 et
980 2790 1131 2871 deolaret,
1154 2813 1219 2858 non
1242 2799 1351 2858 autem
1373 2812 1451 2860 suas
1471 2793 1615 2860 rationes
1637 2793 1751 2863 alienis
1772 2796 1960 2865 substituat.

301 2909 409 2992 Quam
432 2907 627 2974 laboriosum
650 2916 683 2972 et
704 2903 906 2972 fastidiosum
936 2903 1035 2970 fuerit
1055 2899 1242 2970 oondendae
1269 2903 1345 2970 tulis
1366 2903 1560 2971 harmoniae
1586 2924 1668 2989 opus
1690 2908 1789 2972 etiam
1807 2906 1883 2974 inde
1905 2909 2036 2996 oolligee
2058 2909 2143 2996 quod

146 3021 307 3091 nonnulla
328 3020 378 3087 bis
399 3025 573 3086 ooourrunt
593 3017 629 3081 in
652 3037 700 3095 eo,
722 3016 787 3082 alia
808 3036 888 3082 vero
909 3014 1029 3081 omissa
1049 3025 1136 3081 eunt.
1170 3013 1266 3095 Quod
1288 3015 1423 3082 minime
1446 3014 1617 3082 miraberis
1637 3017 1673 3081 in
1695 3026 1762 3083 tam
1784 3039 1897 3087 severe
1919 3041 1956 3089 aa
1978 3021 2144 3088 subtiliter

146 3135 233 3201 laeta
254 3133 412 3200 divisione
432 3149 515 3214 quae
536 3127 657 3211 passim
680 3126 733 3194 rel
755 3127 919 3211 simplioes
940 3131 1052 3192 textus
1074 3125 1250 3192 versieulos
1272 3125 1434 3193 dieseouit.
1468 3125 1525 3193 Sie
1545 3127 1596 3194 bis
1614 3127 1790 3213 relegimus
1808 3130 1870 3196 Ex.
1882 3129 1953 3198 XII.
1971 3132 2142 3213 24-2723

145 3243 247 3312 XXII.
270 3245 300 3311 9.
325 3243 374 3309 10.
397 3240 455 3321 29;
477 3237 595 3308 XXIII.
616 3238 656 3304 31
667 3239 696 3306 b.
734 3239 816 3307 Lea.
839 3235 922 3303 XIX.
948 3235 1032 3318 18b;
1055 3235 1169 3302 XXIV.
1192 3237 1276 3318 21a;
1298 3238 1396 3304 Num.
1420 3237 1476 3304 III.
1500 3237 1620 3320 5-10;
1643 3237 1788 3307 XXXIII.
1812 3241 1954 3328 38-405
1977 3243 2075 3312 Dent.
2088 3244 2142 3312 IV.

148 3356 290 3437 12-143
313 3352 411 3418 XVII.
431 3353 461 3418 6.
495 3351 665 3435 Nusquam
687 3349 790 3415 relata
811 3356 845 3414 et
866 3349 1040 3432 explanata
1062 3348 1253 3432 reperimus,
1277 3347 1363 3433 quod
1385 3358 1495 3415 tamen
1514 3350 1607 3417 ahlvo
1626 3371 1735 3418 errore
1757 3352 1880 3418 dietum
1898 3355 1953 3420 sit:
1977 3355 2040 3422 Ex.
2058 3355 2144 3424 XXI.

148 3468 202 3548 1o;
223 3466 322 3532 XXII.
347 3464 402 3546 193
425 3460 540 3529 XXIII.
562 3461 599 3542 93
620 3458 720 3527 XXX
745 3460 801 3539 14;
824 3461 905 3526 Lev.
927 3457 996 3524 XX.
1021 3459 1039 3523 7
1048 3481 1056 3539 ;
1078 3457 1192 3526 XXIV.
1215 3459 1272 3541 23;
1294 3459 1394 3528 XXV.
1419 3462 1561 3544 14-193
1583 3460 1698 3529 XXVI.
1721 3461 1780 3548 463
1801 3462 1900 3530 Num.
1923 3464 1961 3530 V.
1983 3467 2021 3548 4;
2042 3466 2142 3533 XXX.

148 3580 183 3660 1;
205 3579 307 3646 Dent.
329 3575 383 3641 XI.
406 3573 547 3654 13-153
577 3571 720 3653 21-25;
748 3570 815 3638 XV.
838 3571 982 3653 21-23;
1010 3569 1123 3638 xv111.
1147 3571 1204 3652 20;
1226 3569 1328 3638 XXII.
1352 3572 1403 3640 28.
1426 3572 1478 3640 29.
1525 3571 1619 3656 Quae
1647 3581 1756 3641 tamen
1784 3574 1852 3642 fera
1874 3577 1984 3644 omnia
2005 3579 2144 3646 minoris

145 3709 183 3755 ao
203 3689 332 3754 minimi
354 3687 510 3753 momenti
533 3694 611 3750 sunt
634 3693 668 3750 et
688 3683 783 3750 faoile
804 3683 929 3768 negligi
951 3689 1111 3767 poterant.

300 3799 352 3866 De
375 3796 617 3865 Commentario
638 3794 675 3860 in
691 3793 824 3862 Iosuam
843 3792 928 3859 nihil
950 3793 1107 3860 habemus
1126 3814 1186 3878 pro
1205 3805 1351 3880 tempore
1368 3795 1453 3879 quod
1476 3796 1538 3864 hoo
1559 3795 1628 3863 looo
1650 3794 1833 3863 addendum
1856 3818 1928 3865 esse
1944 3818 2143 3869 censeamus.
