4988 6192
124 430 177 494 377
771 425 1140 496 COMMENTARIUS
1162 427 1213 493 IN
1235 426 1449 494 GENESIN.
2040 431 2104 498 378

123 618 273 696 nistrum,
302 616 428 684 consilii
455 618 506 683 sui
535 618 726 701 participem
750 638 817 684 non
843 617 971 682 laceret.
1016 616 1086 681 Neo
1136 616 1182 680 Et
1203 637 1282 681 eane
1304 617 1332 681 si
1354 614 1467 681 eadem
1490 615 1583 684 nobis
1604 615 1692 681 adsit
1710 614 1824 700 religio
1847 638 1931 701 quae
1951 621 1985 684 in
2007 620 2105 686 corde

122 701 292 771 absurdum
311 711 362 770 est
384 701 468 786 quod
489 703 593 769 instar
614 704 715 781 caeci,
738 701 904 780 nesciens,
927 704 960 767 in
983 700 1085 767 alium
1136 701 1240 766 sancti
1258 701 1463 784 patriarchae
1483 701 1594 787 viguit,
1613 701 1696 766 nihil
1713 702 1868 785 impediet
1885 705 2057 786 quominus
2068 706 2105 770 in

120 810 213 874 quam
230 787 366 872 putabat
383 786 639 855 benedictionem
657 787 836 854 transtulit.
867 788 912 853 Et
930 786 1084 871 quiddam
1135 784 1278 852 hominis
1289 787 1479 852 infirmitate
1491 786 1585 853 nobis
1603 787 1723 853 clarior
1733 791 1891 873 refulgeat
1912 789 1974 855 Dei
1988 791 2102 857 virtus.

119 875 336 942 similehabct
357 874 704 958 ordinariapastornm
726 873 864 939 functio:
888 887 1084 956 numqaum
1222 872 1274 938 27.
1304 872 1382 938 Vide
1402 873 1523 938 οᾶοιιιιι
1547 873 1610 954 filii
1631 873 1700 939 mei.
1745 874 1819 939 Non
1849 874 1997 958 displicet
2024 875 2104 942 alle·

119 963 184 1027 Deo
212 959 362 1026 hemines
395 980 438 1024 ex
470 961 541 1025 eius
572 959 727 1025 mandato
760 958 985 1036 reconcilient,
1019 979 1084 1023 non
1136 957 1228 1040 goria
1258 979 1355 1041 quam
1388 957 1513 1024 inducit
1545 959 1737 1025 Ambrosius
1766 960 1841 1026 huic
1874 961 1952 1026 loco.
2005 960 2104 1028 Iacob

119 1047 305 1112 discernunt
333 1054 443 1111 tamen
471 1044 513 1111 ad
541 1066 622 1128 quos
650 1045 820 1128 perveniat
848 1043 1083 1110 reconciliatio:
1136 1052 1216 1107 natu
1246 1044 1352 1109 minor
1380 1043 1441 1108 sub
1470 1063 1608 1128 persona
1634 1043 1748 1109 fratris
1775 1047 1984 1130 primogeniti
2005 1046 2103 1113 bene·

118 1134 158 1198 ita
175 1153 287 1197 semen
310 1130 493 1214 proiiciant,
514 1131 632 1196 incerti
650 1130 690 1196 de
711 1130 830 1196 fructu.
864 1128 975 1212 Quare
994 1131 1084 1196 Deus
1136 1127 1269 1194 dicitur:
1294 1139 1411 1207 vestes,
1434 1149 1515 1212 quas
1536 1150 1557 1194 a
1578 1130 1679 1194 fratre
1700 1137 1868 1197 mutuatus
1889 1140 1948 1212 est,
1971 1141 2104 1217 gratum

119 1217 197 1302 quod
227 1215 292 1282 illis
320 1216 465 1300 iniungit
493 1237 612 1282 munus
640 1227 674 1281 ει
706 1222 919 1300 potestatem,
948 1215 1084 1280 minime
1134 1234 1332 1298 suavemque
1359 1216 1444 1297 patri
1466 1212 1598 1280 odorem
1619 1215 1755 1298 spirant.
1800 1215 1949 1283 Adsum
1971 1218 2103 1284 modum

117 1303 153 1369 ad
171 1323 285 1369 eorum
307 1302 462 1367 iudicium
485 1299 609 1366 adstrin
636 1302 668 1366 ἰ.
701 1301 743 1366 Ιιι
761 1302 850 1367 hune
867 1300 999 1366 modum
1017 1322 1083 1366 nou
1134 1320 1194 1366 nos
1216 1299 1364 1367 benedici
1386 1301 1578 1367 Ambrosius
1601 1299 1709 1380 docet,
1737 1301 1792 1367 ubi
1814 1301 1874 1368 sub
1897 1301 2023 1370 Ohristi
2045 1325 2103 1370 no-

118 1388 220 1455 abolet
241 1387 427 1474 ignorantia
447 1385 538 1453 lsuac
559 1394 696 1453 coeeste
718 1387 902 1453 oraculum:
931 1406 969 1450 ac
991 1386 1083 1452 Deus
1134 1385 1223 1452 mine
1241 1387 1276 1450 in
1298 1393 1507 1469 conspectum
1530 1387 1632 1469 petris
1654 1385 1802 1454 coelestis
1822 1388 2006 1472 prodimus:
2030 1411 2102 1457 ves·

116 1476 192 1558 ipse,
214 1473 365 1559 quamvis
383 1470 535 1539 deficiant
552 1473 694 1538 ministri
711 1493 836 1551 sensus,
857 1471 994 1555 implere
1016 1491 1082 1536 non
1135 1477 1201 1536 tem
1229 1470 1389 1551 iustitiae,
1423 1492 1506 1555 quae
1533 1471 1626 1538 nobis
1651 1470 1749 1538 odore
1777 1493 1836 1538 suo
1857 1473 2002 1540 favorem
2025 1497 2101 1542 oon-

116 1559 231 1626 desinit
253 1557 339 1643 quod
360 1564 530 1623 statuerat.
573 1560 683 1641 Atque
705 1557 758 1624 hic
779 1558 860 1624 satis
882 1558 969 1624 clare
987 1557 1081 1622 reiel-
1133 1557 1236 1634 ciliet,
1264 1556 1304 1622 ab
1326 1577 1363 1622 oo
1386 1557 1562 1623 sumimus:
1592 1556 1708 1624 deinde
1735 1555 1789 1623 ubi
1819 1558 2046 1627 substituimus
2067 1561 2104 1626 in
2199 1629 2218 1660 ,1

116 1645 190 1710 litur
222 1645 425 1729 papistarum
457 1644 667 1728 figmentum,
700 1643 785 1728 quod
814 1643 850 1707 in
879 1649 1082 1709 sacramento
1133 1642 1203 1709 sius
1225 1643 1341 1709 locum.
1387 1642 1527 1708 Videtur
1554 1652 1663 1708 autem
1685 1643 1779 1710 Isaac
1801 1644 1855 1711 hic
1878 1645 1960 1711 nihil
1990 1655 2103 1729 optare

115 1737 181 1796 tota
197 1731 249 1796 vis
266 1729 307 1794 ah
326 1729 508 1794 intentione
525 1727 668 1795 hominis
689 1730 910 1794 consecrantis
928 1726 1081 1811 pendeat:
1131 1728 1199 1793 filio
1218 1735 1252 1794 et
1271 1748 1390 1794 vovere
1407 1729 1471 1793 nisi
1494 1737 1671 1794 terrenum.
1710 1729 1802 1797 Haec
1819 1731 1908 1796 enim
1929 1731 2102 1798 verborum

115 1817 303 1900 quasivero
329 1815 362 1879 in
392 1813 527 1880 arbitrio
553 1813 695 1880 hominis
717 1814 761 1879 sit
782 1815 890 1879 Deum
918 1813 1080 1879 frustrari.
1133 1833 1261 1879 summa
1277 1822 1337 1892 est,
1360 1823 1396 1878 ut
1413 1813 1495 1879 bene
1511 1813 1561 1878 illi
1578 1814 1621 1880 sit
1638 1815 1672 1880 in
1690 1815 1822 1892 mundo,
1845 1815 1977 1882 uberem
1996 1827 2104 1883 terrae

115 1901 287 1967 Caeterum
309 1898 466 1965 memoria
493 1899 669 1965 tenendum
691 1899 849 1983 estquod
870 1901 935 1965 iam
957 1898 1080 1982 aliquo·
1132 1907 1330 1983 proventum
1353 1899 1501 1984 colligat,
1530 1899 1660 1964 fruatur
1681 1899 1768 1966 laeta
1796 1921 1890 1984 pace,
1919 1913 1951 1968 st
1980 1902 2104 1969 bonore

114 1987 173 2054 ties
189 1985 272 2051 dixi:
291 1985 442 2069 quamvis
460 1983 681 2051 hallucinatur
699 1984 787 2053 lsaac
804 1986 839 2050 in
857 1985 916 2050 lilii
934 2003 1080 2068 persona,
1132 1986 1218 2050 inter
1239 1984 1320 2050 alios
1349 1986 1500 2052 emineat.
1545 1983 1702 2051 coelestis
1731 1988 1824 2070 regni
1852 1985 1941 2053 nulla
1969 1990 2103 2056 mentio.

113 2094 175 2138 ncn
194 2085 304 2138 tamen
322 2071 445 2137 frustra
462 2069 669 2137 benedicere:
692 2071 768 2153 quia
789 2070 984 2138 universalis
1000 2068 1081 2136 fides
1132 2070 1241 2154 Atque
1261 2069 1338 2135 hino
1354 2071 1475 2136 iactum
1494 2079 1544 2136 est
1561 2078 1597 2136 ut
1615 2069 1737 2137 indocti
1755 2071 1915 2154 homines,
1933 2074 2104 2158 minusque

112 2159 143 2223 in
164 2159 274 2224 animo
301 2156 373 2223 eius
400 2155 537 2235 residet,
570 2177 708 2240 eumque
730 2177 771 2222 ex
794 2163 887 2239 parte
908 2156 1079 2239 gubernat.
1132 2155 1168 2220 in
1181 2176 1257 2221 vera
1269 2155 1391 2238 pietate
1401 2155 1580 2234 exercitati,
1598 2164 1728 2222 sanctos
1738 2155 1810 2224 illos
1820 2169 1929 2242 patres
1939 2159 2104 2243 fingerent

112 2243 206 2324 Quod
224 2265 265 2308 ex
287 2249 377 2308 tactu
397 2239 554 2306 iudicium
574 2241 663 2320 facit,
686 2261 764 2308 vooe
785 2242 982 2325 posthabita,
1004 2239 1080 2306 fldsi
1133 2241 1263 2318 nonnisi
1282 2240 1380 2308 huius
1402 2240 1539 2307 caducae
1556 2251 1590 2308 ει
1607 2241 1726 2309 fluidae
1754 2243 1841 2308 vitae
1861 2244 1984 2310 intuitu
2004 2246 2101 2311 hene-

111 2338 245 2394 naturae
277 2336 534 2394 consentaneam
567 2349 633 2392 non
666 2335 725 2392 est.
778 2327 889 2410 ltaque
921 2325 1009 2409 quod
1037 2326 1079 2392 ad
1132 2326 1236 2392 dictos
1256 2327 1356 2394 icisse
1373 2347 1392 2392 a
1409 2327 1568 2392 Domino:
1591 2347 1705 2392 verum
1726 2327 1823 2412 longe
1845 2328 1941 2395 aliter
1962 2351 2041 2407 esse,
2061 2351 2102 2396 ex

110 2433 291 2496 personam,
313 2412 410 2496 plane
426 2413 462 2478 in
481 2412 550 2477 eius
568 2422 678 2478 mente
700 2412 885 2478 dominatus
907 2419 957 2476 est
978 2432 1078 2477 error.
1131 2411 1278 2495 pluribus
1301 2412 1380 2479 locis
1401 2419 1536 2478 constat.
1575 2410 1672 2494 Quod
1693 2422 1804 2478 autem
1825 2415 1860 2479 in
1881 2415 2019 2482 terrenis
2036 2415 2101 2483 Dei

109 2499 222 2583 Neque
240 2509 350 2564 tamen
367 2497 401 2563 id
419 2517 533 2564 secura
550 2499 749 2583 negligentia
771 2496 893 2564 iactum
916 2506 978 2563 est:
1004 2497 1080 2581 qnia
1130 2498 1245 2582 gratiis
1263 2497 1317 2564 hie
1337 2496 1485 2564 subsistit
1502 2497 1603 2586 Isaac,
1626 2498 1729 2565 facilis
1751 2507 1801 2564 εει
1822 2499 1947 2566 solutio.
1988 2501 2101 2585 Neque

109 2584 236 2661 sedulo,
267 2585 334 2650 imo
363 2584 461 2649 auxie
490 2585 524 2649 in
551 2604 665 2649 omnes
692 2591 803 2667 partes
825 2603 860 2648 se
889 2584 1004 2663 vertit,
1036 2604 1079 2647 ne
1130 2583 1218 2650 enim
1241 2581 1411 2659 Dominus,
1444 2583 1540 2649 sicuti
1564 2604 1622 2648 nos
1654 2583 1750 2650 hodie
1782 2592 1871 2653 recta
1900 2585 1941 2651 ad
1971 2586 2099 2652 coelum

109 2671 361 2756 primogenitum
382 2669 456 2734 iure
477 2690 535 2734 suo
556 2670 674 2752 privet.
708 2668 775 2735 Sed
792 2669 934 2735 Domino
957 2667 1078 2752 placuit
1129 2678 1225 2736 vocat
1253 2677 1286 2734 et
1315 2668 1457 2749 extollit,
1487 2669 1534 2734 ita
1562 2668 1639 2734 olim
1669 2668 1815 2752 patribus
1843 2669 1979 2737 eandem
2007 2693 2099 2757 spem

108 2757 154 2820 ita
168 2755 323 2823 hebetare
341 2755 412 2820 eius
429 2775 553 2834 sensus,
572 2755 738 2838 partimut
754 2753 939 2820 ostenderet
956 2755 1079 2820 frustra
1130 2755 1259 2820 futurae
1287 2753 1497 2820 haereditatis
1524 2754 1714 2838 simpliciter
1742 2757 1851 2839 posuit
1878 2766 1954 2823 ante
1980 2760 2099 2840 oculos,

107 2841 208 2907 obniti
230 2840 379 2906 homines
401 2840 442 2906 ad
471 2841 662 2905 mutandum
686 2840 772 2923 quod
793 2841 893 2905 semel
917 2839 1076 2905 decrevit:
1129 2840 1186 2906 sed
1208 2840 1299 2923 quasi
1321 2839 1449 2922 obliquo
1471 2839 1610 2906 circuitu
1632 2861 1687 2908 eos
1710 2839 1853 2908 deduxit.
1900 2841 1955 2911 Sic
1978 2855 2098 2909 terram

107 2925 195 3012 (quia
211 2927 282 2992 fieri
301 2947 366 2990 non
390 2933 496 3009 potest
513 2926 590 3008 quin
614 2925 730 2991 stabile
752 2934 925 3009 ratumque
947 2934 1077 2992 maneat
1129 2926 1288 2994 (lhanaan
1315 2925 1462 2992 coelestis
1491 2924 1701 2993 haereditatis
1728 2928 1896 3010 speculum
1917 2939 1951 2995 et
1978 2930 2099 3013 pignus

106 3013 176 3078 eius
204 3009 376 3078 consilinm
407 3011 457 3076 vel
485 3019 555 3076 toto
576 3010 698 3077 mundo
718 3010 935 3098 repugnante)
956 3011 1075 3094 partim
1128 3011 1195 3078 illis
1227 3031 1298 3077 esse
1330 3009 1443 3076 voluit.
1497 3010 1534 3076 ln
1574 3011 1723 3078 omnibus
1754 3012 1919 3081 beneficiis
1952 3015 2099 3100 symbola

106 3097 204 3162 etiam
227 3105 264 3162 ut
285 3107 528 3179 praeposterum
559 3116 721 3175 amorem,
749 3118 813 3181 quo
836 3097 933 3163 nimis
955 3095 1073 3180 primo·
1128 3097 1277 3164 exhibuit
1305 3095 1425 3162 favoris
1458 3097 1600 3181 paterni:
1633 3118 1700 3163 non
1733 3096 1862 3180 quidem
1889 3113 1926 3164 ut
1954 3103 2098 3166 contenti

104 3185 215 3268 genito
237 3204 297 3249 sno
325 3182 442 3247 affixus
465 3187 537 3247 erat
557 3181 664 3261 isaac,
691 3183 869 3267 corriperet
895 3181 957 3248 hoc
978 3182 1076 3248 casti·
1126 3183 1222 3250 bonis
1259 3181 1483 3265 praesentibus
1520 3181 1644 3248 coelum
1684 3184 1905 3268 negligerent,
1947 3187 2098 3253 umbram

102 3269 244 3355 gationis
254 3289 393 3420 ‘fenera
429 3267 526 3334 Unde
552 3268 640 3334 enim
660 3276 729 3332 tam
749 3267 878 3335 curiosa
899 3267 1075 3351 inquisitio,
1128 3277 1256 3335 tantum
1278 3268 1409 3333 inanem
1430 3273 1609 3345 sectantes,
1641 3278 1676 3334 ut
1704 3269 1836 3352 quidam
1859 3270 2015 3351 delirant,
2041 3272 2098 3338 sed

102 3356 253 3439 nisique
297 3352 489 3420 immodicus
507 3373 598 3419 amor
615 3354 705 3419 Esau
726 3355 873 3419 animum
891 3354 961 3419 eius
982 3373 1074 3437 pror·
1128 3364 1164 3421 ut
1185 3375 1243 3438 pro
1265 3353 1421 3435 temporis
1447 3352 1573 3418 ratione
1602 3353 1723 3420 talibus
1752 3353 1958 3423 adminiculis
1984 3358 2097 3435 adiuti,

103 3461 160 3506 sus
180 3461 354 3524 occupans,
382 3440 422 3505 ab
445 3438 583 3506 oraculo·
596 3440 703 3522 ipsum
731 3439 867 3506 avertit:
890 3436 978 3520 Quia
997 3459 1074 3524 ergo
1126 3438 1331 3525 paulatimin
1349 3436 1472 3504 eoelum
1492 3449 1709 3523 assurgerent.
1744 3438 1830 3522 Quia
1845 3443 1933 3507 enim
1951 3441 2098 3508 nondum

102 3535 240 3592 naturae
262 3525 337 3610 plus
359 3545 456 3608 quam
480 3544 541 3608 par
562 3525 605 3590 sit
625 3523 786 3609 indulget,
808 3524 926 3608 dignus
948 3525 1075 3609 estqui
1127 3526 1307 3611 patefactus
1329 3537 1400 3589 erat
1421 3523 1583 3605 Christus,
1605 3526 1767 3608 primitiae
1789 3528 2042 3612 resurgentium,
2065 3539 2098 3595 et

101 3621 241 3696 utroque
263 3610 358 3676 modo
379 3611 548 3677 caecutiat.
594 3609 667 3690 Quo
692 3611 797 3695 magis
819 3609 1003 3677 cavendnm
1025 3617 1075 3676 εει
1127 3607 1592 3693 aetemacacinoorruptibilis
1609 3611 1698 3676 vitae
1716 3610 1909 3696 hypostasis,
1928 3613 2098 3696 spirituale

101 3698 193 3763 nein
232 3694 438 3763 crendisDei
456 3696 595 3781 negotiis
613 3695 762 3762 fraenum
781 3696 935 3762 humanis
954 3695 1074 3762 nostris
1126 3700 1196 3764 eius
1225 3717 1363 3780 regnum
1393 3694 1440 3760 sio
1468 3694 1528 3761 sub
1559 3697 1673 3780 figuris
1705 3703 1833 3762 tantum
1867 3698 2097 3765 adumbratum

101 3717 273 3850 affectibus
295 3783 454 3846 laxemus.
1126 3784 1197 3862 luit,
1220 3782 1321 3848 donec
1344 3781 1471 3847 veniret
1487 3780 1586 3865 plena
1607 3783 1763 3866 temporis
1783 3783 1964 3848 maturitas.
2003 3782 2098 3851 Sicut

192 3869 241 3934 26.
264 3868 498 3951 Aperopiaqua
523 3886 606 3933 auae
627 3872 656 3934 et
682 3867 822 3934 mazare
842 3887 899 3932 me.
944 3864 1075 3933 Scimus
1126 3877 1235 3935 autem
1264 3887 1378 3933 omnes
1399 3866 1463 3933 Dei
1494 3866 1726 3950 promissiones
1755 3869 1898 3934 externis
1920 3869 1986 3935 illis
2007 3891 2097 3954 sym·

100 3954 252 4021 osculum
281 3963 361 4018 tunc
385 3952 486 4018 fuisse
514 3952 549 4015 in
579 3973 656 4032 usn,
688 3973 785 4036 quem
816 3951 915 4019 hodie
948 3973 1074 4036 quoque
1126 3954 1208 4020 bolis
1229 3953 1405 4036 implicitae
1428 3961 1532 4033 erant,
1554 3960 1587 4018 et
1608 3954 1700 4037 quasi
1723 3954 1874 4020 vestitae:
1901 3954 1947 4019 ita
1968 3963 2096 4021 saneto·

101 4041 229 4106 multae
251 4049 365 4124 gentes
387 4037 538 4104 retinent.
580 4037 755 4104 Caeterum
777 4038 902 4122 profani
925 4037 1075 4104 homines
1127 4061 1202 4106 rum
1223 4051 1352 4122 patrum
1375 4037 1456 4104 fides
1478 4037 1614 4104 eandem
1638 4041 1743 4104 tenuit
1764 4059 1959 4119 mensuram,
1982 4049 2019 4106 ut
2036 4061 2096 4124 per

100 4125 249 4191 dicerent
270 4145 398 4190 merum
419 4144 490 4190 εεεε
511 4122 685 4200 ludicrum,
715 4122 800 4207 quod
828 4143 931 4190 senex
958 4127 1074 4190 obtuso
1126 4138 1255 4191 terrena
1273 4123 1457 4190 rudimenta
1469 4145 1544 4191 suos
1562 4145 1753 4209 progressus
1765 4124 1947 4191 insublime
1965 4126 2095 4192 laceret.

98 4213 173 4276 iam
194 4210 338 4296 ingenie,
368 4209 485 4275 deinde
507 4216 598 4276 satur
615 4230 653 4276 ac
676 4208 757 4274 bene
778 4217 893 4294 potus,
915 4220 993 4275 vota
1015 4229 1075 4275 sua
1126 4211 1323 4294 Quanquam
1344 4229 1423 4294 ergo
1444 4209 1638 4293 temporales
1660 4209 1724 4276 Dei
1750 4212 1874 4294 gratias
1895 4211 1930 4276 in
1950 4210 2096 4278 medium

100 4296 139 4360 in
174 4297 328 4363 comicum
363 4314 535 4379 personam
573 4292 720 4361 effundit.
776 4294 844 4362 Sed
874 4297 951 4379 qnia
982 4295 1075 4378 prius
1125 4296 1276 4381 proponit
1297 4295 1403 4375 Isaac,
1431 4293 1513 4360 nihil
1541 4303 1651 4362 tamen
1679 4296 1787 4360 minus
1809 4296 1844 4360 in
1866 4297 1974 4364 animo
1997 4298 2096 4365 hahet

98 4382 215 4447 Moses
245 4380 357 4447 retulit
389 4378 453 4445 Dei
484 4379 666 4460 oraculum,
705 4402 769 4465 qno
808 4381 970 4446 destinata
1002 4389 1075 4446 erat
1125 4401 1221 4465 quam
1251 4401 1341 4464 spem
1371 4381 1430 4446 filii
1458 4380 1623 4447 includere
1644 4381 1681 4444 in
1709 4380 1846 4446 mundo:
1880 4382 1958 4466 quin
1987 4384 2095 4465 potius

99 4467 225 4532 minori
240 4467 380 4550 adoptio,
400 4475 586 4533 reverenter
596 4487 749 4532 arcanam
761 4465 823 4532 Dei
835 4465 1073 4550 providentiam
1125 4471 1159 4532 in
1182 4466 1318 4532 eandem
1339 4465 1545 4532 altitudinem
1565 4465 1605 4532 ad
1627 4486 1724 4548 quam
1746 4465 1895 4533 intentus
1917 4475 1995 4548 erat,
2018 4489 2092 4534 eum

98 4553 269 4634 suspicere
291 4553 459 4633 convenit,
483 4552 576 4618 cuius
597 4551 709 4618 nullus
731 4562 780 4618 est
801 4563 965 4635 respectus
987 4552 1073 4637 apud
1125 4553 1254 4619 attollit.
1299 4550 1403 4618 Cuius
1431 4551 1478 4618 rei
1508 4549 1665 4618 nonnulla
1692 4551 1788 4616 etiam
1818 4573 1858 4617 ex
1888 4552 1997 4618 verbis
2018 4574 2093 4637 pro·

99 4638 257 4721 profanos
278 4637 437 4705 homines.
476 4637 545 4705 Nec
568 4657 645 4704 vero
666 4636 729 4704 cibi
747 4646 780 4703 et
797 4645 891 4722 potua
912 4637 1073 4705 illecebris
1125 4639 1211 4705 batio
1233 4637 1307 4704 elici
1326 4642 1449 4720 potest:
1480 4636 1542 4704 hoc
1571 4637 1658 4703 enim
1686 4648 1736 4702 εει
1763 4638 1973 4721 praecipuum
1995 4647 2093 4723 caput

99 4725 153 4789 ita
183 4732 292 4809 captus
321 4721 382 4788 fnit
410 4723 504 4790 Isaac
528 4725 606 4807 quin
634 4723 744 4790 sobria
768 4732 877 4789 mente
906 4732 1073 4807 reputaret
1123 4724 1206 4808 quod
1250 4722 1428 4788 dominium
1466 4722 1514 4788 illi
1547 4724 1582 4787 in
1614 4723 1748 4806 populos
1787 4723 1941 4808 assignat.
1996 4722 2093 4790 Unde

99 4809 186 4892 quid
215 4810 276 4877 sibi
308 4807 499 4874 mandatum
530 4820 618 4876 esset
649 4809 822 4890 divinitas,
854 4828 891 4874 ac
919 4809 1003 4874 serio
1031 4829 1073 4875 ex
1124 4821 1232 4877 autem
1255 4829 1327 4892 spes
1350 4815 1460 4874 tantae
1487 4809 1657 4893 dignitatis
1686 4809 1749 4874 nisi
1771 4810 1846 4892 quia
1868 4829 1973 4893 genus
1995 4829 2091 4875 suum

101 4907 198 4960 certa
217 4916 295 4962 snae
318 4895 497 4961 vocationis
520 4893 584 4961 lide
605 4893 666 4960 hoc
686 4894 795 4979 ipsum
825 4914 998 4979 aggressus
1019 4894 1072 4973 sit,
1124 4897 1263 4961 electum
1286 4914 1356 4960 εεεε
1378 4915 1396 4958 a
1419 4895 1560 4959 Domino
1588 4913 1762 4976 persuasus
1783 4902 1869 4959 erat:
1899 4908 1933 4960 et
1961 4895 2092 4978 quidem

99 4981 144 5045 in
169 5001 228 5063 quo
249 5001 308 5064 pro
331 4982 437 5046 carnis
459 5001 538 5046 auae
562 4980 752 5046 infirmitate
774 4979 906 5046 vacillat
926 4999 963 5046 ac
982 4979 1072 5046 clau·
1124 4981 1185 5047 hac
1205 4982 1286 5063 lege,
1310 4990 1346 5045 ut
1368 4980 1419 5045 ius
1440 4980 1535 5063 regni
1556 5000 1656 5063 penes
1678 5000 1780 5045 anum
1802 4979 2017 5048 consisteret?
2039 4980 2091 5045 In-

100 5063 204 5132 dicat.
245 5065 324 5132 Ideo
345 5087 413 5132 non
435 5065 476 5131 ab
497 5074 634 5131 externa
654 5067 776 5148 specie,
799 5063 856 5130 sed
877 5086 920 5130 ex
941 5065 1073 5133 coelesti
1124 5068 1220 5134 terim
1241 5063 1322 5130 illud
1344 5064 1538 5149 principium
1562 5075 1672 5131 tenere
1694 5065 1849 5145 sufficiat,
1870 5078 2019 5133 sanctum
2042 5066 2090 5132 vi·

100 5149 237 5218 decreto
274 5150 477 5218 aestimanda
514 5150 608 5216 nobis
645 5148 828 5218 benedictio
868 5159 933 5216 est:
977 5152 1073 5218 sicuti
1123 5174 1213 5232 rum,
1245 5150 1301 5217 ubi
1332 5171 1523 5235 prosperum
1556 5151 1645 5218 vitae
1676 5169 1808 5217 cursum
1837 5150 1902 5217 filio
1927 5159 2090 5236 precatur,

100 5235 227 5303 deinde
247 5259 289 5304 ex
309 5245 460 5304 ειιεεεεειι
481 5237 600 5320 patuit,
623 5255 728 5320 neque
749 5237 857 5302 Deum
878 5235 1000 5302 frustra
1021 5237 1072 5303 lu·
1123 5241 1232 5305 Deum
1250 5236 1298 5303 illi
1320 5237 1496 5320 propitium
1518 5246 1642 5319 optare,
1662 5237 1698 5300 in
1715 5237 1808 5303 cuius
1825 5247 1960 5321 paterno
1978 5239 2089 5305 lavore

99 5322 207 5405 sisso,
234 5343 338 5406 neque
366 5321 428 5389 hoc
453 5323 494 5388 ab
523 5321 710 5390 hominibus
736 5330 858 5390 temere
884 5322 1072 5406 proiectum.
1123 5322 1228 5392 solida
1249 5330 1281 5389 et
1303 5331 1435 5389 aeterua
1456 5321 1594 5418 felicitas
1615 5320 1707 5387 nobis
1728 5331 1863 5390 constat.
