5022 6192
135 428 176 492 aa
792 409 1164 496 conmonuemus
1185 428 1235 494 ru
1258 429 1473 498 oannem.
2088 429 2129 494 ιι

133 615 313 684 absurdum
336 615 441 682 videri
464 614 559 681 debet
581 614 668 699 quod
690 635 731 680 ex
753 614 895 680 hominis
917 620 1049 697 peccato
1070 615 1106 677 in
1158 635 1355 695 exarescere,
1384 620 1476 701 quasi
1505 638 1578 684 eam
1600 619 1737 686 lassaret
1767 616 1914 701 pariendi
1943 615 2127 682 assiduitas.

133 713 267 782 terram,
289 702 364 768 licet
381 702 560 778 innoxiam,
582 700 744 767 redundat
761 719 875 783 poena.
904 697 997 766 Siout
1019 699 1106 763 enim
1156 699 1292 768 Rectius
1314 705 1470 784 sentiunt,
1492 705 1549 787 qui
1566 712 1731 771 crescente
1747 702 1915 768 bominum
1934 702 2059 767 malitia
2080 722 2128 768 re

132 789 276 872 primum
289 787 407 853 mobile
424 787 578 853 molestes
596 806 709 854 omnes
730 785 885 871 sphaeras
908 805 1018 852 secum
1038 784 1106 850 vol·
1157 785 1285 852 siduam
1308 788 1371 853 Dei
1393 788 1650 857 benedictionem
1678 789 1837 872 paulatim
1863 796 2046 872 agnoscunt
2067 789 2128 852 mi·

132 877 199 941 vit:
231 875 277 940 sic
299 872 440 938 bominis
461 873 558 938 ruina
583 872 775 956 praecipites
797 873 865 956 egit
881 890 994 935 omnes
1017 889 1106 936 orea-
1157 873 1213 936 nui
1227 881 1259 936 et
1277 875 1466 940 extenuari:
1490 895 1527 940 ac
1544 875 1894 959 eerteperioulumest,
1914 875 1977 938 nisi
1996 873 2126 954 resipis-

132 971 235 1036 tnras,
257 979 341 1042 quae
358 978 417 1041 pro
441 966 493 1023 ter
509 959 616 1041 ipsum
639 958 787 1024 conditae
808 956 921 1039 illique
944 956 1106 1022 subiectae
1156 967 1208 1020 cat
1225 958 1379 1040 mundus,
1401 981 1444 1024 ne
1462 960 1548 1026 bona
1569 982 1645 1044 pars
1664 961 1835 1025 hominum
1852 960 1937 1024 fame
1956 967 1989 1024 et
2009 959 2127 1042 ingen·

131 1049 272 1112 fueram.
312 1045 359 1110 Et
377 979 527 1109 videmus
548 1051 585 1108 ιιι
602 1042 731 1108 assidue
752 1042 919 1109 bominum
944 1051 1104 1124 respectu,
1156 1041 1242 1108 tibus
1271 1044 1343 1110 aliis
1370 1046 1512 1111 miseriis
1541 1045 1634 1112 brevi
1663 1046 1817 1112 tabescet.
1862 1043 1958 1125 Quod
1980 1045 2128 1126 proxime

156 1140 231 1198 rout
252 1130 317 1196 illis
339 1130 430 1196 Deus
451 1128 612 1206 irascitur,
635 1130 687 1193 vel
709 1129 854 1194 favorem
877 1148 971 1194 suum
995 1136 1104 1192 osten·
1155 1129 1311 1211 seqnitur,
1337 1129 1481 1199 Oomedes
1490 1131 1690 1216 herbasoqri,
1709 1131 1965 1196 nimisrestricto
1985 1129 2128 1216 (meoiu-

156 1219 190 1296 ἰ,
213 1217 322 1283 variet
340 1214 454 1280 mundi
476 1213 628 1280 conditio.
674 1213 769 1280 Adde
796 1212 881 1298 quod
909 1215 1039 1296 proprie
1059 1212 1104 1278 lo
1155 1213 1251 1300 dicio)
1273 1226 1440 1299 exponunt
1457 1217 1513 1300 qui
1530 1218 1722 1283 existimant
1739 1218 1862 1282 cunctis
1881 1215 2039 1282 fructibus
2061 1215 2127 1298 pri·

131 1302 273 1388 quando,
297 1321 364 1367 non
382 1300 422 1366 de
439 1311 528 1366 terra
549 1302 628 1384 ipsa,
651 1300 707 1366 sed
730 1299 770 1364 de
793 1300 860 1365 solo
882 1298 1014 1364 homine
1035 1305 1103 1364 tota
1154 1308 1270 1364 vatum
1295 1301 1396 1367 fuisse
1419 1303 1542 1386 Adam,
1571 1303 1689 1386 quibus
1718 1311 1795 1367 ante
1823 1303 1910 1368 vesci
1931 1302 2127 1384 permissum

130 1389 279 1455 vindicta
300 1388 452 1471 exigitur.
481 1385 594 1468 Neque
613 1386 700 1452 enim
722 1384 783 1451 sibi
806 1395 894 1451 terra
915 1386 1101 1450 fructificat:
1154 1385 1269 1450 fuerm.
1304 1383 1419 1454 Solum
1441 1387 1597 1474 intelligit
1614 1388 1705 1454 Deus
1728 1395 1855 1453 tautum
1874 1385 2033 1470 prioribus
2056 1386 2126 1451 lau·

130 1476 189 1542 sed
211 1483 250 1539 ut
271 1473 364 1538 nobis
387 1493 427 1538 ex
449 1471 517 1537 suis
541 1472 720 1538 visceribus
741 1470 1101 1553 alimentasuppeditet.
1154 1471 1237 1536 titiis
1258 1471 1440 1539 deuectum
1463 1474 1517 1554 iri,
1544 1483 1583 1538 ut
1602 1473 1722 1540 herbas
1748 1472 1853 1538 brutis
1876 1471 1982 1538 solum
2002 1471 2127 1537 anima·

129 1561 302 1626 Caeterum
325 1557 488 1624 Dominus
509 1559 604 1640 iram
620 1578 712 1622 suam
735 1556 848 1622 diluvii
870 1557 977 1623 instar
997 1577 1101 1621 exun·
1154 1557 1238 1623 libus
1250 1557 1429 1624 destinatas
1446 1560 1582 1626 miscere
1599 1559 1633 1624 in
1645 1558 1825 1625 subsidium
1844 1567 1988 1642 cogatur.
2011 1557 2127 1641 Longe

129 1646 210 1712 dare
233 1644 337 1710 voluit
365 1644 400 1708 in
429 1662 542 1709 omnes
570 1642 685 1708 mundi
705 1657 823 1725 partes,
852 1651 889 1708 ut
911 1662 1103 1725 quocunque
1154 1643 1241 1707 euim
1265 1643 1432 1710 delicatior
1454 1653 1524 1709 erat
1546 1645 1653 1711 victus
1671 1645 1764 1709 initio
1786 1645 1953 1728 appositus
1974 1645 2008 1708 in
2033 1644 2127 1708 beata

128 1732 315 1816 adspiceret
341 1729 455 1810 homo,
491 1729 525 1794 in
549 1729 619 1794 eius
641 1729 752 1795 oculos
774 1729 956 1794 incurreret
979 1728 1102 1810 peccati
1153 1728 1211 1793 illa
1239 1737 1367 1794 ettam
1397 1729 1579 1796 delectabili
1606 1731 1715 1812 copia,
1752 1750 1848 1813 quam
1872 1739 1984 1813 postea
2011 1728 2126 1793 fuerit:

128 1819 294 1884 atrocitas.
339 1818 425 1880 Ante
443 1813 580 1899 lapsum,
603 1813 718 1880 muudi
740 1821 845 1880 status
867 1813 968 1879 divini
990 1814 1023 1878 in
1046 1812 1104 1877 ho-
1154 1815 1289 1880 Partem
1318 1815 1420 1900 igitur
1449 1815 1578 1899 inopiae
1607 1816 1764 1899 exprimit
1788 1815 1881 1881 Deus
1907 1815 1968 1880 sub
1995 1814 2127 1880 nomine

127 1905 254 1968 minem
278 1903 415 1978 bruris,
438 1909 472 1966 et
494 1909 648 1983 paternae
668 1899 901 1984 indulgentiae,
923 1898 1104 1983 pulcherri·
1154 1899 1346 1965 herbarum:
1369 1900 1643 1984 quemadmodum
1660 1902 1689 1968 si
1707 1923 1764 1966 rex
1788 1922 1828 1966 ex
1851 1900 1919 1966 suis
1941 1900 2127 1983 qnempiam

127 2009 225 2054 mum
246 1998 280 2054 et
299 1989 332 2052 iu
355 1987 471 2070 primis
493 1985 681 2052 delectabile
702 1983 872 2069 speculum
894 1995 975 2050 erat.
1008 1985 1104 2050 Nunc
1154 2005 1173 2050 a
1195 1987 1351 2068 primaria
1373 2005 1486 2052 mensa
1508 1987 1549 2052 sd
1566 1987 1728 2071 plebeiam
1749 1995 1782 2050 et
1799 1985 1966 2052 sordidam
1984 1984 2125 2068 ableget·

127 2075 167 2140 in
190 2073 360 2140 elementis
382 2072 533 2137 omnibus
556 2071 719 2137 cernimus
736 2093 795 2136 nos
817 2069 1015 2136 maledictos.
1060 2071 1105 2134 Et
1154 2070 1207 2136 vel
1232 2081 1323 2154 pater
1345 2071 1460 2150 filium,
1483 2093 1503 2137 a
1524 2093 1588 2156 qno
1609 2073 1706 2137 fuerit
1726 2072 1879 2148 offensus,
1902 2081 2016 2155 pascat
2037 2071 2124 2136 ciba-

128 2180 321 2244 quanquam
340 2157 447 2223 adhuc
463 2156 685 2223 misericordia
706 2157 779 2234 Dei,
803 2156 854 2243 (ut
870 2157 977 2240 inquit
994 2154 1104 2220 David
1155 2157 1204 2220 rio
1233 2177 1404 2222 servorum
1435 2178 1535 2241 pane:
1566 2179 1632 2223 nou
1661 2157 1745 2241 quod
1774 2157 1824 2221 illi
1852 2155 2026 2222 interdicat
2047 2155 2144 2222 cibis'

127 2246 220 2312 Psal.
244 2244 296 2324 33,
314 2243 348 2330 b)
370 2244 467 2326 plena
489 2253 538 2308 eet
559 2252 661 2307 terra:
684 2243 782 2307 mmul
805 2257 913 2306 temen
933 2241 1105 2307 manifesta
1155 2241 1399 2325 aliisomnibus,
1422 2244 1478 2309 sed
1501 2244 1586 2326 quod
1609 2265 1650 2308 ex
1667 2243 1969 2308 solitaliberalitate
1988 2241 2126 2306 multum

127 2330 316 2398 horrendae
338 2330 407 2394 eius
434 2347 453 2392 a
475 2329 566 2393 nobis
589 2327 794 2394 alienationis
819 2328 915 2411 sigua
936 2338 1104 2411 apparent,
1154 2327 1321 2394 subducat.
1366 2328 1482 2394 Posset
1505 2341 1614 2395 tamen
1635 2330 1736 2412 accipi
1758 2327 1820 2394 hoc
1841 2329 1913 2394 vice
1935 2326 2126 2394 consolatio·

127 2419 250 2502 quibus
271 2417 337 2481 nisi
358 2435 536 2491 movemur,
559 2412 745 2480 caecitatem
768 2421 913 2479 nostram
938 2412 1105 2496 prodimus
1156 2413 1208 2478 nis
1230 2413 1391 2479 additum:
1415 2434 1452 2480 ac
1470 2415 1498 2480 si
1521 2414 1644 2480 dictum
1667 2422 1772 2480 esset:
1795 2413 1957 2495 Quamvis
1979 2413 2126 2478 sentibus

127 2525 168 2571 ec
191 2513 368 2587 stuporem.
402 2501 545 2564 Tantum
563 2521 604 2564 ne
622 2499 756 2564 tristitia
777 2507 810 2564 et
831 2499 947 2564 horror
969 2520 1028 2564 nos
1047 2496 1103 2563 ab·
1155 2508 1189 2564 et
1210 2499 1311 2582 spinis
1334 2511 1488 2582 occupata
1514 2501 1557 2564 eit
1577 2509 1681 2583 terra,
1710 2521 1794 2582 quae
1816 2499 1947 2564 nonnisi
1968 2497 2127 2563 bonarum
2185 2501 2187 2506 '

127 2589 291 2666 sorbeant,
316 2585 467 2654 bonitatis
478 2605 555 2651 suae
568 2593 662 2651 notas
680 2586 801 2668 passim
813 2585 975 2650 Dominus
992 2605 1103 2667 asper-
1156 2586 1286 2668 frugum
1311 2593 1416 2650 mater
1438 2605 1509 2652 esse
1530 2584 1694 2662 debuerat,
1717 2584 1813 2651 simul
1837 2594 1949 2650 tamen
1970 2584 2127 2648 alimenta

127 2677 187 2761 git.
232 2673 408 2740 Caeterum
438 2671 589 2755 quamvis
618 2692 776 2754 nusquam
807 2692 891 2754 pura
919 2678 953 2734 et
980 2668 1104 2752 liquida
1156 2669 1216 2735 tibi
1238 2670 1378 2753 proferet
1396 2672 1513 2754 quibus
1530 2673 1682 2737 vescaris.

127 2769 287 2828 cernatur
303 2759 367 2824 Dei
384 2757 575 2835 benedictio,
593 2757 836 2841 qualisintegro
854 2754 1104 2822 adbuohomine
1243 2755 1292 2821 19.
1316 2756 1360 2820 Ia
1380 2757 1492 2822 ardore
1511 2757 1615 2824 ardiae
1635 2757 1691 2821 aas.
1741 2756 1808 2820 Alii
1831 2754 1961 2838 quidem
1983 2751 2126 2818 laborem

128 2846 293 2924 exstabat,
323 2846 351 2910 si
378 2855 489 2908 tamen
519 2844 553 2908 in
581 2862 616 2908 se
639 2849 810 2927 reputetur
832 2841 915 2925 qnod
938 2841 1104 2924 reliquum
1155 2847 1300 2924 vertunt,
1323 2841 1379 2908 sed
1402 2851 1521 2908 coacte.
1571 2842 1636 2908 Per
1656 2841 1807 2907 sudorem
1828 2861 1908 2906 vero
1931 2840 2127 2924 intelligitur

126 2939 253 3008 manet,
275 2951 353 2996 vere
375 2940 408 2995 et
429 2930 546 2995 merito
569 2929 728 2993 exclamat
745 2927 867 3003 David,
890 2927 955 2994 Dei
976 2927 1102 2992 miseri-
1156 2926 1248 2992 labor
1264 2927 1375 3005 durus,
1398 2937 1430 2992 et
1447 2928 1648 3012 fatigationis
1666 2927 1828 3010 taediique
1845 2926 1972 3009 plenus,
1995 2927 2050 3009 qui
2072 2947 2125 2990 su·

127 3018 242 3086 cordia
269 3015 403 3099 plenam
432 3035 503 3082 esse
530 3023 661 3080 terram.
712 3014 816 3080 Porro
842 3014 952 3080 Moses
981 3023 1102 3078 terram
1156 3012 1267 3078 dorem
1289 3034 1349 3078 sua
1370 3011 1561 3080 difficultate
1582 3015 1754 3097 exprimat.
1789 3013 1852 3078 Est
1874 3022 1984 3076 autem
2006 3010 2126 3094 repeti·

127 3103 301 3171 comodere
318 3103 435 3184 accipit
456 3121 515 3185 pro
538 3101 625 3166 vesci
647 3101 804 3167 fructibus
827 3102 883 3182 qui
905 3121 946 3165 ex
968 3120 1007 3164 ea
1029 3119 1102 3181 pro·
1155 3099 1201 3164 tio
1223 3099 1398 3181 superioris
1417 3101 1613 3176 sententiae,
1635 3100 1689 3165 ubi
1712 3097 1837 3163 dictum
1864 3097 1945 3162 fuit:
1967 3095 2127 3162 Oomedes

126 3191 281 3257 veniunt.
331 3187 457 3252 Nomen
479 3199 563 3278 17:317
586 3185 671 3268 quod
698 3194 834 3251 vortunt
855 3184 1013 3260 dolorem,
1044 3203 1104 3266 pro
1155 3205 1226 3249 eam
1249 3185 1285 3248 in
1305 3185 1426 3250 labore.
1470 3185 1649 3268 Perparam
1670 3183 1769 3249 buius
1790 3183 1851 3248 loci
1872 3191 2043 3262 praetextu
2064 3183 2126 3246 im·

125 3275 279 3342 molestia
296 3294 423 3356 quoqne
442 3281 474 3338 et
492 3273 682 3355 fatigatione
698 3273 841 3354 capitur:
865 3271 938 3335 Hoc
960 3271 1029 3336 loco
1047 3289 1104 3333 an·
1154 3270 1250 3354 periti
1270 3269 1401 3354 quidam
1419 3269 1461 3336 ad
1479 3270 1623 3337 laborem
1640 3269 1847 3334 mannarium
1865 3267 1997 3353 adigere
2013 3285 2127 3331 omnes

126 3362 273 3428 titheton
296 3367 348 3425 est
364 3358 498 3426 iucundi
515 3358 645 3437 laboris,
666 3358 701 3423 in
724 3377 788 3440 quo
810 3377 845 3421 se
866 3357 956 3439 prius
977 3357 1024 3420 ita
1046 3375 1104 3420 ex·
1155 3353 1281 3420 volunt.
1314 3355 1429 3439 Neque
1451 3356 1541 3420 enim
1558 3355 1718 3439 praecipit
1738 3354 1792 3419 hio
1806 3352 1898 3419 Deus
1916 3362 1953 3417 ut
1970 3354 2128 3438 magister

127 3448 262 3514 arcebat
283 3445 399 3523 Adam,
417 3452 455 3510 nt
472 3443 710 3528 quodammodo
728 3443 871 3508 luderet:
890 3443 998 3508 fuerat
1014 3440 1101 3507 enim
1155 3441 1208 3506 vel
1228 3440 1415 3525 legislator,
1443 3440 1501 3508 sed
1530 3450 1686 3524 tunquam
1713 3439 1812 3505 iudex
1833 3459 1972 3523 poenam
1994 3441 2125 3522 irrogat.

127 3555 198 3600 non
221 3531 263 3598 nd
281 3531 445 3615 ignaviam
464 3530 625 3607 conditus,
649 3527 706 3594 sed
728 3528 769 3593 ad
788 3527 909 3611 aliquid
929 3525 1102 3612 agendum.
1155 3527 1201 3591 Et
1230 3548 1310 3592 sane
1336 3528 1365 3592 si
1389 3526 1443 3593 bic
1465 3527 1741 3610 praescriberetur
1762 3524 1886 3610 regula,
1916 3525 1988 3589 ficri
2013 3544 2125 3589 omnes

126 3619 210 3685 Ideo
232 3618 433 3703 praefecerat
453 3637 527 3682 eum
551 3615 713 3681 Dominus
736 3615 831 3679 horto
852 3613 995 3679 colendo.
1036 3613 1103 3678 Ve·
1155 3613 1315 3696 agricolas
1336 3632 1468 3678 necesse
1490 3623 1584 3695 esset,
1608 3632 1666 3676 uec
1683 3612 1771 3677 ullus
1789 3611 1922 3676 daretur
1937 3610 2029 3676 locus
2046 3611 2124 3674 arti·

124 3727 203 3772 rum
231 3725 333 3787 quum
362 3703 398 3767 iu
426 3703 536 3768 labore
569 3701 625 3766 illo
659 3700 771 3767 suavis
803 3700 974 3766 oblectatio
1008 3707 1103 3775 esset,
1155 3700 1216 3764 bus
1246 3697 1460 3764 mechanicis:
1494 3705 1590 3764 extra
1618 3696 1778 3762 mundum
1806 3693 2012 3780 quaerendus
2039 3705 2126 3762 esset

126 3812 219 3858 nunc
248 3790 296 3855 rllr
325 3790 512 3873 iniungitur
532 3788 662 3853 servilis
684 3787 785 3870 labor,
815 3806 880 3851 non
903 3805 995 3850 secus
1017 3805 1054 3850 ao
1074 3784 1104 3850 si
1154 3783 1311 3863 vestitus,
1349 3783 1475 3867 aliaque
1513 3785 1599 3849 vitae
1634 3782 1841 3848 adminicula.
1901 3780 1988 3862 Quid
2022 3780 2124 3865 ergo?

126 3876 171 3943 ad
200 3876 372 3941 metallum
401 3874 583 3940 damnetur.
638 3873 684 3938 Et
711 3881 822 3938 mmen
850 3870 949 3936 buius
976 3890 1104 3952 quoque
1155 3871 1282 3952 Nempe
1303 3868 1396 3934 Deus
1418 3870 1510 3951 quasi
1533 3891 1574 3934 ex
1596 3868 1753 3934 tribunali
1774 3869 1970 3952 pronunciat
1991 3866 2126 3951 posthac

125 3983 255 4047 poenae
276 3961 449 4044 mitigatur
470 3959 638 4044 asperitas,
661 3959 723 4022 Dei
741 3957 921 4036 clementia,
943 3955 1029 4039 quod
1048 3957 1105 4020 ho-
1155 3975 1382 4021 aernmnosam
1400 3954 1470 4019 fore
1488 3954 1659 4020 bominum
1677 3954 1794 4020 vitam:
1818 3953 1894 4036 qnia
1903 3952 2011 4018 Adam
2034 3962 2126 4018 tran-

125 4050 259 4114 minum
277 4045 440 4112 laboribus
457 4045 579 4130 aliquid
602 4044 756 4109 miscetur
776 4042 928 4123 laetitiae,
949 4063 990 4106 ne
1012 4060 1104 4126 pror·
1156 4041 1257 4125 quilla
1282 4040 1354 4119 illo,
1383 4040 1469 4106 felici
1491 4041 1641 4124 laetoque
1663 4049 1761 4117 statu,
1793 4039 1833 4102 ad
1857 4060 1953 4122 quem
1975 4038 2126 4104 conditus

127 4157 186 4201 sus
198 4134 322 4218 ingrati
343 4135 418 4212 siut,
440 4141 477 4198 ut
487 4132 637 4219 proximo
649 4150 746 4194 versu
757 4149 835 4193 mox
845 4129 966 4193 iterum
989 4127 1104 4194 dicam.
1156 4127 1271 4205 fuerat,
1301 4125 1473 4211 indignum
1502 4147 1537 4190 se
1567 4126 1774 4208 praestiterit.
1827 4123 1864 4189 Si
1894 4123 1966 4207 quie
1994 4122 2126 4188 obiiciat

219 4219 269 4286 18.
295 4218 429 4300 Spicum
450 4217 645 4284 disibodum
663 4214 857 4299 germinabit.
887 4214 1008 4279 Fusius
1030 4235 1105 4295 pro·
1156 4211 1276 4276 multos
1297 4233 1367 4276 esse
1385 4213 1507 4277 inertes
1525 4211 1577 4277 vel
1592 4212 1739 4295 ignavos,
1760 4209 1842 4274 nibil
1863 4209 1896 4274 id
1918 4210 2025 4274 obstat
2046 4229 2125 4293 quo-

129 4307 281 4390 sequitur
304 4304 389 4389 quod
418 4305 574 4388 attigerat
601 4301 640 4366 de
662 4301 879 4383 percipiendis
901 4319 975 4365 cum
994 4299 1104 4365 labore
1155 4299 1266 4362 minus
1288 4319 1358 4363 sese
1375 4296 1557 4362 maledictio
1573 4298 1636 4362 istu
1653 4298 1687 4361 in
1706 4305 1808 4360 totum
1827 4315 1929 4378 genus
1944 4294 2125 4359 humanum

129 4405 166 4456 et
193 4391 342 4456 molestia
371 4401 477 4456 terrae
506 4388 673 4456 fructibus.
718 4387 764 4451 Et
790 4405 921 4463 causam
950 4385 1103 4468 assignat,
1156 4383 1326 4448 diffundat.
1369 4383 1543 4448 Neminem
1574 4383 1609 4446 in
1632 4392 1726 4447 tanta
1748 4381 1872 4446 desidia
1894 4388 2022 4463 torpere
2044 4379 2125 4456 dico,

130 4477 209 4561 qnia
227 4498 294 4543 non
312 4476 425 4541 eadem
443 4475 505 4541 erit
522 4487 610 4540 terra
632 4492 715 4556 quae
733 4472 833 4555 prius,
857 4492 940 4554 quae
962 4472 1105 4536 sinceros
1156 4471 1213 4552 qui
1241 4491 1305 4534 non
1336 4477 1472 4552 cogatur
1489 4468 1631 4552 experiri
1655 4468 1716 4532 boc
1740 4468 1774 4530 in
1797 4485 1909 4530 omncs
1931 4475 2124 4547 competere.

130 4564 263 4628 finctus
278 4562 452 4645 producat:
476 4563 545 4626 fore
561 4561 648 4626 euim
666 4558 860 4642 pronunciat
878 4567 914 4621 ut
931 4556 1108 4641 degeneret
1156 4556 1315 4639 Fugitant
1331 4556 1461 4637 quidam
1480 4555 1654 4630 molestias,
1676 4551 1809 4636 plurimi
1828 4559 1861 4615 et
1873 4551 2125 4634 immunitatem,

129 4659 241 4714 terrae
271 4648 423 4714 fertilitas
455 4650 488 4712 in
522 4657 629 4712 sentes
667 4654 700 4710 et
732 4644 832 4708 noxia
862 4640 1103 4726 impedimenta.
1156 4642 1263 4725 quoad
1292 4642 1328 4704 in
1356 4661 1391 4705 se
1419 4650 1477 4716 est,
1506 4649 1654 4722 captant:
1683 4638 1740 4703 sed
1770 4637 1931 4701 Dominus
1959 4633 2000 4700 ad
2023 4656 2126 4700 unum

131 4735 358 4817 Quaecunque
387 4755 465 4818 ergo
497 4733 615 4798 vitiosa
640 4740 836 4806 nascuntur,
869 4730 1009 4794 sciamus
1038 4747 1104 4793 non
1155 4747 1267 4791 omnes
1289 4727 1366 4810 iugo
1388 4725 1558 4808 impositae
1586 4724 1754 4790 servitutis
1779 4723 1905 4804 premit.
1950 4720 2125 4786 (laetarum

129 4822 263 4888 naevos
283 4840 356 4886 esse
377 4828 482 4884 terrae
503 4821 641 4894 fructus,
671 4815 729 4881 sed
757 4815 958 4899 corruptelas
979 4834 1063 4896 quae
1086 4834 1106 4878 a
1156 4810 1332 4877 tenendum
1355 4811 1453 4876 simul
1475 4821 1540 4893 eet,
1563 4832 1629 4876 non
1652 4808 1793 4892 singulis
1815 4829 1855 4872 ex
1878 4826 1981 4888 aequo
2002 4807 2126 4890 imponi

128 4919 266 4990 peccato
288 4906 447 4989 originem
470 4905 599 4971 babent.
650 4903 719 4968 Nec
741 4899 896 4984 estquod
918 4900 1104 4982 expostule-
1156 4896 1309 4974 laborem,
1332 4896 1388 4962 sed
1410 4897 1482 4962 aliis
1502 4897 1584 4979 plus,
1608 4895 1681 4960 aliis
1700 4895 1816 4958 miuus.
1855 4892 1934 4957 Ideo
1955 4891 2048 4958 labor
2070 4889 2125 4957 de·

129 5015 207 5058 mus
228 5014 304 5058 cum
326 5001 424 5070 terra,
447 4993 474 5056 si
496 4992 579 5056 votis
596 4989 719 5054 nostris
740 4995 773 5052 et
790 4987 952 5053 cultorum
970 5005 1104 5050 suorum
1156 4981 1308 5050 scribitur
1335 4982 1489 5047 universo
1518 4980 1646 5066 corpori
1667 4979 1858 5058 communis,
1887 4999 1953 5042 non
1975 4979 2126 5062 proprius

129 5078 237 5144 labori
261 5077 541 5160 nonrespoudeat,
563 5076 725 5158 quasinos
742 5073 954 5156 illamaligne
970 5071 1106 5136 frustre-
1156 5068 1272 5150 cuique
1300 5067 1462 5132 membro:
1500 5068 1563 5132 nisi
1593 5076 1751 5150 quatenus
1780 5063 1923 5129 Domino
1949 5065 2056 5146 placet
2083 5084 2125 5128 ex

130 5173 199 5229 tur:
232 5161 290 5230 sed
312 5164 346 5226 in
370 5164 439 5228 eius
461 5163 633 5228 sterilitate
655 5168 844 5243 reputemus
867 5163 948 5224 iram
972 5157 1050 5234 Dei,
1073 5164 1107 5220 et
1157 5155 1319 5220 communi
1342 5153 1501 5217 malorum
1529 5152 1678 5236 congerie
1706 5150 1845 5233 singulis
1867 5150 1982 5234 partiri
2002 5159 2125 5214 certam

129 5249 422 5334 peccatisnostris
451 5248 713 5332 ingemiscamus.
765 5244 900 5310 Falsum
928 5243 1027 5307 etiam
1056 5251 1106 5306 est
1157 5259 1354 5305 mensuram.
1400 5238 1532 5304 Interea
1558 5237 1737 5304 notandum
1766 5245 1833 5319 est,
1861 5235 1917 5318 qui
1944 5257 1979 5300 se
2000 5232 2125 5318 placide

130 5334 372 5421 quodquidam
390 5333 510 5408 dicunt,
528 5343 649 5399 terram
667 5332 1107 5415 longotemporissucoessu
1158 5326 1336 5390 subiiciunt
1371 5327 1551 5405 aerumnis,
1586 5345 1641 5390 eos
1674 5331 1804 5408 gratum
1831 5320 1902 5387 Deo
1937 5318 2125 5404 obsequium
