5022 6192
132 427 172 492 93
505 443 508 450 ·
790 424 1160 492 COMMENTARIUS
1184 425 1232 490 IN
1256 425 1470 492 GENESIN.
2082 429 2126 494 94

129 615 253 680 trustra
285 613 470 680 coacervari
503 620 692 696 praetextus
720 624 753 680 et
782 613 940 699 suffugia,
970 613 1028 679 ubi
1056 614 1104 679 rei
1155 613 1418 699 exaggerandam
1440 613 1572 680 sceleris
1593 615 1793 682 atrocitatem
1812 614 1898 693 lecit,
1916 616 2009 698 quasi
2026 637 2125 700 quee-

131 699 170 766 ad
194 697 338 764 tribunal
360 699 505 764 citantur
526 699 583 780 qui
603 707 788 782 peccarunt.
1155 700 1230 766 dem
1252 701 1324 766 eius
1349 700 1499 786 contagio
1529 701 1714 784 pervenerit
1732 720 1833 784 usque
1855 697 1895 764 ad
1914 713 2050 778 terram,
2073 701 2125 768 cui

217 783 357 870 Sanguis
381 784 497 861 fratris
525 787 574 850 tui
606 785 726 852 elamet.
779 785 929 850 Primum
963 786 1104 852 ostendit
1154 806 1278 869 poenae
1299 787 1489 870 exsequutie
1512 785 1695 851 mandatur.
1730 785 1825 866 Quod
1849 785 1903 853 hio
1925 799 2031 852 terrae
2054 809 2124 854 see-

130 872 222 937 Deus
244 891 280 936 se
303 869 342 934 de
371 870 464 936 sectis
501 869 672 936 hominum
697 891 908 971 cognoscere,
938 879 1103 956 uteunque
1154 873 1270 938 vitiam
1289 873 1400 957 effingi
1429 871 1581 937 nonnulli
1602 884 1734 956 putant,
1759 891 1796 937 eo
1818 871 1845 936 si
1868 893 1940 939 eam
1963 873 2125 940 conferret

130 956 242 1022 nullus
264 963 420 1039 queratur
441 954 495 1021 vel
517 965 662 1022 accuset:
697 954 813 1022 deinde
841 956 902 1022 sibi
925 957 1031 1042 magis
1049 980 1103 1024 oa·
1154 959 1245 1024 Deus
1281 957 1369 1024 ferae
1406 955 1548 1034 bellnae,
1580 979 1663 1040 quae
1695 957 1888 1042 sanguinem
1923 960 2005 1023 Abel
2039 957 2121 1025 heu-

129 1063 200 1108 rem
236 1063 306 1108 esse
339 1041 509 1106 hominnm
546 1042 664 1118 vitem,
698 1063 796 1125 quam
830 1057 868 1106 nt
906 1043 1102 1126 sanguinem
1153 1045 1248 1123 serit,
1271 1064 1291 1108 e
1313 1064 1390 1108 vero
1419 1064 1516 1109 sensu
1537 1043 1680 1108 alienum
1709 1050 1767 1108 est.
1811 1044 1927 1110 Potius
1955 1044 2126 1112 clementie

129 1129 303 1194 innoxium
332 1127 466 1209 impune
493 1127 619 1193 effundi
649 1128 748 1192 sinat:
772 1129 884 1204 tertio,
906 1150 1017 1194 curam
1041 1129 1102 1194 sibi
1153 1129 1203 1193 illi
1221 1149 1294 1194 meo
1330 1129 1448 1195 iudicio
1476 1126 1552 1192 κατὰ
1580 1135 1827 1212 προσωποποιιαν
1849 1130 2018 1210 tribuitur,
2039 1129 2125 1213 qnod

128 1215 259 1298 piorum
282 1234 361 1293 esee,
383 1233 450 1278 non
472 1212 577 1279 solum
595 1213 750 1295 quamdiu
774 1215 901 1291 vivunt,
923 1212 980 1279 sed
1003 1218 1102 1280 etiam
1154 1215 1342 1280 foeditatem
1372 1214 1571 1294 exhorrens,
1600 1236 1636 1280 os
1665 1236 1762 1280 suum
1801 1214 1941 1298 tegendo
1971 1217 2125 1300 sanguini

128 1309 204 1384 post
247 1312 396 1364 mortem.
458 1299 638 1364 Dorminnt
677 1307 716 1364 nt
761 1298 940 1382 plurimum
979 1301 1104 1365 terreni
1155 1301 1336 1383 aperuerit,
1370 1301 1427 1382 qni
1458 1300 1603 1365 fraterne
1642 1322 1742 1365 mann
1782 1301 1906 1366 effusus
1939 1315 2018 1367 erat.
2074 1302 2125 1368 Eo

129 1385 263 1462 iudices,
287 1385 350 1450 nisi
378 1404 433 1448 eos
463 1395 632 1450 aecusator
660 1385 827 1451 sollicitet:
859 1385 968 1450 Deum
991 1394 1102 1451 eutem
1154 1388 1242 1451 enim
1264 1387 1369 1470 magis
1392 1385 1592 1452 detestabilis
1614 1396 1664 1451 εει
1686 1385 1828 1451 hominis
1855 1385 2040 1465 crudelitas,
2067 1388 2124 1470 qui

129 1472 169 1537 ad
193 1469 371 1538 sumendas
388 1489 517 1552 poenes,
536 1469 633 1534 etiam
654 1469 710 1536 ubi
732 1479 818 1536 tacet
839 1473 894 1553 qui
916 1471 1025 1536 laesus
1043 1478 1102 1550 est,
1155 1473 1296 1557 proximi
1324 1472 1516 1556 sanguinem
1540 1472 1676 1537 fundere
1698 1493 1763 1536 non
1788 1471 1916 1552 horret,
1938 1475 1991 1538 cui
2013 1492 2123 1556 recep·

127 1559 219 1642 ipsae
242 1557 381 1622 iniuriae
411 1556 491 1621 satis
513 1577 571 1639 per
592 1577 628 1622 se
650 1565 838 1638 provocant.
883 1556 975 1622 Haec
998 1559 1101 1635 bonis,
1154 1557 1299 1623 taculum
1323 1569 1373 1622 est
1401 1558 1491 1622 sinus
1527 1565 1642 1622 terrae.
1692 1557 1761 1623 Nec
1792 1567 1899 1624 tamen
1930 1559 2123 1624 miraculum

149 1645 186 1708 ni
212 1643 336 1708 iniuste
364 1651 543 1720 vexantur,
573 1641 656 1706 mire
699 1642 811 1708 suavis
839 1643 1017 1708 consolatio
1042 1655 1098 1721 est
1153 1643 1282 1726 aliquod
1311 1643 1502 1726 fingendum
1529 1651 1588 1718 est,
1617 1644 1708 1726 quasi
1736 1643 1868 1708 insolito
1900 1651 2005 1708 terrae
2028 1644 2123 1710 hiatu

127 1666 207 1794 dnm
229 1726 367 1792 audiunt
388 1747 447 1792 sua
468 1725 571 1802 male,
595 1749 677 1809 quae
700 1729 790 1793 taciti
812 1729 997 1810 perferunt,
1015 1728 1102 1794 ultro
1153 1729 1324 1812 absorptus
1357 1729 1455 1793 luerit
1483 1730 1631 1812 sanguis:
1662 1728 1717 1792 sed
1736 1731 1876 1813 figurata
1898 1739 1948 1796 est
1969 1730 2124 1814 loquutio,

126 1813 168 1879 ad
188 1813 367 1879 vindictam
386 1811 578 1896 poscendam
598 1814 632 1877 in
651 1825 857 1896 conspectum
875 1813 938 1878 Dei
961 1814 1100 1897 prodire.
1153 1836 1235 1897 quae
1265 1813 1339 1898 plus
1373 1815 1472 1880 luisse
1505 1813 1719 1879 humanitatis
1744 1815 1777 1879 in
1809 1823 1899 1880 terre
1933 1816 2121 1900 singnifioat

125 1897 304 1966 Obmutuit
329 1898 413 1964 Abel
439 1920 538 1982 quum
567 1897 788 1982 inguleretur.
809 1899 863 1965 vel
891 1901 954 1964 alio
984 1900 1101 1983 quovis
1153 1922 1250 1982 quam
1272 1901 1308 1964 in
1330 1901 1400 1983 ipso
1430 1901 1570 1965 homine.
1616 1899 1789 1966 Caeterum
1811 1901 1896 1983 quod
1917 1901 1991 1967 aliis
2013 1902 2123 1968 verbis

125 1985 224 2052 modo
256 1992 442 2050 necaretur:
473 1993 547 2066 post
578 1996 715 2050 mortem
743 1987 849 2070 magis
877 1985 1018 2052 clamose
1051 1995 1101 2050 est
1152 2007 1240 2051 nuno
1261 1985 1466 2051 maledicitur
1487 1985 1585 2065 (lein,
1608 2005 1705 2068 quern
1727 1987 1819 2068 prius
1841 1985 1963 2062 Adam,
1984 1991 2039 2070 qui
2061 1986 2123 2052 mi·

123 2093 192 2138 vox
217 2072 404 2154 sanguinis,
432 2091 529 2153 quem
560 2069 630 2134 ulla
652 2069 820 2136 rhetorum
842 2071 1003 2136 facundie.
1047 2071 1100 2137 Ite
1151 2073 1217 2137 tius
1239 2093 1312 2137 cum
1335 2073 1440 2154 primo
1462 2071 1594 2136 homine
1616 2081 1724 2137 ectum
1743 2091 1813 2136 esse
1830 2073 2029 2152 existiment,
2047 2073 2124 2156 quia

123 2159 294 2241 oppressio
314 2165 347 2221 et
370 2156 537 2222 silentium
554 2156 626 2220 Deo
649 2178 713 2220 non
737 2157 846 2222 obstet
863 2157 1037 2240 quominus
1060 2157 1100 2222 de
1152 2157 1243 2223 Deus
1276 2157 1421 2222 humano
1460 2159 1571 2242 generi
1615 2176 1746 2240 parcere
1785 2157 1939 2234 voluerit,
1973 2158 2123 2235 nonnihil

122 2267 225 2310 cause
258 2239 377 2308 iudicet
409 2263 507 2324 qnam
545 2238 688 2306 mundus
728 2243 887 2325 sepultam
924 2245 1098 2308 existimat.
1151 2244 1268 2309 eoloris
1296 2241 1403 2307 habet.
1454 2242 1595 2308 Audiuit
1617 2243 1740 2323 Adam,
1763 2241 1934 2308 Maledicte
1956 2245 2016 2309 erit
2037 2249 2123 2308 terre

122 2329 220 2394 Haec
259 2327 438 2394 consolatio
476 2325 672 2392 uberrimam
710 2329 886 2410 patientiae
927 2331 1099 2393 materiam
1147 2333 1275 2411 propter
1303 2333 1346 2393 te:
1374 2350 1461 2394 nunc
1495 2349 1572 2394 vero
1607 2328 1729 2393 fulmen
1766 2329 1898 2394 ultionis
1928 2328 2057 2394 divinae
2086 2329 2121 2394 in

121 2414 221 2480 nohis
236 2414 432 2497 suppeditat,
451 2434 549 2496 quum
567 2412 650 2478 nihil
668 2435 709 2478 ex
726 2416 798 2479 iure
815 2425 925 2479 nostro
944 2414 1099 2480 decedere
1151 2435 1322 2498 personam
1346 2413 1429 2480 Cain
1455 2413 1602 2480 vibratur
1628 2435 1666 2480 ac
1688 2414 1849 2498 deligitur.
1894 2411 1988 2496 Quod
2012 2424 2122 2480 autem

122 2501 293 2579 audimus,
320 2501 348 2564 si
381 2498 548 2564 moderate
581 2509 614 2562 et
648 2501 758 2581 aequis
800 2501 917 2565 animis
955 2500 1099 2566 feremus
1151 2521 1288 2584 poenam
1311 2500 1521 2582 temporalem
1546 2500 1601 2564 elii
1623 2500 1730 2564 notari
1752 2507 1879 2582 putent,
1903 2501 1978 2582 quia
1999 2501 2121 2566 dictum

119 2587 278 2652 iniurias:
312 2585 377 2650 imo
409 2585 517 2649 Deum
551 2582 592 2649 ed
625 2605 685 2650 nos
717 2585 930 2650 vindicandos
964 2607 1001 2650 eo
1030 2588 1098 2650 lore
1151 2587 1194 2651 sit
1216 2589 1246 2650 Δ
1270 2595 1373 2664 terra,
1396 2587 1621 2668 potiusquam
1644 2585 1801 2662 Ecoelo,
1825 2587 2004 2668 neposteri
2027 2585 2121 2666 (lain,

121 2671 376 2755 promptiorem,
397 2691 460 2753 quo
490 2670 666 2735 modestius
684 2671 725 2736 ad
752 2671 862 2737 omnia
883 2671 1016 2736 ferenda
1037 2692 1098 2736 nos
1151 2673 1297 2757 praecise
1315 2690 1373 2754 spe
1394 2671 1517 2750 salutis,
1536 2671 1687 2737 audacius
1709 2671 1742 2735 in
1765 2693 1859 2737 suem
1878 2669 2121 2738 damnationem

122 2757 404 2824 summiserimns:
433 2757 510 2838 quie
531 2752 657 2820 validos
679 2755 835 2822 clamores
854 2757 976 2822 excitet
997 2757 1097 2842 placi·
1151 2766 1299 2822 ruerent:
1317 2757 1399 2822 mihi
1418 2776 1484 2822 non
1503 2758 1583 2823 eatis
1605 2757 1736 2826 firmum
1750 2756 1893 2822 videtur:
1916 2759 1993 2839 quin
2012 2759 2120 2842 potius

122 2841 202 2907 dnm
244 2842 370 2906 animae
410 2842 592 2920 silentium,
635 2843 691 2923 qui
734 2843 860 2908 coelum
902 2850 937 2908 et
975 2854 1096 2907 terram
1150 2853 1256 2910 terrae
1284 2842 1432 2908 mandari
1466 2843 1620 2908 indicium
1657 2842 1871 2926 interpretor,
1898 2852 1935 2907 ut
1959 2843 2121 2926 intelliget

120 2926 297 3010 impleant.
347 2927 459 3010 Neque
488 2938 616 2991 tentum
638 2927 679 2992 ad
708 2929 890 3010 praesentis
923 2929 1009 2994 vitae
1031 2939 1095 2994 sta·
1150 2927 1233 2994 (lain
1251 2949 1317 2994 non
1336 2928 1448 3011 procul
1466 2926 1651 2996 vocandum
1670 2948 1740 2993 esse
1757 2927 1907 3009 iudicem,
1925 2949 1962 2994 ec
1979 2951 2020 2994 ne
2036 2950 2120 3012 opus

121 3024 197 3080 tum
228 3021 354 3096 spectat
380 3012 461 3077 haec
483 3012 647 3091 doctrina,
666 3024 703 3078 ut
726 3013 868 3078 sciamus
891 3015 978 3079 inter
999 3013 1095 3078 innn·
1149 3013 1279 3098 quidem
1301 3035 1372 3080 esse
1395 3023 1433 3080 ει
1459 3014 1567 3100 angeli
1591 3035 1608 3080 e
1629 3013 1717 3080 coelo
1734 3012 1902 3097 prodeant,
1915 3035 2014 3097 quum
2033 3024 2121 3080 terra

119 3120 217 3165 mera
246 3097 390 3182 pericula
425 3097 545 3180 quibus
581 3098 816 3179 circumdetur,
845 3101 909 3166 Dei
937 3099 1099 3183 praesidio
1149 3109 1265 3184 sponte
1287 3121 1323 3165 se
1345 3098 1493 3166 ultricem
1516 3101 1641 3166 offerat.

120 3195 231 3252 tutem
262 3205 349 3262 esee,
372 3184 485 3248 sedin
515 3204 605 3266 spem
629 3185 717 3249 vitae
739 3186 880 3250 melioris
902 3207 963 3252 nos
985 3186 1096 3270 erigit:
1237 3186 1286 3250 12.
1313 3185 1415 3266 Qum
1444 3186 1613 3252 excolueris
1646 3206 1724 3252 eom.
1776 3185 1947 3269 Expositio
1981 3185 2121 3269 proximi

119 3273 202 3356 quia
231 3268 439 3336 statuendum
470 3279 520 3334 eet
544 3281 615 3352 post
639 3279 777 3335 mortem
804 3291 875 3336 esse
897 3271 1098 3355 superstites,
1148 3293 1279 3338 versus:
1314 3271 1434 3337 elarius
1469 3273 1557 3336 enim
1595 3271 1753 3355 exprimit
1784 3269 1862 3354 quid
1895 3273 1938 3336 sit
1969 3271 2120 3339 maledici

119 3378 265 3442 qnorum
290 3356 382 3422 Deus
412 3375 525 3420 curem
553 3356 646 3438 gerit.
698 3355 769 3422 Iam
793 3366 827 3422 et
855 3357 915 3424 hoo
939 3371 1096 3423 terrorem
1148 3365 1299 3424 eterra:
1327 3377 1444 3442 nempe
1477 3379 1576 3440 quum
1606 3378 1683 3422 suos
1709 3356 1853 3423 cultores
1875 3366 1964 3423 terre
1991 3357 2121 3423 fraudat

119 3441 280 3509 violentis
297 3451 330 3507 et
346 3441 503 3523 improbis
520 3441 665 3519 incutiet,
683 3441 768 3524 quod
780 3443 976 3526 pronunciet
995 3442 1097 3524 Deos,
1148 3442 1267 3508 laboris
1288 3443 1405 3509 fructu.
1451 3441 1487 3508 si
1510 3443 1582 3526 quie
1609 3441 1742 3508 obiiciat
1763 3461 1902 3524 poenam
1919 3441 2005 3508 hene
2022 3462 2118 3509 cunc-

119 3529 272 3593 desertas
300 3526 469 3591 hominum
500 3526 679 3608 patrocinio
706 3549 819 3594 causas
846 3550 911 3594 non
933 3529 1041 3593 alieno
1062 3548 1097 3594 se
1148 3529 1191 3594 tis
1213 3530 1336 3610 pariter
1359 3525 1551 3594 mortalibus
1572 3528 1606 3594 in
1628 3526 1721 3592 Adae
1753 3548 1893 3611 persona
1914 3529 2013 3593 fuisse
2045 3536 2122 3594 ante

119 3613 279 3696 impulsu,
312 3612 369 3678 sed
398 3625 515 3694 suapte
544 3623 663 3678 natura
693 3616 875 3697 suscipere,
907 3627 1097 3697 certumque
1147 3615 1322 3680 inflictam:
1345 3612 1524 3697 respondeo
1548 3613 1630 3678 mihi
1651 3634 1715 3679 non
1739 3635 1810 3679 esse
1831 3611 1963 3680 dubium
1982 3613 2063 3697 quin
2081 3635 2123 3680 ex

118 3701 195 3766 fore
229 3699 385 3764 scelerum
421 3698 601 3777 vindicem,
643 3701 793 3781 quamvis
826 3721 891 3766 non
940 3712 1097 3784 queratur
1150 3700 1280 3766 residua
1301 3697 1525 3766 benedictione
1547 3697 1669 3781 aliquid
1691 3719 1779 3764 nune
1797 3719 1923 3783 quoque
1941 3698 2122 3766 homicidae

118 3787 180 3870 qui
210 3785 318 3850 laesus
342 3794 401 3848 est.
446 3782 626 3848 Exsultant
646 3783 775 3866 quidem
795 3807 890 3870 saepe
908 3785 1098 3866 homicidae,
1147 3787 1246 3853 luerit
1275 3786 1473 3866 detractum,
1495 3792 1533 3849 ut
1554 3793 1676 3850 terram
1710 3784 1862 3868 privatim
1885 3783 1948 3850 sibi
1969 3785 2121 3850 infestam

118 3873 217 3956 quasi
240 3889 378 3954 poenam
401 3871 579 3934 eumennt:
603 3867 660 3936 sed
683 3873 815 3936 tandem
839 3873 989 3938 ostendet
1006 3871 1098 3938 Deus
1149 3874 1293 3938 sentiret.
1345 3869 1431 3934 Nem
1459 3871 1521 3935 etsi
1551 3870 1768 3936 communiter
1797 3871 1897 3936 solem
1920 3891 2018 3936 suum
2041 3872 2122 3936 oriri

117 3978 191 4022 non
226 3956 324 4020 luisse
357 3964 484 4020 mutum
524 3953 692 4020 innoxium
727 3959 936 4041 sanguinem,
971 3980 1030 4024 neo
1063 3979 1098 4023 se
1148 3957 1291 4040 quotidie
1317 3955 1396 4020 lucit
1425 3956 1515 4022 Deus
1542 3976 1642 4038 super
1676 3955 1778 4020 bonos
1802 3965 1836 4021 et
1863 3955 1965 4021 nidos
1986 3955 2119 4042 (Matth.

118 4045 250 4108 frustra
273 4039 408 4120 dixisse,
436 4042 612 4122 pretiosam
642 4062 712 4108 esse
734 4043 768 4106 in
795 4044 895 4108 oculis
913 4046 982 4110 suis
1004 4064 1097 4110 sanc·
1149 4045 1178 4122 5,
1201 4042 1271 4128 45):
1306 4041 1427 4125 pluviis
1461 4051 1568 4106 tamen
1592 4051 1625 4106 ει
1657 4040 1886 4125 grandinibus,
1920 4053 1952 4106 et
1982 4040 2122 4121 nebulis,

118 4139 233 4194 torum
264 4137 412 4191 mortem.
457 4123 557 4210 (Peal.
592 4125 664 4203 115,
693 4127 794 4214 lt.)¹)
816 4130 906 4212 Ergo
938 4143 1096 4212 quantum
1149 4149 1237 4194 nunu
1259 4128 1367 4212 gentis
1384 4127 1491 4208 unius,
1509 4147 1596 4192 nune
1614 4140 1776 4191 certorum
1795 4127 1962 4192 hominum
1983 4126 2122 4212 (quoties

118 4213 300 4280 levationis
324 4213 419 4276 affert
446 4211 525 4276 haee
554 4209 701 4277 doctriua
729 4213 887 4294 fidelibus,
904 4239 946 4280 ne
969 4216 1036 4281 sint
1058 4214 1098 4279 de
1149 4216 1256 4281 visum
1280 4212 1342 4299 est)
1367 4214 1500 4278 interim
1524 4212 1691 4278 ulciscitur
1714 4223 1859 4295 peccate,
1881 4223 2042 4294 quatenus
2059 4213 2121 4278 sei·

118 4319 184 4365 sue
208 4300 277 4362 vita
298 4297 396 4362 nimis
418 4297 518 4374 anxii,
540 4317 599 4380 pro
622 4319 685 4380 qua
704 4298 811 4364 Deum
830 4300 983 4367 excubias
1001 4321 1098 4384 egere
1148 4301 1224 4367 licet
1245 4299 1285 4364 ad
1309 4299 1520 4364 statuendum
1543 4299 1641 4363 futuri
1661 4295 1771 4363 iudicii
1793 4297 2023 4364 documentum
2041 4297 2121 4362 utile

118 4385 279 4450 audiunt:
303 4397 369 4448 tem
394 4383 572 4448 violentum
595 4396 645 4450 est
665 4385 789 4450 fulmen
822 4400 938 4452 contro
970 4389 1098 4469 impios,
1149 4397 1213 4452 est:
1237 4384 1355 4450 deinde
1378 4398 1416 4449 ει
1445 4385 1566 4449 talibus
1595 4383 1754 4466 exemplis
1775 4384 2002 4450 commonsfiat
2022 4405 2118 4448 mun·

118 4471 182 4554 qui
210 4469 332 4535 violare
354 4481 385 4532 et
414 4468 570 4533 scelerate
596 4467 732 4552 perdere
755 4493 820 4536 non
844 4473 995 4538 dubitent
1016 4493 1097 4555 quos
1149 4472 1226 4551 dus,
1252 4471 1335 4536 irato
1356 4469 1558 4551 adversoque
1581 4466 1652 4532 Deo
1675 4467 1759 4532 nihil
1780 4467 1920 4534 feliciter
1937 4467 2118 4534 succedere.

117 4559 218 4624 Deus
240 4554 418 4619 servandos
439 4555 589 4638 suscepit.
1149 4558 1189 4624 In
1219 4559 1324 4640 primo
1359 4566 1467 4620 autern
1501 4551 1663 4620 homicida
1697 4555 1788 4620 Deus
1823 4553 1989 4637 singulare
2023 4553 2119 4620 edere

215 4641 264 4706 11.
289 4639 383 4705 Nunc
408 4641 511 4722 itaque
538 4639 720 4708 maledictus
748 4643 812 4708 trie
832 4665 849 4708 ε
869 4649 962 4710 letto.
1008 4643 1100 4708 Post·
1149 4644 1312 4726 specimen
1341 4641 1575 4706 maledictionis
1604 4639 1723 4718 voluit,
1754 4639 1847 4704 cuius
1869 4640 2026 4704 memoria
2047 4659 2118 4708 sae·

118 4749 224 4810 quam
257 4726 388 4790 sceleris
420 4728 589 4792 convictus
621 4727 684 4791 luit
707 4726 807 4807 Cain,
840 4752 927 4794 nunc
956 4727 996 4794 de
1029 4731 1099 4812 ipso
1148 4731 1230 4796 culis
1252 4726 1400 4792 omnibus
1422 4734 1578 4792 exstaret.

117 4815 234 4878 fertur
250 4811 416 4876 iudicium.
460 4810 510 4876 Ao
529 4813 670 4892 primum
691 4814 780 4878 Deus
798 4828 918 4880 terram
937 4812 1099 4881 vindictae
1235 4811 1401 4880 laetabilis
1433 4817 1462 4878 et
1491 4810 1655 4894 prosaque.
1716 4809 1831 4875 Altera
1863 4831 1951 4876 nuno
1992 4829 2119 4892 quoque

118 4919 204 4962 suae
234 4897 417 4962 ministrem
451 4897 621 4962 constituit
653 4899 730 4980 quie
762 4900 860 4982 impio
893 4911 926 4964 ει
958 4901 1099 4966 nefando
1149 4920 1254 4984 poene
1273 4898 1445 4981 infligitur,
1467 4897 1552 4980 quod
1571 4915 1731 4978 nusquam
1749 4896 1870 4978 poterit
1888 4915 2021 4960 securus
2043 4915 2119 4961 con·

118 4981 302 5068 parricidio
325 4984 494 5065 inquinata
529 4983 650 5046 lueret:
684 5004 721 5049 ao
743 4985 771 5051 si
795 4984 939 5065 dixisset,
960 4985 1011 5050 uu
1034 4986 1098 5050 iem
1150 4987 1281 5064 sistere,
1314 5003 1506 5066 quocunque
1539 4983 1651 5048 veniat
1687 4981 1841 5047 locorum.
1899 4981 1989 5046 Duae
2021 5001 2118 5046 voces

117 5068 207 5134 mihi
237 5066 368 5132 caedem
406 5071 463 5134 ebs
502 5077 534 5132 te
571 5081 790 5152 perpetratam
820 5072 980 5156 negabas,
1008 5069 1100 5154 etqui
1150 5070 1255 5153 posuit
1283 5069 1408 5144 Moses,
1438 5089 1522 5150 quae
1550 5087 1666 5150 parum
1693 5067 1779 5132 inter
1800 5088 1835 5132 se
1861 5065 2031 5132 differunt:
2055 5065 2119 5132 nisi

117 5158 224 5220 bruta
254 5155 327 5236 ipsa
357 5151 454 5220 tellus
488 5175 627 5237 poenam
662 5156 781 5240 exiget.
834 5158 907 5223 Hoc
945 5177 1023 5223 vero
1058 5155 1098 5220 ad
1149 5155 1234 5241 quod
1257 5155 1346 5239 prior
1368 5175 1387 5218 e
1410 5167 1457 5232 itti
1477 5151 1660 5231 deducitur,
1687 5151 1773 5235 quod
1794 5163 1844 5218 est
1866 5153 1993 5236 vagari:
2016 5149 2119 5216 altera

1151 5264 1171 5308 e
1191 5254 1247 5321 ¹111,
1269 5239 1352 5323 quod
1375 5241 1487 5325 fogere
1504 5239 1674 5321 significat.
1721 5237 1896 5304 Distinctio
1922 5258 2020 5321 quam
2039 5236 2117 5302 affe·

194 5339 441 5410 1)1e0116,15.
1151 5338 1230 5392 runt
1266 5324 1431 5404 nonnulli,
1470 5323 1556 5408 quod
1586 5337 1621 5402 ιιι
1649 5325 1694 5389 sit
1725 5325 1781 5406 qui
1822 5343 1981 5406 nusquam
2020 5321 2119 5388 habet
