5022 6192
383 403 425 470 87
1045 399 1415 471 COMMENTARIUS
1439 402 1488 467 IN
1511 401 1724 469 GENESIN.
2330 404 2363 468 88

382 611 475 656 mum
510 598 651 674 arrogat.
714 589 810 654 Tales
849 589 996 654 externis
1036 588 1166 672 quidem
1205 589 1355 675 operibus
1406 589 1528 657 liberos
1573 589 1686 656 sedulo
1725 589 1946 657 admonuerit:
1987 611 2103 657 verum
2138 590 2242 656 hiosis
2283 590 2364 656 verbe

384 686 518 744 strenue
540 675 580 742 ad
593 677 703 742 Deum
725 674 978 759 promerendum
995 675 1204 742 incumbunt:
1228 675 1284 741 sed
1301 696 1357 741 cor
1408 675 1508 742 nimis
1537 676 1698 742 violenter
1729 677 1975 761 constringunt,
2010 677 2065 760 qui
2089 695 2151 741 non
2177 675 2273 740 aliter
2293 678 2363 760 ecgi-

385 762 564 828 retinentes
586 762 699 827 fraude
721 761 917 844 implicitum
940 760 1023 825 nihil
1046 783 1144 844 quam
1173 761 1282 828 larvas
1307 762 1356 826 illi
1408 770 1480 828 tant
1519 762 1689 846 loquutum
1733 783 1804 828 esse
1831 761 1941 828 Deum
1976 783 2072 845 quam
2112 782 2171 845 per
2208 781 2284 826 suos
2316 763 2364 826 mi·

384 857 567 933 opponunt:
602 860 640 912 ut
672 847 706 912 in
740 847 900 912 laborioso
925 867 1039 912 eorum
1073 857 1105 911 et
1137 849 1235 912 anxio
1266 848 1357 914 cultu
1409 850 1539 914 nistros.
1596 849 1712 914 Potius
1740 856 1938 924 statuamus,
1979 859 2156 930 antequam
2191 848 2365 930 consignata

383 933 466 999 nihil
506 934 550 999 sit
589 935 770 1010 sincerum,
807 932 865 999 sed
905 953 1016 998 merus
1056 931 1217 998 duntaxat
1255 934 1356 999 fucus.
1408 941 1493 998 esset
1508 933 1647 1017 publicis
1668 934 1789 1001 tabulis
1811 935 1957 1000 coelestis
1979 933 2138 1012 doctrina,
2161 954 2257 1015 saepe
2275 933 2366 998 Deum

383 1018 563 1102 Postquam
594 1018 678 1084 nihil
701 1041 736 1086 se
764 1020 921 1103 proficere
943 1017 1066 1098 vident,
1088 1019 1232 1101 produnt
1253 1018 1357 1085 occul·
1409 1018 1674 1086 extraordinariis
1696 1019 1801 1086 modis
1827 1019 2018 1103 patefecisse
2040 1019 2244 1084 voluntatem
2270 1039 2365 1083 suam:

384 1113 457 1170 tum
486 1106 587 1170 animi
616 1106 669 1172 sui
699 1107 805 1171 virus:
829 1125 933 1187 neque
962 1104 1049 1168 enim
1080 1111 1210 1169 tantum
1235 1106 1357 1170 obstre·
1409 1113 1507 1188 atque
1549 1105 1611 1171 hoo
1650 1107 1748 1172 fuisse
1792 1104 2061 1184 fundamentum,
2100 1103 2186 1188 quod
2230 1103 2368 1170 fulciebat

383 1200 467 1274 punt
488 1190 574 1271 Dec,
597 1191 653 1257 sed
681 1201 859 1272 erumpunt
885 1191 921 1254 in
954 1190 1098 1254 furorem
1131 1190 1355 1256 manifestum:
1411 1191 1499 1256 verbi
1529 1193 1761 1256 reverentiam:
1790 1191 1971 1256 doctrinam
1995 1212 2071 1257 vero
2094 1211 2151 1274 per
2179 1209 2294 1256 manus
2320 1191 2368 1254 ho·

382 1275 536 1360 adeoque,
560 1279 587 1343 si
610 1279 644 1341 in
666 1279 744 1359 ipsis
768 1286 861 1354 esset,
883 1274 1023 1341 libenter
1045 1295 1120 1340 cum
1146 1275 1358 1341 detraherent
1410 1277 1534 1342 minum
1575 1277 1754 1360 proditam,
1794 1277 1899 1342 instar
1937 1277 2075 1344 aedilicii
2114 1277 2224 1341 fuisse.
2285 1276 2368 1342 Certe

383 1365 504 1430 esolio
527 1363 668 1430 coelesti.
714 1361 876 1444 Superbia
897 1362 978 1426 haec
1001 1360 1153 1427 omnibus
1176 1361 1358 1446 hypocritis
1409 1384 1506 1445 quam
1529 1371 1685 1428 exacuet
1715 1371 1931 1428 commentum
1959 1362 2040 1428 illud
2066 1363 2133 1428 vim
2168 1359 2297 1426 divinae
2322 1363 2370 1426 ab·

386 1458 436 1516 est
464 1450 620 1533 ingenita,
646 1457 684 1513 ut
712 1447 822 1512 Deum
851 1445 996 1528 obsequii
1030 1447 1137 1529 spacia
1166 1447 1228 1512 sibi
1258 1447 1357 1513 obno·
1409 1449 1617 1532 iurgationis,
1654 1470 1706 1513 me
1736 1456 1863 1514 tacente
1896 1468 2009 1513 omnes
2041 1458 2231 1531 agnoscunt.
2294 1448 2370 1531 Ergo

385 1535 479 1601 xium
497 1535 618 1601 habere
638 1535 754 1601 velint:
778 1533 855 1616 quia
872 1533 1016 1616 effugere
1040 1554 1103 1597 non
1126 1544 1265 1616 possunt
1287 1534 1358 1597 eius
1410 1534 1506 1598 sicuti
1534 1535 1626 1616 prins
1656 1534 1749 1600 Adae
1773 1535 1908 1600 auribus
1932 1556 1997 1600 vox
2024 1532 2088 1598 Dei
2113 1533 2313 1609 insonuerat,
2340 1543 2371 1596 ut

384 1623 568 1706 imperium,
586 1619 751 1687 blanditiis
768 1640 844 1684 eum
861 1618 1005 1682 mulcere
1022 1625 1160 1694 tentant,
1185 1618 1241 1683 sed
1264 1619 1357 1701 quasi
1409 1630 1496 1684 certo
1530 1620 1665 1684 sentiret
1693 1621 1801 1685 Deum
1832 1619 1934 1702 loqui:
1968 1620 2014 1684 ita
2047 1627 2080 1684 et
2113 1641 2202 1684 nuno
2235 1618 2277 1683 ad
2299 1618 2370 1684 Cain

385 1728 540 1794 puerum:
569 1709 694 1773 interea
723 1726 823 1788 quum
852 1705 963 1788 magni
993 1703 1114 1769 faciant
1129 1704 1260 1768 fictitias
1281 1724 1356 1768 suas
1409 1705 1570 1789 dirigitur.

384 1815 508 1878 nugas,
529 1795 638 1859 Deum
662 1791 724 1858 sibi
748 1790 841 1856 valde
863 1789 1023 1854 iniurium
1045 1809 1115 1854 esse
1138 1797 1271 1872 putant,
1293 1790 1358 1854 nisi
1495 1791 1523 1855 7.
1544 1791 1711 1858 Anucaai
1739 1796 1815 1856 recte
1837 1793 1944 1874 eperia
1983 1791 2049 1856 His
2071 1789 2180 1856 verbis
2220 1789 2303 1856 Oain
2324 1791 2371 1854 oh·

386 1879 572 1963 applaudat.
617 1878 680 1944 Ubi
710 1897 787 1943 vero
816 1874 1013 1958 pronunciat
1040 1875 1173 1940 frivolas
1201 1883 1234 1941 et
1260 1874 1355 1939 nihili
1406 1875 1630 1960 iurgatDeus,
1649 1876 1735 1959 quod
1757 1877 1889 1960 indigne
1907 1886 2110 1943 succenseat:
2135 1873 2263 1958 quando
2286 1876 2373 1940 tutius

385 1965 447 2031 sibi
476 1987 554 2041 esse,
585 1966 722 2030 fremere
751 1962 893 2047 primum
923 1968 956 2024 et
985 1959 1116 2026 tandem
1141 1961 1247 2026 furere
1276 1960 1356 2026 inci·
1407 1962 1487 2026 mali
1509 1962 1639 2045 culpam
1661 1965 1729 2045 ipse
1752 1965 1901 2028 sustinet.
1938 1960 2049 2028 Stulta
2071 1962 2158 2027 enim
2182 1961 2373 2043 querimonia

383 2051 488 2136 piunt.
533 2051 612 2117 Sola
640 2049 771 2133 quidem
792 2046 858 2112 illis
886 2045 994 2111 obstat
1013 2047 1163 2129 impietas
1185 2047 1356 2130 quominus
1405 2056 1437 2112 et
1455 2047 1637 2130 indignatio
1652 2059 1730 2126 erat,
1748 2047 1834 2131 quod
1851 2049 2008 2114 sacrificia
2024 2069 2090 2112 non
2113 2047 2290 2130 placerent,
2307 2066 2375 2130 quo

384 2137 493 2206 Deum
515 2135 576 2202 sibi
604 2135 794 2202 concilient:
824 2132 882 2198 sed
905 2131 1027 2197 vellent
1054 2152 1114 2214 pro
1135 2153 1194 2196 sua
1221 2131 1356 2197 libidine
1407 2155 1480 2198 rum
1504 2134 1618 2198 vitium
1642 2135 1805 2217 corrigere
1828 2155 1895 2198 non
1918 2133 2079 2198 studebat.
2125 2131 2181 2200 Sic
2202 2132 2297 2215 impii
2318 2153 2374 2195 om-

384 2243 458 2289 oum
481 2222 554 2288 Deo
578 2222 706 2306 pacisci.
757 2219 823 2286 Ubi
844 2218 907 2284 hoc
929 2225 1083 2300 negatur,
1105 2217 1227 2283 furiosa
1249 2216 1355 2302 indig·
1408 2239 1482 2295 nes,
1505 2229 1678 2303 postquam
1700 2219 1757 2284 diu
1786 2219 1989 2302 multumque
2019 2227 2132 2284 contra
2154 2217 2264 2283 Deum
2292 2239 2374 2281 erar·

384 2309 517 2374 natione
550 2308 682 2387 ardent,
714 2325 812 2390 qnam
843 2303 1001 2369 adversus
1028 2301 1134 2367 Deum
1165 2312 1355 2388 conceptam
1408 2304 1527 2382 serint,
1552 2306 1682 2370 tandem
1705 2306 1767 2371 Dei
1797 2305 1916 2370 iudicio
1939 2313 2179 2387 coarguuntur,
2203 2314 2241 2368 ut
2263 2305 2375 2368 frustra

384 2395 419 2459 in
444 2394 514 2460 eius
536 2393 620 2459 filios
642 2398 808 2458 evomunt.
853 2388 906 2453 Ita
924 2409 1024 2471 quum
1046 2387 1119 2453 Deo
1143 2389 1249 2454 iratus
1271 2397 1357 2454 esset
1408 2391 1486 2454 mali
1509 2411 1639 2456 causam
1659 2389 1723 2454 alic
1751 2411 1931 2456 exonerare
1952 2391 2094 2473 cupient.
2141 2389 2262 2454 Graeci
2285 2390 2375 2452 intar-

385 2479 478 2556 Oain,
512 2478 619 2545 rabies
652 2479 721 2544 eius
742 2478 778 2542 in
811 2475 945 2540 fratrem
981 2475 1151 2539 innoxium
1177 2476 1281 2540 effusa
1297 2484 1355 2540 est.
1409 2487 1517 2560 pretes
1547 2476 1608 2541 hoo
1636 2473 1704 2541 loco
1740 2477 1852 2558 procul
1879 2476 2075 2542 recedunta
2104 2477 2249 2558 genuino
2281 2473 2375 2539 Mosis

385 2564 482 2647 Quod
521 2565 600 2630 dicit
631 2565 757 2640 Moses,
795 2562 914 2627 uadum
952 2560 1020 2626 ciue
1057 2561 1226 2626 concidisse
1266 2559 1356 2646 (nam
1409 2583 1517 2627 sensu.
1561 2560 1674 2643 Quum
1698 2561 1807 2626 nullae
1836 2572 1946 2628 essent
1967 2561 2023 2626 illo
2049 2560 2179 2626 saecule
2210 2569 2308 2625 notae
2328 2558 2375 2622 vel

383 2651 521 2733 pluralis
543 2669 699 2716 numerus
720 2647 808 2732 apud
818 2645 988 2712 Hebraeos
1006 2645 1040 2708 in
1063 2645 1125 2712 hoc
1148 2647 1279 2710 nomine
1298 2667 1357 2729 pro
1411 2657 1533 2730 puncta
1561 2647 1678 2730 quibus
1701 2647 1843 2714 Hebraei
1861 2669 1920 2730 pro
1942 2646 2109 2713 vocalibus
2132 2657 2290 2724 utantur,
2312 2665 2376 2727 pro

384 2735 544 2820 singulari
555 2733 694 2821 capitur)
705 2733 876 2818 significat,
889 2751 956 2796 nou
967 2730 1074 2796 subito
1086 2740 1216 2796 tantum
1227 2732 1356 2798 iracun·
1409 2734 1524 2799 clivior
1551 2733 1587 2796 in
1617 2753 1731 2799 vocum
1772 2733 1931 2799 affinitate
1963 2736 1996 2797 in
2029 2743 2222 2798 extraneum
2250 2750 2376 2796 sensum

385 2820 457 2888 diac
479 2823 608 2888 fervore
629 2821 730 2886 fnisse
751 2825 960 2901 corruptum,
983 2814 1040 2881 sed
1064 2815 1182 2883 aluisse
1203 2839 1245 2882 ex
1268 2817 1358 2882 lenta
1409 2820 1471 2885 fuit
1488 2819 1608 2901 lapsus.
1653 2818 1841 2897 Caeterum,
1860 2819 1937 2902 quia
1956 2819 1995 2884 de
2017 2839 2129 2883 eorum
2151 2837 2262 2882 errore
2280 2815 2377 2881 cuivis

384 2907 518 2973 tristitia
558 2907 740 2991 malignum
770 2904 941 2982 affectum,
975 2913 1012 2966 ut
1047 2901 1150 2968 livore
1188 2902 1356 2969 contabes-
1409 2906 1443 2970 iu
1467 2904 1580 2986 lingua
1608 2902 1758 2970 hebraica
1782 2903 1988 2971 mediocriter
2012 2913 2142 2970 versato
2163 2924 2231 2967 non
2252 2899 2376 2966 difficile

386 3003 483 3060 ceret.
1409 2989 1564 3056 iudicium
1583 2998 1641 3069 est,
1654 2989 1688 3055 iu
1701 2991 1771 3056 eius
1783 2991 1975 3056 refutatione
1994 3011 2060 3054 non
2078 2990 2236 3055 insistam.
2275 2987 2376 3068 Quan-

471 3080 500 3144 6.
524 3078 619 3144 Dicit
639 3077 799 3144 Dmiaue
818 3074 861 3140 ad
880 3071 969 3140 Gaia.
1014 3072 1110 3138 Nunc
1127 3075 1218 3138 Deus
1240 3094 1356 3159 aggre-
1408 3097 1507 3158 quam
1534 3084 1568 3140 et
1589 3075 1721 3159 linguae
1750 3075 1921 3142 hebraicae
1952 3077 2049 3159 periti
2071 3097 2136 3140 non
2159 3095 2276 3157 parum
2299 3074 2379 3136 inter

385 3163 473 3230 ditur
502 3165 609 3247 ipsum
638 3163 737 3240 Cain,
767 3163 910 3244 citatque
938 3158 979 3224 ad
1009 3181 1103 3224 suum
1132 3158 1291 3238 tribuual,
1321 3167 1357 3224 ut
1409 3182 1444 3227 se
1466 3161 1671 3242 dissentiunt,
1690 3162 1849 3226 duntaxat
1866 3161 1972 3244 quoad
1993 3182 2092 3226 unam
2112 3181 2241 3228 vocem:
2266 3156 2377 3225 Graeci

383 3250 548 3334 intelligat
587 3251 686 3315 miser
725 3247 809 3312 nihil
844 3267 880 3311 se
924 3245 1080 3330 proficere
1118 3243 1355 3310 tumultuando.
1409 3247 1497 3311 enim
1520 3257 1621 3312 totam
1644 3247 1841 3312 sententiam
1862 3255 2001 3312 mutant.
2045 3246 2113 3312 Sed
2136 3247 2221 3310 inter
2242 3265 2323 3328 quos
2344 3241 2378 3306 de

385 3335 468 3401 Vult
486 3337 556 3402 suis
578 3335 744 3401 sacrificiis
770 3332 882 3398 haberi
912 3330 1084 3396 honorem:
1107 3331 1271 3413 quianon
1294 3333 1354 3396 im·
1409 3341 1564 3400 contextu
1596 3340 1629 3398 et
1662 3353 1789 3397 summa
1821 3332 1977 3398 orationis
2010 3332 2177 3408 convenit,
2213 3330 2378 3396 dissidium

383 3429 501 3505 patrat,
533 3423 652 3488 furiose
684 3419 847 3486 irascitur.
900 3416 1038 3481 Interim
1072 3437 1137 3480 non
1170 3417 1291 3500 cogitat
1323 3437 1357 3482 sc
1409 3427 1458 3484 est
1480 3416 1520 3483 de
1542 3417 1640 3484 verbo
1662 3432 1740 3486 ιιιιῑ)
1758 3418 1843 3501 quod
1862 3429 1912 3484 est
1931 3417 2061 3501 quidem
2079 3417 2266 3500 imperativi
2290 3411 2380 3489 modi,

384 3508 517 3592 propria
549 3508 646 3591 eulpa
690 3526 758 3571 non
788 3525 858 3569 esse
892 3504 958 3568 voti
991 3511 1188 3585 compotem,
1221 3523 1296 3567 nam
1330 3501 1358 3566 si
1409 3502 1523 3569 sedin
1552 3503 1794 3570 substantivum
1824 3525 1957 3570 nomen
1976 3502 2095 3569 resolvi
2120 3503 2226 3569 debet.
2272 3501 2379 3582 Neque

384 3594 508 3659 malum
570 3593 764 3659 intestinum
814 3595 1021 3673 agnosceret,
1084 3587 1150 3651 iam
1198 3587 1359 3653 desineret
1410 3589 1541 3656 veroin
1561 3611 1599 3654 eo
1621 3599 1672 3654 est
1694 3589 1810 3670 nodus,
1832 3589 2011 3673 sedquum
2046 3587 2181 3655 verbum
2204 3601 2273 3656 atat]
2297 3604 2380 3650 nunc

383 3677 593 3761 expostulare
631 3698 707 3743 cum
745 3676 831 3754 Deo,
871 3682 904 3738 et
942 3673 975 3738 in
1015 3672 1151 3738 fratrem
1189 3674 1359 3739 innoxium
1410 3675 1536 3756 levare,
1571 3696 1658 3740 nunc
1689 3675 1804 3740 tollere
1840 3675 1892 3740 vel
1930 3675 2112 3754 remittere,
2149 3694 2237 3739 nnnc
2268 3672 2380 3737 offerre

384 3766 501 3830 furere.
547 3763 719 3844 Quomodo
747 3762 898 3844 loquutus
917 3759 961 3824 sit
979 3757 1085 3838 Deus,
1114 3779 1180 3823 non
1205 3759 1359 3842 exprimit
1409 3781 1497 3825 nuno
1526 3761 1672 3843 accipere
1704 3762 1881 3844 significet,
1915 3768 1952 3826 ut
1983 3761 2118 3843 quisque
2147 3759 2209 3824 hoc
2242 3759 2298 3822 vel
2329 3755 2380 3821 illc

384 3850 512 3915 Moses:
541 3850 612 3914 sive
639 3849 748 3915 oblata
775 3847 872 3910 fuerit
909 3845 1007 3923 visio,
1045 3845 1115 3910 sive
1147 3843 1313 3910 oraculum
1342 3867 1360 3910 ε
1409 3868 1507 3912 εειιειι
1530 3847 1671 3928 exponit,
1694 3846 1738 3910 ita
1759 3846 1846 3910 inter
1867 3868 1902 3911 se
1924 3859 2036 3911 omnes
2053 3846 2194 3911 variant.
2239 3843 2381 3926 Quidam

386 3935 475 4001 coelo
506 3934 663 4011 audierit,
691 3934 760 3999 sive
788 3951 907 3996 arcana
936 3930 1146 4014 inspiratione
1176 3930 1275 3994 fuerit
1302 3929 1359 3994 ad·
1410 3953 1451 3997 ex
1484 3932 1669 3998 doctoribus
1693 3933 1852 3997 Hebraeis
1880 3932 1920 3998 ad
1950 3931 2080 3996 vultum
2110 3933 2273 4006 referunt,
2298 3927 2379 3994 acsi

387 4021 545 4085 monitus:
575 4019 679 4088 sensit
703 4017 813 4082 divino
841 4037 876 4082 se
901 4015 1019 4082 iudicio
1045 4016 1234 4099 constringi.
1279 4017 1359 4080 Tra-
1409 4017 1555 4082 futuram
1575 4019 1645 4082 eius
1666 4017 1862 4084 levationem
1880 4019 1971 4084 Deus
1993 4018 2206 4101 promitteret,
2228 4017 2286 4098 qui
2309 4025 2382 4078 tunc

386 4105 466 4172 herc
485 4105 546 4170 hoc
564 4107 605 4172 ad
627 4125 800 4188 personam
824 4100 930 4176 Adae,
953 4102 1038 4184 quod
1063 4101 1124 4166 Dei
1148 4101 1305 4184 propheta
1327 4111 1360 4168 at
1411 4125 1558 4168 moerore
1588 4103 1732 4168 deiectus
1762 4115 1842 4168 erat.
1895 4102 1963 4168 Alii
1991 4125 2032 4168 ex
2057 4103 2220 4168 Hebraeis
2245 4101 2381 4166 trahunt

378 4193 549 4275 interpres
577 4191 735 4257 fueritin
767 4186 932 4272 arguendo
957 4187 1038 4264 filio,
1061 4195 1207 4252 coactum
1230 4199 1288 4264 εει,
1311 4198 1359 4252 at·
1411 4188 1452 4254 ad
1481 4190 1707 4254 remissionem
1746 4200 1965 4272 peccatorum:
1999 4209 2037 4254 ac
2068 4191 2096 4254 si
2136 4189 2259 4254 dictum
2290 4191 2381 4259 esset,

379 4298 451 4362 que
482 4277 580 4343 etiam
610 4276 776 4361 frigidum.
832 4274 937 4337 Audio
969 4272 1044 4422 quid
1073 4272 1253 4337 obtendant
1285 4274 1360 4338 boni
1412 4275 1554 4341 Benefao
1576 4289 1610 4338 et
1632 4275 1760 4340 veniam
1783 4273 1981 4358 impetrabis.
2027 4271 2094 4340 Sed
2115 4275 2193 4357 quia
2218 4273 2266 4337 illi
2290 4273 2381 4336 satis·

386 4364 462 4440 viri,
485 4384 543 4429 neo
567 4363 685 4428 minori
709 4361 831 4444 pietate
852 4379 949 4441 quam
994 4358 1117 4424 cetrina
1137 4357 1282 4440 praediti,
1303 4360 1360 4442 qui
1411 4360 1583 4426 factionem
1611 4359 1835 4443 imaginantur
1855 4381 1938 4443 quas
1962 4361 2125 4445 gratuitae
2146 4359 2263 4424 veniae
2294 4358 2383 4422 dero·

386 4450 509 4517 talibus
531 4448 724 4516 commentis
744 4445 878 4510 ludunt:
901 4445 967 4510 illis
989 4445 1023 4508 in
1042 4445 1150 4508 animo
1173 4452 1223 4509 est
1243 4465 1360 4509 ornare
1413 4459 1478 4530 gat,
1501 4446 1599 4530 longe
1621 4447 1761 4523 aMosis
1783 4468 1881 4512 sensu
1904 4445 2071 4511 dissident.
2106 4446 2247 4528 Propius
2269 4444 2313 4507 ad
2332 4462 2381 4507 vc·

381 4547 563 4600 externum
589 4534 681 4600 verbi
708 4531 944 4608 ministerium,
972 4549 1148 4612 ausamque
1175 4530 1361 4614 praecidere
1412 4555 1485 4597 rum
1504 4531 1629 4598 accedit
1650 4531 1749 4598 tertia
1770 4533 1937 4614 expositio,
1962 4533 2158 4597 levationem
2181 4553 2240 4614 pro
2263 4529 2384 4594 honore

389 4621 531 4688 Satanae
560 4619 762 4704 praestigiis,
785 4637 866 4700 quas
892 4616 1015 4681 scilicet
1036 4616 1096 4681 sub
1124 4615 1359 4680 revelationum
1412 4619 1522 4700 accipi,
1545 4617 1579 4682 in
1603 4618 1690 4683 hunc
1712 4617 1858 4683 modum:
1884 4617 1954 4682 Non
1977 4628 2028 4684 est
2055 4616 2142 4700 quod
2164 4619 2313 4681 fraterno
2332 4614 2383 4677 ho·

386 4707 494 4774 colore
523 4707 679 4772 insinuat.
730 4703 895 4786 Equidem
924 4701 1007 4766 nihil
1029 4723 1099 4767 esse
1124 4701 1237 4766 utilius
1259 4702 1361 4766 fateor
1412 4705 1485 4769 nori
1507 4703 1671 4784 invideas,
1693 4704 1770 4786 quia
1791 4705 1819 4772 si
1839 4711 1873 4768 te
1894 4713 1981 4770 recta
2009 4705 2166 4787 gesseris,
2189 4703 2223 4766 in
2245 4699 2384 4766 eundem

390 4813 487 4876 quam
508 4793 569 4858 sub
588 4791 702 4856 ordine
721 4787 1247 4872 praedicationisscripturaeque
1268 4787 1360 4853 obse·
1413 4789 1547 4854 honoris
1577 4788 1712 4874 gradum
1744 4803 1776 4852 ιε
1808 4809 1935 4872 quoque
1957 4789 2075 4854 evehat
2098 4789 2198 4865 Deus,
2219 4788 2276 4870 qui
2301 4804 2385 4850 nunc

388 4879 463 4960 quio
485 4879 643 4944 contineri
666 4878 737 4960 pias
756 4886 893 4949 mentes,
915 4895 956 4937 ne
976 4871 1040 4936 Dei
1059 4873 1195 4938 verbum
1217 4874 1249 4938 in
1274 4895 1362 4939 erra·
1412 4877 1479 4941 tuis
1501 4876 1642 4959 peccatis
1664 4875 1808 4940 offensus
1829 4875 2031 4958 ignominiae
2052 4873 2235 4938 damnavit:
2266 4871 2327 4936 sed
2350 4888 2387 4932 ne

389 4964 465 5029 ticis
493 4963 770 5046 speculationibus
794 4967 962 5041 quaerant.
1008 4955 1073 5024 Sed
1102 4959 1362 5024 animadvertere
1412 4960 1493 5028 haec
1515 4961 1645 5044 quidem
1669 4960 1750 5024 mihi
1771 4961 1936 5044 probatur.
1981 4958 2143 5025 Subtilius
2166 4958 2223 5024 alii
2243 4957 2386 5040 philosc

387 5049 475 5124 licet,
496 5048 637 5114 oraculis
655 5047 818 5131 proditum
837 5045 936 5109 fuisse
956 5043 1018 5108 Dei
1041 5043 1176 5110 verbum
1199 5044 1239 5109 sb
1260 5045 1363 5126 initio,
1414 5047 1569 5132 phantur,
1591 5047 1677 5130 quod
1697 5046 1869 5112 habiturus
1886 5049 1929 5111 sit
1940 5045 2025 5111 (lain
2038 5047 2143 5112 Deum
2161 5044 2387 5128 propitium,et

390 5144 428 5200 ut
450 5142 563 5217 postea
592 5153 789 5217 parmenus
811 5131 980 5195 hominum
1004 5131 1267 5195 administratum
1290 5131 1364 5215 plus
1415 5135 1486 5198 eius
1504 5135 1610 5215 gratia
1627 5131 1847 5198 sublevandus
1870 5133 1922 5212 sit,
1945 5133 1971 5196 si
1994 5130 2121 5197 erfida
2144 5132 2259 5195 afferat
2284 5127 2389 5196 cordis

388 5220 594 5286 reverentiae
618 5219 762 5284 haberet.
806 5216 927 5281 Fateor
948 5216 1045 5280 etiam
1068 5216 1160 5281 Adae
1182 5216 1363 5283 iniunctam
1415 5219 1591 5302 puritatem
1620 5239 1696 5284 cum
1721 5219 1866 5284 externis
1887 5217 2067 5294 sacrificiis,
2093 5217 2213 5300 quibus
2234 5235 2299 5300 ego
2322 5215 2389 5298 qui·

390 5305 492 5372 fuisse
522 5303 658 5370 docendi
680 5302 895 5387 provinciam:
924 5322 1029 5383 neque
1052 5298 1165 5367 dubito
1186 5302 1265 5385 quin
1290 5323 1365 5368 suos
1416 5303 1490 5370 dem
1512 5304 1666 5389 permitto
1686 5324 1786 5370 sonsu
1808 5325 1866 5370 suo
1889 5304 1968 5369 frui:
1991 5302 2048 5369 scd
2072 5323 2186 5368 versor
2207 5322 2249 5367 ne
2273 5317 2391 5386 parum
