4988 6192
387 458 454 526 515
1041 461 1411 534 COMMENTARIUS
1433 465 1483 531 IN
1505 463 1717 532 GENESIN.
2312 465 2367 531 516

389 668 479 714 mum
507 646 705 732 detorqueat.
749 647 802 714 Ita
824 648 943 717 vitiosa
964 671 1029 716 usu
1048 659 1214 734 receptum
1236 653 1298 718 fuit
1319 661 1356 719 ιιι
1401 653 1509 735 pontit
1534 671 1584 719 me
1610 653 1646 718 in
1672 651 1845 719 custodiam
1873 651 1983 716 domus
2008 650 2167 733 prinoipris
2195 651 2367 734 satellitum,

389 753 505 800 omnes
524 732 593 799 fere
615 732 667 798 die
685 753 744 800 sna
765 735 868 801 natali
885 735 927 800 ad
948 734 1064 802 luxum
1082 745 1117 803 et
1137 739 1304 822 crapulam
1321 759 1356 806 se
1407 757 1456 804 me
1492 743 1521 802 et
1550 738 1729 822 prinoipem
1759 737 1927 818 pieurum
1987 737 2036 802 11.
2072 735 2118 802 Et
2150 739 2368 806 sanmiaoimus

411 819 598 885 roiioerent:
622 818 760 903 deniqne
781 821 829 887 sio
850 820 990 888 solerent
1012 823 1074 888 Dei
1096 825 1297 902 memoriam,
1320 833 1358 890 ut
1408 824 1562 890 sumntum
1581 827 1664 890 uode
1684 822 1805 900 eodem
1834 842 1888 906 epo
1908 827 1935 887 et
1955 822 2039 904 ipse:
2063 827 2188 906 unque
2208 826 2368 890 semondun

423 925 499 970 enm
510 905 598 971 vitae
615 924 692 971 suae
710 913 865 987 autorem,
883 908 977 991 quasi
992 907 1069 973 data
1085 928 1185 993 opera
1201 909 1358 976 oblivioni
1408 910 1689 991 interpretationem
1719 908 1834 973 soumii
1863 909 1917 973 sui
1947 908 2178 974 somniavimus.
2237 909 2288 974 12.
2323 911 2368 978 m

388 989 515 1056 darent.
1409 999 1510 1060 auen
1530 1000 1599 1061 erat
1624 993 1781 1060 nobiseum
1798 1013 1878 1076 puer
1899 992 2070 1073 Hebraeus,
2092 1015 2201 1060 seruus
2216 996 2368 1080 principis
2457 967 2458 1024 9

475 1075 528 1142 23.
550 1075 596 1142 Ει
615 1096 675 1142 non
695 1079 876 1145 reeordatus
897 1082 943 1144 est
957 1079 1107 1178 princeps
1122 1082 1358 1162 pincernarum.
1408 1080 1583 1160 satettitnm,
1606 1085 1633 1145 et
1652 1079 1858 1145 narravimus
1872 1079 1911 1156 ei,
1933 1080 2196 1162 etinterpretatus
2217 1086 2262 1147 est
2289 1083 2368 1150 nobis
2457 1099 2458 1144 1

388 1161 482 1229 Haeo
519 1163 582 1228 fuit
616 1162 810 1248 mavnsima
841 1162 987 1246 probatio
1019 1165 1198 1247 patientiae
1230 1165 1358 1250 Ioseph,
1409 1168 1530 1232 somnia
1567 1169 1689 1242 nostra,
1728 1165 1851 1246 utrique
1887 1165 2056 1230 seeundum
2090 1167 2248 1232 somnium
2284 1187 2369 1233 suurn
2457 1161 2458 1214 i

389 1247 486 1314 nauti
524 1248 616 1330 prins
650 1250 828 1334 attigimus.
882 1249 968 1316 Nam
1001 1249 1078 1332 qnia
1109 1251 1359 1335 suffragatorem
1409 1252 1628 1332 interpretatus
1655 1255 1708 1316 est.
1753 1249 1803 1315 13.
1827 1249 1871 1315 Et
1895 1248 1974 1331 fuit,
2000 1251 2259 1332 quomadmodum
2285 1254 2369 1319 intor-
2457 1239 2458 1298 ἶ

389 1339 506 1400 nantas
530 1341 614 1413 erat,
645 1334 700 1417 qui
721 1335 812 1402 nullo
833 1335 965 1419 negotio
985 1355 1099 1401 eruere
1120 1337 1228 1419 ipsam
1249 1345 1359 1419 posset
1402 1341 1550 1418 probatus
1570 1341 1615 1402 est
1634 1334 1739 1417 nobis,
1760 1337 1807 1402 sio
1824 1336 1904 1418 suit:
1929 1355 1978 1400 ma
1998 1335 2102 1402 redire
2121 1335 2195 1418 feeit
2215 1339 2260 1404 ad
2279 1339 2370 1404 ham
2457 1393 2458 1402 ,

390 1439 432 1484 ex
460 1439 605 1498 aaroere,
639 1422 831 1503 praesertim
860 1421 937 1504 quia
967 1421 1123 1489 divinitus
1150 1422 1259 1490 oblata
1288 1431 1359 1488 erat
1408 1441 1526 1500 meum,
1551 1423 1705 1502 etipsum
1732 1421 1901 1502 nospendit.
1947 1420 1996 1486 14.
2021 1421 2110 1487 Tune
2129 1424 2217 1488 misit
2239 1422 2368 1504 Pharao,
2457 1421 2458 1492 t

389 1503 471 1570 haee
492 1506 631 1571 oaoasio:
657 1514 746 1572 oerta
764 1507 879 1573 salutis
899 1507 1019 1573 fidnoia
1039 1515 1211 1593 oannepta,
1234 1507 1269 1572 in
1291 1508 1357 1573 sin·
1409 1513 1438 1574 et
1470 1507 1630 1574 aaursimt
1660 1506 1789 1590 Ioseph,
1827 1511 1856 1572 et
1891 1505 2027 1571 oehriter
2059 1508 2230 1574 oduoerurot
2259 1529 2370 1576 mmo

389 1589 485 1674 gulas
512 1590 611 1657 horas
639 1592 785 1658 intentus
812 1601 892 1658 erat.
937 1591 1004 1660 Sed
1025 1592 1103 1660 dnm
1124 1593 1166 1660 ad
1189 1591 1359 1659 biennium
1407 1613 1542 1670 ooroero,
1574 1597 1602 1657 et
1633 1593 1761 1658 totondit
1788 1611 1839 1670 se,
1872 1597 1901 1658 et
1930 1592 2062 1658 nuovo
2092 1597 2190 1660 uestes
2219 1615 2315 1672 suas,
2345 1602 2369 1661 et
2457 1591 2458 1606 ¹

390 1695 491 1759 usqne
523 1696 699 1760 suspensus
727 1687 854 1758 manet,
881 1698 948 1743 non
975 1678 1070 1745 modo
1098 1679 1263 1746 evanescit
1284 1698 1359 1761 spes
1406 1681 1491 1744 venit
1527 1677 1570 1744 ad
1609 1676 1816 1743 Pharaonern.
1874 1675 1922 1742 15.
1963 1676 2008 1742 Et
2042 1679 2127 1744 diait
2164 1678 2296 1746 Pharao
2333 1682 2371 1746 od
2457 1679 2458 1686 ’

389 1759 462 1838 illa,
495 1761 553 1827 sed
585 1763 689 1828 maiar
721 1784 817 1846 qnam
873 1764 943 1831 rius
975 1763 1157 1848 desperatio
1187 1765 1357 1830 inoumbit.
1409 1762 1539 1846 Ioseph:
1562 1761 1725 1830 &mnium
1746 1763 1910 1840 somniavi,
1933 1767 1962 1828 et
1982 1763 2039 1844 put
2058 1763 2140 1829 ittud
2159 1765 2370 1850 tuapreaor
2457 1771 2458 1782 ¹

389 1845 481 1932 nego
509 1847 545 1912 in
572 1848 642 1914 eins
671 1869 810 1932 persone
861 1870 994 1916 ooemnr
1020 1871 1148 1928 omnes,
1175 1849 1260 1915 nihil
1288 1869 1358 1916 esse
1408 1870 1470 1916 non
1497 1854 1556 1915 est:
1587 1869 1640 1934 epo
1670 1853 1774 1914 autern
1800 1848 1913 1913 audiui
1939 1847 1977 1913 de
2005 1854 2033 1914 te
2058 1849 2124 1915 diei
2150 1852 2233 1932 parad
2260 1854 2370 1918 audias

389 1933 496 2018 magis
534 1944 777 2017 praeposterum
820 1955 918 2019 quam
958 1933 1022 2000 Dei
1065 1935 1188 2002 anxilio
1230 1944 1359 2018 tempus
1407 1936 1563 2002 sommium
1584 1935 1627 2000 od
1654 1934 1918 2015 interpretandum
1939 1933 2030 2000 iliud.
2076 1935 2126 2000 16.
2149 1935 2194 2002 Et
2218 1939 2371 2019 respondit
2457 1937 2458 1980 t

388 2018 624 2102 praesoribere,
647 2021 703 2104 qni
724 2020 872 2088 oonsulto
901 2021 1001 2087 anxia
1019 2020 1263 2105 exspectatione
1284 2042 1359 2086 snos
1409 2020 1523 2105 Ioseph
1554 2020 1597 2086 ad
1626 2018 1838 2097 Pharaonem
1872 2019 2017 2086 dicundo:
2052 2019 2182 2086 Praetor
2211 2041 2261 2088 me
2292 2023 2371 2090 aas
2457 2069 2458 2072 κ

389 2103 446 2170 dia
467 2105 646 2188 suspendit,
667 2115 706 2172 ιιι
722 2107 793 2189 ipso
815 2108 1039 2191 experimento
1061 2127 1137 2174 aare
1158 2108 1264 2174 saiant
1279 2105 1359 2190 qnid
1408 2105 1599 2189 respondebit
1617 2105 1653 2170 in
1673 2125 1784 2186 paoem
1806 2104 1997 2170 Pharaonis.
2043 2106 2097 2190 17,
2118 2106 2206 2172 Tune
2234 2107 2372 2191 loquutus
2457 2103 2458 2194 ᾗ

389 2189 433 2256 sit
454 2209 596 2275 sperare.
641 2191 736 2257 Adde
757 2192 842 2276 quad
862 2192 925 2260 hoo
951 2193 1046 2258 modo
1074 2192 1212 2277 gloriam
1240 2191 1358 2258 libera·
1409 2197 1454 2258 est
1484 2190 1612 2257 Pharao
1638 2191 1682 2256 ad
1709 2189 1837 2274 Ioseph:
1869 2189 1923 2256 Me
1948 2193 2120 2258 soumiante
2147 2211 2225 2272 eoae,
2259 2193 2371 2260 whom

388 2274 488 2342 tionis
498 2275 620 2360 Ioseph
637 2276 699 2342 sibi
716 2277 824 2360 palam
840 2277 1108 2344 assererevoluit.
1142 2278 1228 2343 Nam
1239 2278 1268 2343 si
1286 2278 1358 2361 pin·
1409 2279 1500 2343 iusta
1519 2277 1625 2358 ripam
1649 2275 1802 2356 flamiam.
1848 2276 1897 2343 18.
1920 2274 1966 2340 Et
1985 2293 2060 2355 eoae,
2089 2282 2118 2343 et
2145 2277 2312 2358 edumine
2329 2299 2372 2345 ae
2457 2323 2458 2358 ι

390 2381 509 2428 aetnae
527 2361 841 2445 depreeationedata
855 2364 905 2429 illi
922 2364 1162 2442 essetlibertas,
1181 2363 1360 2448 vatgoore·
1409 2361 1575 2429 condebant
1594 2365 1707 2444 septem
1727 2381 1836 2428 oaooao
1861 2362 1998 2445 pinpues
2029 2379 2140 2439 oanu,
2173 2368 2203 2429 ot
2227 2364 2372 2446 pulchrae
2457 2371 2458 2408 t

391 2447 498 2513 ditum
515 2447 630 2514 inisset
646 2448 787 2515 hominis
805 2450 1009 2528 beneficium,
1029 2470 1097 2515 nan
1108 2450 1181 2528 Dei,
1199 2449 1261 2514 hoa
1278 2468 1358 2514 esea.
1408 2449 1526 2532 fumo,
1550 2453 1580 2513 et
1596 2445 1765 2530 pasoebont
1783 2448 1818 2512 in
1839 2451 1961 2516 sareda.
2007 2447 2057 2513 19.
2078 2448 2157 2515 ane
2173 2469 2246 2516 aero
2266 2457 2374 2532 septem

390 2531 567 2600 Caeterum
583 2533 670 2616 qnod
687 2532 888 2603 dioitMosse
904 2537 1094 2619 pinsemam
1111 2533 1249 2600 oblitum
1260 2534 1360 2600 fnisse
1409 2553 1520 2601 oaeaae
1546 2533 1630 2599 attae
1654 2531 1858 2599 ascendebant
1877 2536 1952 2614 post
1983 2553 2037 2598 eas
2066 2539 2186 2615 tmues,
2217 2541 2248 2601 et
2275 2541 2375 2618 turpes

390 2617 496 2701 ipsius
512 2617 641 2702 Ioseph,
663 2620 710 2686 sio
730 2621 850 2704 aaoipe,
870 2619 957 2705 qaod
978 2641 1043 2686 non
1065 2641 1165 2686 ansas
1187 2630 1237 2686 est
1257 2619 1359 2686 ullam
1409 2619 1514 2704 sunna
1533 2617 1631 2695 ualde,
1653 2623 1682 2684 et
1702 2623 1806 2684 annes
1827 2637 1935 2684 earne:
1955 2637 2018 2683 non
2037 2619 2105 2685 aidi
2125 2621 2246 2687 sinodos
2262 2621 2331 2688 iltis
2344 2621 2376 2685 in

390 2703 462 2770 eine
492 2705 692 2770 mentionem
720 2704 843 2786 haara,
876 2726 919 2772 ne
947 2705 1026 2789 quid
1056 2703 1198 2772 invidiae
1224 2706 1358 2784 subiret,
1410 2709 1473 2771 tota
1492 2709 1575 2771 terra
1592 2704 1729 2789 Aepppti
1748 2705 1783 2770 in
1804 2702 2005 2786 turpitudine
2049 2701 2101 2770 20.
2123 2705 2168 2770 Et
2188 2707 2376 2774 annena
2457 2721 2458 2770 ι

390 2789 444 2855 val
466 2789 621 2858 molestas
642 2799 728 2857 esset
748 2793 813 2876 ipsi
833 2793 912 2875 regi.
955 2791 1028 2856 Hos
1054 2792 1143 2856 enim
1172 2791 1287 2858 auliois
1308 2812 1359 2858 so·
1410 2809 1522 2858 oaeoae
1538 2794 1686 2856 tenuoset
1706 2794 1820 2871 turpes,
1841 2793 1956 2870 septem
1971 2808 2083 2856 oooeas
2092 2792 2220 2872 priores
2235 2793 2374 2876 pinpuee
2457 2803 2458 2858 t

390 2875 491 2941 lanne
511 2883 576 2956 est,
607 2875 729 2960 perfide
755 2877 903 2944 insontes
923 2876 1074 2961 prodere,
1107 2882 1141 2943 at
1161 2877 1270 2960 potins
1292 2885 1358 2942 tra·
1410 2876 1462 2943 21.
1486 2875 1530 2941 Et
1548 2879 1695 2942 nunaunt
1716 2874 1758 2940 ad
1777 2875 1928 2942 interiora
1948 2881 2195 2956 eorumdum
2217 2883 2264 2943 ost
2284 2877 2376 2962 eopni
2457 2919 2458 2924 κ

392 2960 470 3028 dere
500 2961 695 3048 iugulandos
727 2981 824 3046 qnam
853 2971 891 3029 ut
922 2962 1091 3028 offendant
1116 2983 1170 3028 eos
1197 2983 1216 3028 a
1243 2962 1360 3047 quibus
1411 2969 1479 3028 tum
1506 2963 1587 3044 quod
1612 2960 1764 3028 oenusont
1790 2959 1834 3026 ad
1859 2959 2011 3026 interiora
2032 2979 2156 3028 aarum:
2184 2967 2214 3029 d
2240 2967 2376 3047 medus
2457 3005 2458 3030 ι

391 3053 553 3114 metuant.
1412 3067 1522 3114 aarum
1542 3047 1647 3127 turpis
1667 3045 1921 3127 quemadmodum
1942 3044 1978 3111 in
1994 3046 2166 3131 principio,
2187 3053 2218 3115 et
2237 3067 2378 3134 superpe-
2457 3083 2458 3090 ι

1410 3133 1514 3216 tauros
1533 3152 1613 3198 sum
1657 3131 1708 3197 22.
1738 3129 1815 3196 Vidi
1838 3135 2002 3214 pradum
2021 3134 2098 3199 dum
2119 3134 2378 3215 somniarmn,et
2457 3181 2458 3184 ,

1412 3238 1493 3299 eoae,
1524 3221 1639 3301 septem
1664 3217 1770 3298 spirae
1797 3215 1997 3316 ostentabant
2015 3218 2052 3284 in
2071 3219 2257 3318 admouuno
2273 3219 2379 3302 pocae

745 3388 1012 3456 ananam.
1179 3438 1182 3448 ,
1412 3301 2378 3490 ἶμὲιὼὴιῖιαῖρὲῗιιὲωωῧιηῗῖιῗιᾞῗωρραᾞῗ

1413 3476 1465 3542 24.
1488 3473 1533 3540 Et
1552 3474 1589 3540 de
1607 3473 1776 3540 nunaunt
1795 3491 1901 3556 sproao
1929 3477 2034 3540 tenues
2053 3479 2167 3558 septem
2187 3473 2380 3575 spreasput·

479 3559 509 3624 1.
539 3557 654 3624 Verum
672 3558 738 3642 fuit
756 3561 792 3627 in
810 3560 873 3642 (ine
892 3561 1027 3628 duorum
1049 3580 1203 3628 annorum
1224 3559 1363 3626 dierum:
1412 3561 1513 3629 arae.
1619 3558 1690 3624 diei
1710 3559 1753 3626 ad
1772 3577 1894 3644 mopos,
1924 3563 2033 3626 etnon
2057 3560 2122 3644 fuit
2147 3562 2206 3644 qui
2232 3561 2380 3630 irrdsoarot
2457 3617 2458 3624 ,

395 3643 525 3714 Pharao
534 3644 708 3723 suuniaoit,
727 3650 757 3712 et
772 3665 844 3723 eoos,
861 3646 962 3712 stabat
977 3650 1069 3714 innota
1082 3647 1207 3728 flumen.
1236 3645 1267 3711 2.
1285 3644 1365 3711 ane
1413 3645 1501 3713 mihi.
1545 3644 1597 3712 25.
1619 3643 1666 3710 Et
1685 3644 1769 3711 diait
1789 3643 1902 3726 Ioseph
1922 3644 1966 3712 ad
1983 3643 2199 3712 Pharaonem.-
2221 3645 2382 3714 Somnium

394 3735 498 3798 eutem
518 3729 682 3810 ettamine
709 3732 910 3798 ascendebant
935 3739 1049 3816 septen
1079 3752 1188 3802 oaooae
1202 3794 1204 3799 .
1213 3729 1365 3813 putduae
1416 3732 1599 3798 Phoroneis
1637 3749 1737 3796 unum
1767 3734 1828 3795 est:
1866 3749 1947 3812 puae
1978 3729 2067 3798 Datos
2103 3731 2197 3814 feeit,
2235 3731 2385 3828 indioaoit

394 3821 537 3899 aspectu,
570 3819 598 3880 ot
623 3817 759 3900 pinques
785 3837 894 3897 eante,
926 3824 954 3884 et
975 3817 1146 3903 pascebant
1173 3819 1209 3883 in
1236 3821 1362 3882 canedo.
1416 3817 1590 3885 Pharaoni.
1634 3815 1685 3882 26.
1707 3814 1829 3914 Septem
1849 3834 1959 3882 uaoeae
1973 3815 2141 3898 prdohrae,
2170 3823 2290 3918 somene
2311 3836 2384 3884 amn
2457 3859 2458 3890 ι

394 3900 870 4088 tnhtt’dtt'tttt?
890 3904 1365 4068 immitem
1413 3899 2386 4068 ii‘tffiiiiimiaiii'i‘iufflawt
2457 3931 2458 4022 ἰ

394 4077 486 4140 onata
506 4089 616 4138 eaooos
633 4093 716 4155 qnae
733 4084 827 4138 erant
848 4076 938 4140 tuoto
957 4077 1065 4157 ripam
1081 4074 1234 4154 fluminis.
1267 4074 1299 4139 4.
1321 4071 1365 4139 Et
1414 4080 1535 4157 herpes,
1567 4073 1763 4140 ascendentes
1782 4077 1857 4155 post
1882 4089 1952 4152 eas,
1985 4077 2098 4156 septem
2126 4074 2207 4140 anni
2238 4075 2386 4142 anna

395 4157 587 4225 mmederuret
613 4178 722 4224 oaeoae
753 4163 860 4240 turpes
891 4166 1032 4242 aspen,
1069 4164 1097 4226 et
1128 4164 1233 4226 tenues
1263 4179 1363 4238 earne,
1414 4165 1528 4244 sepnern
1555 4159 1660 4240 misae
1688 4177 1804 4224 oaouae
1835 4157 1989 4240 arefactae
2013 4158 2117 4238 Euro,
2149 4165 2242 4226 aunt
2273 4163 2386 4242 septen

395 4249 510 4324 septem
525 4262 635 4310 mosas
649 4243 802 4326 podehras
823 4250 950 4327 aspeotu
970 4251 999 4312 et
1013 4246 1158 4330 pinques,
1180 4251 1208 4311 et
1224 4264 1365 4330 euperpa·
1415 4247 1495 4312 anni
1513 4243 1620 4326 famis.
1663 4244 1715 4310 28.
1738 4243 1807 4310 Hoo
1825 4248 1871 4310 est
1893 4243 2019 4310 oubam
2039 4245 2121 4326 quod
2148 4243 2299 4328 hanoea
2318 4263 2385 4311 sun

394 4329 500 4414 faetus
521 4333 566 4394 ost
588 4326 723 4396 Pharao.
769 4329 799 4396 5.
821 4329 945 4397 Deinde
965 4332 1130 4410 dormivit,
1151 4336 1180 4396 et
1199 4331 1367 4396 somniauit
1416 4331 1459 4398 ad
1482 4328 1688 4411 Pharaonem
1709 4331 1791 4412 quod
1810 4327 1902 4396 Deus
1919 4329 2007 4413 fauit,
2029 4331 2133 4397 nidera
2151 4331 2227 4413 feeit
2244 4330 2385 4398 Pharao

395 4415 546 4514 seeundo,
574 4419 603 4478 et
622 4435 700 4495 eoae,
728 4421 841 4498 septem
861 4418 964 4499 spicae
990 4417 1191 4483 ostendebant
1210 4417 1247 4481 tn
1267 4415 1366 4484 auimo
1416 4437 1495 4483 nem.
1549 4415 1601 4516 29.
1632 4414 1712 4518 Eece
1747 4419 1860 4498 septem
1895 4416 1974 4516 anni
2011 4417 2140 4481 ueniunt
2176 4416 2388 4483 abundantiae

394 4501 852 4684 demidii&
877 4501 1241 4686 identidat?
1261 4521 1367 4653 99
1416 4521 1701 4686 itt-'fideii
1716 4501 1980 4685 tutudi„
1994 4500 2388 4654 inmitti-eie

396 4671 621 4755 deplutieerrmt
640 4691 745 4754 spuae
769 4677 886 4750 tenues,
921 4678 1034 4755 septem
1061 4675 1167 4755 spicas
1183 4692 1318 4758 pnnpues
1338 4678 1367 4738 et
1417 4673 1528 4740 damna
1554 4693 1589 4738 ιιι
1615 4677 1699 4737 tona
1725 4673 1876 4756 Aoppptr,
1902 4676 1931 4736 ot
1956 4679 2110 4739 aarum
2133 4672 2238 4756 fames
2264 4679 2388 4740 urrann

390 4756 514 4839 ptenos,
536 4761 565 4820 ot
586 4759 815 4842 eaperpefaotus
834 4764 879 4824 est
900 4758 1044 4840 Pharao,
1066 4763 1095 4825 et
1115 4779 1177 4825 eoae
1197 4760 1364 4824 somnium.
1399 4759 1468 4825 '31.
1504 4757 1570 4826 Nee
1602 4761 1790 4843 ooprusoetur
1828 4753 2023 4824 amedeum
2054 4759 2090 4824 in
2122 4763 2225 4836 tura,
2260 4763 2390 4842 propter

397 4842 428 4908 8.
451 4841 495 4906 itt
513 4841 589 4924 fuit,
611 4863 703 4909 mane
724 4849 931 4910 aonsternatus
952 4850 996 4910 ost
1016 4845 1151 4926 spiritus
1171 4844 1256 4910 eius:
1278 4845 1366 4910 nnat
1414 4845 1531 4927 famem
1568 4844 1673 4927 ipsam
1711 4847 1897 4926 sequentem,
1936 4844 2014 4926 quia
2048 4845 2158 4928 pranis
2196 4844 2259 4910 erit
2293 4843 2386 4910 naida

397 4929 510 5014 ipitur,
531 4932 559 4992 et
579 4929 696 4995 oooaoit
717 4949 819 4995 omnes
839 4950 946 5014 mapos
967 4930 1120 5014 Aepppti,
1141 4933 1169 4997 ot
1189 4949 1294 4996 omues
1313 4949 1366 4996 sa·
1416 4930 1468 4997 32.
1493 4927 1663 5011 Propterea
1689 4948 1759 4995 aero
1787 4929 1934 4994 umatum
1960 4933 2006 4994 est
2030 4931 2186 4995 somnium
2214 4931 2285 5012 ipsi
2310 4929 2389 4995 Pho

391 5015 515 5098 pientes
535 5014 612 5091 eius,
634 5016 824 5081 etnamaoit
842 5014 1035 5081 Pharaonis
1054 5017 1366 5095 somnionnsuum,et
1415 5016 1508 5082 raoni
1536 5014 1658 5082 duabus
1685 5013 1821 5094 mura,
1852 5015 1930 5098 quia
1957 5012 2053 5096 firma
2072 5019 2118 5082 est
2137 5035 2190 5080 res
2210 5037 2233 5081 a
2253 5016 2388 5095 Deae

397 5119 460 5165 non
491 5103 558 5164 erat
589 5119 628 5164 eu
653 5100 699 5164 eis
725 5101 782 5181 qui
811 5101 1066 5185 interpretaretur
1096 5101 1161 5182 ipsi
1190 5099 1364 5168 Pharaoni.
1414 5102 1542 5185 festinat
1558 5099 1647 5167 Deus
1666 5101 1770 5183 faeere
1790 5120 1868 5167 eam.
1913 5099 1965 5166 33.
1990 5099 2085 5166 Nune
2105 5099 2206 5185 ipiterr
2220 5101 2388 5182 moaideat

397 5186 428 5252 9.
451 5184 497 5250 Et
515 5184 659 5266 loquutus
683 5191 728 5250 est
742 5185 892 5268 princeps
906 5187 1133 5268 pincernarum
1154 5187 1197 5253 ad
1219 5185 1365 5253 Pharao·
1417 5186 1547 5253 Pharao
1568 5187 1672 5252 uuum
1686 5186 1887 5268 protendens,
1915 5186 2148 5267 etsapientem,
2174 5189 2388 5253 emeramus

397 5291 483 5349 neon,
512 5270 653 5336 dioondo:
676 5269 807 5336 Peooota
834 5292 903 5339 mea
924 5293 976 5357 epo
997 5273 1109 5339 roduea
1128 5273 1164 5337 in
1184 5273 1365 5338 memmium
1414 5273 1507 5338 ittam
1526 5290 1623 5353 super
1642 5275 1759 5338 unam
1780 5271 1924 5356 Aepppti.
1968 5271 2020 5337 34.
2045 5268 2163 5337 Faaiat
2184 5269 2335 5349 Pharao,
2364 5273 2388 5335 et

398 5354 495 5422 hodie.
540 5356 591 5421 10.
615 5354 743 5422 Pharao
764 5359 868 5423 iratus
888 5364 933 5423 est
952 5362 1058 5425 eontra
1085 5377 1189 5424 seruos
1216 5377 1306 5439 suos,
1337 5363 1366 5423 et
1410 5357 1577 5440 praebunt
1593 5357 1764 5441 waefeotm
1784 5363 2031 5439 superterram,
2056 5357 2249 5440 etpniutam
2265 5363 2390 5440 partos
