4962 6192
334 472 337 482 .
387 419 454 486 cro
1046 413 1418 482 COMMENTARIUS
1441 415 1490 480 ru
1513 413 1728 482 canneru.
2321 411 2374 478 ero
2461 367 2462 448 ἶ

389 610 515 677 centiae
546 607 652 692 legem
685 626 722 672 ao
755 607 980 673 necessitatem
1012 606 1167 688 imponat.
1219 605 1364 670 Tametsi
1416 625 1514 690 qnam
1543 611 1653 670 antem
1681 605 1734 670 hic
1757 605 1849 670 Deus
1877 603 1912 669 iu
1941 604 2052 670 bouum
2080 604 2227 687 mutuose
2260 601 2371 683 dieitur,
2461 653 2462 676 ,

390 704 500 761 antem
528 692 714 759 haedere
741 693 820 758 satis
848 693 953 758 multa
983 690 1199 757 disseruimus
1229 711 1298 774 cap.
1321 688 1364 755 45
1416 692 1493 775 quia
1531 710 1722 773 prosperum
1762 689 1949 772 laetumque
1987 709 2173 756 successum
2212 688 2372 754 mortiferis

389 777 541 846 nonnihil
564 789 674 844 temen
693 800 780 843 nunc
798 799 925 862 quoque
944 787 1088 861 repetere
1107 777 1187 842 utils
1206 777 1279 841 erit.
1314 778 1364 842 Ac
1417 776 1583 861 principiis
1617 797 1658 841 ex
1691 776 1860 858 inopinato
1894 775 2065 840 attulerat:
2098 784 2186 841 recte
2216 784 2321 839 tamen
2345 784 2372 839 et
2461 831 2462 862 ,

389 863 643 950 primoquidem
661 863 805 929 comoda
823 873 873 929 est
893 865 1053 929 sermonis
1077 863 1262 928 diversitas:
1287 882 1363 925 nam
1416 865 1501 928 iuste
1520 861 1631 928 cibum
1648 859 1793 944 reprobis
1810 861 1845 926 iu
1864 881 2037 938 venenum,
2056 861 2162 926 lucem
2173 861 2209 926 iu
2228 859 2371 942 tenebras,

389 972 490 1035 quum
511 951 579 1016 illie
597 949 716 1034 Ioseph
738 950 876 1015 fratrum
901 948 1045 1016 dolorem
1067 949 1170 1014 lenire
1190 960 1222 1013 et
1240 955 1365 1012 metum
1416 968 1564 1013 mensam
1596 949 1631 1013 in
1668 947 1835 1030 laqueum,
1875 947 1975 1014 vitam
2010 945 2216 1029 denique-in
2250 954 2372 1012 mortem
2461 1007 2462 1024 ,

389 1038 500 1103 levare
529 1035 680 1116 studens,
709 1057 820 1101 eorum
849 1037 955 1102 scelus
977 1057 1039 1119 quo
1070 1043 1199 1118 poterat
1228 1033 1364 1099 artificio
1417 1035 1588 1101 convertit.
1626 1033 1662 1099 Si
1682 1033 1722 1099 ad
1741 1041 1868 1098 tantam
1885 1031 2094 1098 altitudinem
2112 1053 2178 1097 non
2195 1033 2372 1114 perveniant
2461 1069 2462 1102 2

390 1131 525 1208 tegeret,
549 1143 635 1188 nunc
657 1121 753 1206 paulo
776 1123 920 1204 apertius
938 1130 971 1186 et
988 1121 1121 1187 liberius
1140 1140 1194 1186 eos
1212 1120 1363 1203 castigat:
1416 1120 1580 1186 humanae
1601 1129 1746 1196 mentes,
1769 1119 1926 1202 mysteria
1948 1139 2031 1201 quae
2053 1139 2119 1184 non
2141 1119 2291 1200 capiunt,
2309 1138 2372 1201 sup

389 1211 472 1274 forte
501 1209 578 1291 quia
608 1229 718 1272 eorum
747 1208 868 1272 astutia
896 1207 1081 1272 offenditur.
1133 1205 1226 1270 Idem
1256 1213 1365 1270 tamen
1412 1206 1546 1289 pliciter
1567 1205 1677 1289 potins
1698 1204 1834 1270 adorent
1854 1225 1952 1287 quam
1969 1204 2105 1290 figulina
2124 1203 2257 1270 vaseula
2278 1223 2372 1286 super·

390 1296 511 1360 retinet
539 1293 750 1376 principium,
779 1313 879 1376 quum
909 1314 1026 1359 arcano
1056 1292 1121 1358 Dei
1147 1291 1280 1358 consilio
1309 1290 1364 1354 de·
1418 1293 1510 1358 biant
1532 1298 1646 1356 contra
1668 1312 1766 1356 suum
1786 1291 1945 1374 opificem.

391 1380 508 1446 ductus
530 1381 573 1445 sit
593 1379 629 1443 in
651 1378 849 1464 Aegyptum,
874 1387 910 1444 ut
929 1376 1085 1444 fratribus
1108 1377 1195 1443 vitas
1216 1375 1366 1441 minister
1503 1378 1554 1442 20.
1585 1377 1625 1444 Ut
1644 1376 1826 1458 vivificaret*
1836 1377 1990 1459 poputum
2014 1395 2126 1440 meum.
2172 1374 2292 1440 Finem
2311 1395 2373 1458 pro·

392 1474 490 1542 esset,
514 1464 576 1530 sibi
597 1464 853 1530 incumbendum
876 1465 911 1529 in
932 1465 994 1530 hoc
1016 1485 1097 1545 esse,
1115 1485 1157 1528 ne
1175 1461 1247 1527 Deo
1268 1462 1365 1527 resis·
1419 1462 1583 1528 videntiae
1595 1463 1658 1528 Dei
1681 1463 1722 1527 ad
1744 1483 1839 1528 suum
1861 1461 2005 1528 officium
2027 1460 2249 1527 accommodat
2262 1459 2373 1543 Ioseph.
2461 1511 2462 1520 ,

390 1558 454 1617 tet:
478 1571 515 1616 ac
539 1551 567 1615 ei
590 1548 727 1628 diceret,
756 1572 854 1633 quum
878 1549 980 1615 vitam
1003 1559 1145 1615 vestram
1167 1549 1260 1614 Deus
1280 1546 1366 1632 apud
1419 1550 1463 1614 Et
1481 1548 1561 1616 haec
1584 1548 1742 1614 sobrietas
1764 1547 1948 1613 adhibenda
1966 1568 2093 1631 semper
2110 1559 2169 1626 est,
2191 1557 2230 1610 ut
2247 1547 2373 1630 quisquis

391 1657 445 1703 me
478 1636 678 1720 deposuerit,
711 1657 771 1720 ego
804 1635 925 1700 bellum
955 1657 1029 1702 cum
1060 1657 1097 1702 eo
1125 1655 1271 1720 gererem
1302 1633 1367 1698 nisi
1419 1635 1527 1700 Deum
1562 1655 1603 1699 ex
1636 1633 1702 1699 alto
1734 1632 1848 1700 mundi
1881 1633 2102 1718 gubernacula
2134 1641 2299 1699 tenentem
2322 1631 2374 1697 lide

390 1723 496 1790 fidelis
524 1743 630 1788 essem
658 1722 728 1787 eius
757 1722 882 1805 gratiae
911 1720 1130 1804 dispensator,
1158 1741 1255 1808 quam
1285 1718 1366 1783 mihi
1419 1721 1613 1804 speculatur,
1633 1740 1668 1786 se
1686 1720 1774 1784 intra
1792 1720 1970 1786 rotationis
1988 1741 2067 1785 suae
2084 1729 2188 1784 metas
2206 1719 2373 1785 conducat:

392 1809 480 1875 dedit
497 1809 532 1872 in
550 1829 694 1872 manum.
729 1805 955 1873 Scitcinterea
971 1809 1059 1872 inter
1075 1828 1178 1890 prava
1195 1806 1366 1870 hominum
1419 1808 1485 1870 imo
1518 1805 1646 1872 arcanis
1668 1803 1731 1870 Dei
1764 1805 1893 1871 iudiciis
1925 1805 2129 1884 admonitus,
2162 1806 2197 1869 in
2225 1805 2374 1886 seipsum

392 1894 527 1962 consilia
559 1904 592 1957 et
624 1890 849 1958 admirabilem
881 1894 944 1958 Dei
984 1894 1143 1958 iustitiam
1183 1890 1366 1974 distinguit,
1419 1890 1602 1968 descendat,
1625 1912 1724 1974 sequa
1742 1892 1782 1956 ad
1804 1892 1946 1958 officium
1969 1892 2127 1957 hortetur.
2164 1889 2262 1972 Quod
2280 1894 2305 1955 ei
2321 1910 2375 1954 non

391 1999 555 2047 summam
588 1999 697 2044 rerum
730 1978 877 2043 omnium
915 1979 1184 2064 gubernationem
1216 1978 1287 2043 Deo
1320 1975 1367 2039 ita
1418 1979 1567 2060 protinus
1589 1987 1724 2061 apparet
1745 1978 1839 2056 ratio,
1861 1975 2044 2044 cavendum
2068 1986 2178 2042 tamen
2202 1989 2253 2040 est
2275 1997 2313 2040 ne
2332 1995 2376 2041 ro·

392 2066 555 2144 tribuens,
588 2073 627 2128 ut
659 2063 785 2129 nullam
814 2085 855 2128 er
887 2063 1057 2129 hominum
1084 2064 1171 2130 vitiis
1204 2061 1366 2129 maculam
1419 2062 1552 2128 litemus
1579 2084 1639 2146 por
1667 2063 1817 2129 confusos
1840 2071 1873 2128 et
1894 2065 2049 2129 erraticos
2078 2063 2251 2140 circuitus,
2281 2083 2377 2144 quen·

391 2150 572 2220 contrahat.
622 2149 778 2215 Venditio
807 2149 927 2233 Ioseph
961 2151 1085 2216 facinus
1116 2148 1307 2232 erudelitate
1335 2156 1368 2211 et
1420 2147 1595 2215 admodum
1623 2149 1758 2216 fanatici
1785 2149 1935 2214 homines
1957 2147 2072 2215 solent.
2117 2147 2216 2230 Quod
2241 2147 2315 2212 dicit
2333 2147 2375 2211 Io·

390 2237 528 2323 pertidia
546 2235 735 2301 detestabile
757 2235 836 2300 fuit:
861 2236 951 2318 atqui
970 2235 1122 2302 venditus
1140 2256 1207 2300 non
1226 2233 1285 2298 fuit
1305 2232 1367 2297 nisi
1420 2235 1502 2318 seph
1524 2257 1560 2300 se
1590 2235 1747 2300 divinitus
1773 2235 1911 2300 electum
1941 2256 2027 2314 esse,
2056 2255 2115 2318 por
2144 2255 2241 2317 quem
2272 2234 2376 2298 multra

390 2323 523 2392 coelesti
550 2320 688 2388 decreto.
732 2321 847 2404 Neque
870 2321 956 2386 enim
985 2322 1091 2388 solum
1120 2319 1245 2404 quievit
1266 2319 1367 2396 Deus,
1420 2321 1561 2406 populus
1584 2331 1751 2401 servetur,
1773 2320 1904 2403 quidam
1926 2319 1966 2384 ud
1990 2319 2172 2404 Aegyptios
2195 2319 2375 2385 extendunt:

393 2419 427 2475 et
449 2408 490 2474 ad
512 2414 642 2490 tempus
660 2407 855 2485 connivens,
884 2407 997 2472 fraena
1025 2406 1194 2472 hominnm
1222 2405 1367 2468 malitiae
1421 2406 1506 2490 quod
1529 2408 1660 2472 tametsi
1683 2428 1750 2472 non
1771 2406 1928 2490 improbo,
1951 2407 2150 2490 restringere
2173 2415 2284 2472 tamen
2304 2405 2377 2471 malo

391 2494 521 2560 laxavit
542 2501 580 2558 ut
601 2492 663 2559 hac
690 2493 856 2559 occasione
879 2502 990 2574 postca
1014 2501 1173 2557 uteretur:
1202 2489 1259 2556 sed
1280 2489 1367 2555 ordi·
1420 2492 1462 2559 ad
1484 2491 1616 2557 domum
1639 2492 1751 2559 Iacob:
1775 2515 1852 2558 nam
1875 2494 1939 2558 Dei
1962 2491 2141 2558 bonitatem
2163 2492 2227 2558 hae
2257 2493 2376 2559 circum·

392 2603 469 2646 nem
491 2577 627 2664 agendi,
657 2599 754 2661 quem
777 2577 906 2643 volebat
935 2588 1059 2643 certum
1087 2579 1256 2660 fixumque
1286 2596 1366 2653 esec,
1420 2579 1542 2644 stantia
1554 2577 1671 2662 Ioseph
1690 2578 1877 2662 amplificat,
1900 2578 1986 2662 quod
2005 2598 2065 2642 sua
2082 2597 2182 2661 opera
2200 2577 2243 2643 ab
2259 2579 2377 2644 interitu

392 2687 451 2733 suo
486 2664 621 2731 arbitrio
654 2663 787 2730 statuit:
820 2664 866 2728 ita
899 2686 975 2730 vere
1005 2675 1037 2728 et
1067 2665 1194 2747 proprie
1225 2662 1368 2728 dicemus
1420 2671 1570 2748 ereptum
1592 2664 1693 2729 fuerit
1714 2664 1866 2730 ecclesiae
1889 2685 2011 2729 semen.
2047 2665 2092 2728 Et
2115 2675 2203 2729 certe
2225 2665 2261 2731 in
2282 2665 2377 2748 paucis

392 2750 530 2818 scelesta
552 2752 690 2816 fratrum
713 2749 870 2832 pactione,
893 2758 926 2814 et
943 2771 1062 2816 arcana
1081 2751 1144 2815 Dei
1162 2748 1369 2833 providentia
1420 2751 1607 2817 homiuibus
1635 2751 1753 2836 ingens
1775 2751 1833 2817 illa
1854 2750 2047 2830 multitudo,
2079 2770 2179 2832 quam
2202 2750 2377 2834 paulopost

392 2837 563 2905 venditum
584 2837 685 2900 fuisse
702 2833 832 2917 Ioseph.
869 2835 944 2901 Non
967 2844 1077 2902 tamen
1100 2835 1175 2902 fecit
1196 2853 1369 2901 commune
1420 2837 1512 2902 Deus
1534 2835 1670 2916 extulit,
1690 2837 1791 2901 vitam
1813 2836 1933 2922 adepta
1954 2845 2020 2916 est,
2043 2837 2135 2902 cuius
2158 2833 2281 2922 alioqui
2301 2843 2377 2900 ante·

393 2943 477 3007 opus
500 2930 537 2987 ιιι
558 2920 734 3004 quidquam
756 2921 847 2986 Deus
875 2923 1083 2988 coniunctum
1115 2920 1166 2986 vel
1189 2919 1287 2984 affine
1310 2919 1369 2983 ha·
1421 2943 1519 3006 qnam
1543 2932 1739 2998 nasceretur,
1762 2924 1961 2990 exstinctum
1984 2932 2070 2989 esset
2091 2943 2213 2988 semen.

393 3010 486 3075 beret
507 3006 674 3091 improbae
690 3027 804 3072 eorum
823 3007 1007 3090 cupiditati:
1031 3008 1108 3090 qnia
1130 3006 1206 3071 dum
1228 3006 1278 3070 illi
1299 3024 1368 3068 ma·
1506 3009 1558 3074 21.
1582 3006 1650 3092 Ego
1678 3009 1764 3074 olum
1790 3029 1852 3074 cos.
1903 3009 1976 3074 Hoc
2006 3028 2083 3074 vero
2112 3008 2236 3074 solidae
2264 3028 2299 3073 ao
2324 3027 2376 3070 non

394 3094 572 3161 chinantur
599 3091 692 3157 fratri
721 3091 875 3173 exitium,
903 3113 1015 3158 eorum
1036 3094 1176 3159 salutem
1198 3111 1215 3156 c
1237 3090 1370 3158 sublimi
1421 3095 1549 3160 fucatae
1572 3094 1844 3161 reconciliationis
1866 3095 1997 3179 signum
2020 3094 2092 3174 fuit,
2115 3115 2181 3159 non
2205 3093 2300 3159 modo
2316 3092 2376 3156 abs·

393 3187 557 3264 procurat.
599 3176 696 3244 Unde
727 3179 825 3244 etiam
859 3179 1055 3264 colligimus,
1088 3178 1223 3263 regendi
1254 3175 1370 3241 mundi
1421 3179 1526 3245 tinere
1547 3201 1567 3245 a
1590 3181 1750 3246 maleficio
1772 3189 1805 3246 et
1827 3200 1930 3260 noxa,
1954 3179 2011 3246 sed
2033 3181 2133 3245 etiam
2155 3180 2290 3246 vincere
2307 3177 2378 3242 bono

394 3266 503 3332 varias
519 3264 569 3329 illi
586 3285 657 3329 esse
674 3265 827 3330 rationes.
860 3265 934 3332 Hoc
955 3264 1085 3348 quidem
1103 3266 1287 3348 promiscue
1305 3269 1370 3328 sta·
1422 3266 1543 3331 malum
1565 3267 1678 3344 sicuti,
1701 3267 1826 3332 Paulus
1853 3267 2010 3350 praecipit
2031 3265 2140 3352 (Rom.
2165 3266 2217 3346 12,
2242 3265 2303 3351 11).
2342 3261 2378 3326 a:

394 3351 555 3417 tuendum
584 3357 650 3426 est,
680 3349 764 3415 nihil
793 3349 857 3416 nisi
878 3373 916 3416 eo
945 3351 1075 3417 volente
1111 3350 1198 3416 fieri:
1228 3349 1305 3432 quia
1337 3356 1371 3412 et
1423 3359 1510 3418 certe
1532 3353 1587 3434 qui
1610 3361 1717 3418 cessat
1738 3353 1772 3417 in
1793 3353 1916 3434 officio,
1946 3374 2047 3435 quum
2078 3351 2212 3417 iuvandi
2243 3355 2378 3434 suppetat

394 3437 565 3504 hominum
593 3435 729 3502 consilia
750 3435 955 3516 moderatur,
985 3444 1018 3502 et
1047 3436 1231 3502 voluntates
1259 3435 1369 3514 flectit,
1422 3439 1575 3518 facultas,
1598 3449 1629 3503 et
1648 3460 1701 3503 res
1718 3460 1812 3522 opem
1831 3439 1901 3505 eius
1919 3439 2057 3522 flagitet,
2075 3436 2138 3504 hoc
2152 3438 2223 3520 ipso
2243 3437 2376 3502 demons-

394 3532 428 3590 et
445 3529 580 3590 conatus
602 3523 702 3587 vertit
718 3522 783 3588 huo
801 3523 852 3588 vel
875 3522 961 3599 illuc,
984 3530 1017 3588 et
1034 3531 1171 3589 eventus
1194 3527 1368 3604 temperat:
1422 3531 1489 3589 trat
1510 3545 1545 3590 se
1567 3545 1634 3589 non
1655 3525 1796 3591 oblitum
1817 3547 1889 3591 esse
1915 3525 2065 3590 iniuriae.
2107 3521 2206 3605 Quod
2227 3523 2299 3588 ideo
2319 3519 2378 3584 dili·

395 3631 511 3677 verum
540 3609 567 3674 si
595 3607 673 3692 quid
702 3617 789 3673 recte
816 3615 848 3673 et
875 3610 962 3674 iuste
995 3608 1175 3691 suscipiunt
1210 3607 1368 3683 homines,
1422 3617 1539 3696 genter
1556 3610 1737 3676 notandum
1756 3619 1815 3691 est,
1836 3611 1913 3694 quia
1929 3611 2030 3694 vulgo
2049 3609 2148 3674 nimis
2165 3607 2275 3674 ieiune
2292 3607 2379 3671 maior

395 3698 486 3761 intus
519 3715 574 3760 eos
607 3695 724 3777 spiritu
757 3713 816 3760 suo
849 3695 918 3778 agit
950 3715 986 3760 ac
1024 3705 1150 3774 movet,
1183 3699 1220 3758 ut
1253 3691 1370 3758 merito
1422 3717 1499 3780 pars
1521 3716 1557 3762 se
1578 3697 1746 3762 remittere
1775 3697 1917 3762 offensas
1945 3695 2074 3775 definit,
2101 3695 2129 3761 si
2151 3715 2220 3759 non
2249 3693 2378 3759 retaliet:

392 3783 518 3847 feratur
546 3779 595 3845 illi
623 3787 790 3862 acceptum
818 3779 976 3863 quidquid
1003 3779 1078 3844 boni
1108 3788 1175 3845 est:
1205 3779 1232 3845 si
1259 3787 1369 3844 autem
1422 3783 1515 3866 quasi
1538 3803 1616 3847 vero
1638 3804 1704 3848 non
1722 3782 1844 3849 sithoc
1867 3781 1987 3859 ulcisci,
2009 3802 2110 3864 quum
2132 3800 2270 3845 manum
2290 3786 2379 3844 retra-

396 3867 502 3933 Satan
524 3875 556 3930 et
578 3865 671 3947 impii
692 3864 861 3944 ebulliunt,
885 3864 1041 3930 ineffabili
1058 3864 1155 3930 modo
1176 3885 1235 3948 per
1256 3884 1370 3930 eorum
1420 3867 1531 3933 himus
1553 3868 1593 3933 ab
1615 3868 1746 3934 auxilio.
1782 3867 1920 3935 Iuvares
1942 3867 2078 3932 fratrem
2100 3867 2127 3933 si
2150 3865 2287 3951 dignum
2307 3863 2379 3931 exis·

396 3974 514 4018 manus
535 3952 582 4015 ita
604 3951 687 4035 agit,
717 3957 754 4015 ut
774 3972 875 4034 penes
896 3952 985 4035 ipsos
1007 3951 1148 4016 resideat
1169 3949 1368 4033 improbitas,
1423 3953 1573 4019 timeres:
1607 3973 1701 4036 opem
1736 3962 1827 4020 tuam
1858 3954 2014 4037 implorat
2048 3953 2084 4018 iu
2113 3953 2321 4030 necessitate,
2350 3963 2380 4012 tu

397 4052 429 4104 st
450 4038 517 4104 illis
534 4037 630 4120 culpa
647 4037 836 4119 imputetur.
870 4035 984 4120 Neque
1002 4038 1090 4102 enim
1108 4036 1148 4101 ad
1171 4034 1370 4120 peccandum
1423 4037 1561 4117 deseris,
1584 4040 1659 4121 qnia
1681 4038 1721 4104 de
1743 4049 1776 4105 te
1799 4040 1884 4106 male
1907 4039 2044 4105 meritus
2065 4046 2132 4103 est:
2154 4038 2235 4122 quid
2257 4037 2314 4102 tibi
2333 4035 2379 4099 ob·

397 4124 533 4207 spiritus
560 4121 718 4204 impulsu,
748 4122 842 4188 sicuti
872 4121 985 4188 fideles
1012 4121 1053 4187 ad
1080 4130 1168 4188 recte
1196 4121 1369 4207 agendum,
1422 4129 1488 4190 stat
1510 4133 1639 4208 praeter
1660 4124 1792 4191 odium?
1815 4127 1905 4208 Ergo
1927 4133 2007 4192 tunc
2029 4122 2160 4189 demum
2186 4122 2379 4209 probabimur

397 4210 565 4284 feruntur,
600 4207 657 4274 sed
686 4207 748 4272 sibi
776 4207 840 4291 ipsi
874 4217 1001 4274 autores
1035 4214 1126 4287 sunt,
1157 4219 1190 4272 et
1211 4209 1371 4274 Satanam
1423 4210 1516 4275 nobis
1533 4231 1553 4275 a
1570 4209 1799 4294 malevolentia
1816 4232 1916 4297 puros
1933 4232 2004 4278 esse
2026 4211 2162 4289 animos,
2184 4211 2213 4275 si
2230 4206 2379 4276 beneficiis

397 4303 580 4378 sequuntur
598 4292 725 4358 ducem.
758 4291 815 4360 Sic
830 4292 983 4358 ridemus
1000 4302 1037 4358 ut
1055 4294 1089 4358 in
1107 4293 1216 4358 media
1231 4293 1371 4376 caligine
1423 4316 1658 4380 prosequemur
1675 4296 1817 4364 hostesa
1835 4298 1953 4380 quibus
1970 4295 2104 4380 indigne
2123 4297 2253 4360 tractati
2271 4312 2378 4360 sumus.

396 4389 529 4446 nostrae
568 4378 751 4461 iniquitatis
789 4378 950 4464 refulgeat
988 4379 1051 4444 Dei
1088 4379 1223 4445 iustitia.
1284 4377 1371 4444 Nam
1422 4381 1551 4448 Dicitur
1569 4381 1682 4464 Ioseph
1698 4384 1741 4449 od
1757 4404 1809 4450 cor
1823 4383 1964 4466 fratrum
1980 4382 2134 4464 loquutus,
2156 4383 2232 4464 quia
2249 4381 2379 4446 suaviter

398 4488 503 4550 neque
525 4465 618 4530 Deus
640 4485 784 4547 unquam
806 4465 892 4530 iusta
914 4464 1032 4549 agendi
1054 4485 1152 4531 causa
1174 4464 1370 4542 destituitur,
1422 4477 1455 4532 et
1482 4467 1586 4533 amice
1613 4488 1668 4534 eos
1696 4469 1913 4554 compellans,
1945 4489 2077 4534 omnem
2110 4466 2177 4532 illis
2205 4464 2379 4549 scrupulum

397 4562 431 4618 et
452 4552 602 4617 homines
623 4571 778 4634 perversa
796 4571 855 4616 sua
877 4551 1026 4616 voluntas
1048 4561 1140 4617 reatu
1162 4550 1368 4634 constringit.
1422 4553 1559 4618 exemit:
1592 4555 1862 4636 quemadmodum
1890 4555 1982 4638 prius
2012 4553 2155 4619 vidimus
2187 4551 2318 4618 Sichem
2342 4549 2378 4612 lo-

398 4637 508 4720 Quum
531 4636 683 4702 audimus
706 4637 814 4701 Deum
844 4637 995 4702 frustrari
1016 4659 1090 4719 spes
1116 4635 1285 4702 hominum
1307 4635 1369 4700 im·
1421 4647 1561 4722 quntum
1592 4661 1662 4705 esse
1693 4640 1733 4706 ad
1755 4661 1811 4706 cor
1833 4639 1939 4719 Dina,
1968 4660 2069 4722 quum
2099 4636 2266 4704 blanditiis
2295 4631 2378 4702 solari

398 4723 516 4808 probas
538 4733 571 4788 ct
593 4722 708 4788 noxias
736 4722 944 4806 cupiditates:
974 4721 1051 4788 hinc
1074 4743 1139 4788 non
1162 4723 1307 4806 vulgaris
1329 4720 1370 4788 ad
1421 4732 1557 4790 conatus
1581 4733 1639 4804 est,
1663 4733 1701 4791 ut
1717 4725 1800 4791 illati
1823 4727 1928 4810 stupri
1950 4725 2132 4802 immemor,
2156 4723 2305 4808 coniugio
2322 4719 2378 4787 ani·

399 4832 459 4876 nos
481 4807 566 4874 redit
587 4808 778 4874 consolatio:
802 4817 953 4893 satagant
975 4810 1062 4873 enim
1085 4817 1121 4874 ιιι
1139 4808 1250 4874 volent
1268 4809 1368 4891 impii,
1421 4831 1512 4875 mum
1534 4809 1697 4877 adiiceret.

399 4895 657 4972 tumultuentur,
690 4893 816 4960 eoelum
844 4894 981 4976 denique
1002 4913 1040 4958 ac
1061 4903 1183 4960 terram
1202 4895 1370 4974 misceant,
1507 4895 1558 4962 22.
1582 4896 1628 4962 Ει
1648 4896 1797 4963 moueat
1815 4896 1936 4978 Ioseph.
1982 4895 2058 4961 Non
2080 4896 2152 4961 sine
2174 4916 2273 4961 causa
2294 4891 2377 4958 refert

399 4981 484 5047 nihil
506 4990 618 5045 tamen
640 4980 816 5071 proficient
834 5003 892 5046 suo
914 4981 1057 5046 fervore:
1086 5002 1146 5047 nec
1168 4981 1264 5044 modo
1287 4981 1369 5045 irriti
1424 4982 1531 5047 Moses
1570 4982 1725 5066 quamdiu
1758 4984 1878 5048 vixerit
1906 4982 2041 5065 Ioseph,
2081 4983 2156 5065 quia
2195 4979 2377 5046 diuturnitas

399 5066 570 5134 concident
590 5085 702 5130 eorum
724 5066 874 5148 impetus,
896 5066 952 5132 sed
970 5066 1005 5130 in
1022 5068 1221 5131 contrarium
1245 5088 1371 5132 succes·
1423 5070 1578 5151 temporie
1596 5069 1768 5135 infractam
1787 5069 1857 5134 eius
1874 5069 2091 5136 constantiam
2110 5066 2229 5134 clarius
2241 5061 2376 5132 ostendit.

398 5175 472 5219 sum
496 5151 684 5226 volventur,
713 5159 749 5216 ut
775 5152 914 5217 salutem
936 5161 1081 5217 nostram
1104 5153 1253 5234 quamvis
1275 5153 1371 5217 inviti
1424 5153 1585 5234 Quamvis
1612 5158 1699 5218 enim
1727 5155 1852 5220 honore
1881 5165 1914 5220 et
1936 5155 2084 5238 potentia
2117 5154 2276 5219 emineret
2306 5152 2376 5215 inter

400 5244 622 5322 promoveant.
674 5235 725 5300 Ita
754 5236 909 5320 quidquid
943 5237 1061 5304 veneni
1090 5237 1229 5320 concipit
1256 5236 1371 5318 Satan,
1424 5241 1611 5324 Aegyptios,
1635 5241 1844 5326 coniungitur
1866 5250 2069 5306 tamencum
2093 5239 2190 5305 domo
2211 5232 2374 5322 patrissui.

400 5325 492 5390 Deus
514 5323 548 5387 in
575 5320 771 5388 medicinam
801 5321 911 5389 electis
938 5322 1008 5388 suis
1032 5328 1201 5406 temperat.
1246 5321 1371 5404 Quam·
1424 5324 1519 5391 Unde
1542 5327 1699 5393 coniicere
1721 5338 1909 5413 promptum
1931 5333 1993 5406 est,
2016 5326 2175 5410 paulatim
2195 5323 2376 5390 valedixisse
