5000 6208
418 396 480 464 291
1075 395 1445 466 COMMENTARIUS
1468 397 1518 464 IN
1540 395 1753 464 GENESIN.
2349 391 2400 454 292

506 582 535 648 9.
555 580 599 647 Ει
619 584 737 650 vocavit
754 582 930 652 sumebat
947 583 1119 652 Abrabam.
1156 583 1242 652 Sunt
1259 583 1315 667 qui
1331 603 1393 667 pu·
1532 586 1582 651 11.
1601 583 1645 650 Et
1661 585 1745 652 atet
1761 582 1933 650 Abrabam.
1969 581 2045 648 Duo
2063 587 2141 646 sunt
2157 580 2256 646 huius
2278 600 2401 662 respon·

419 675 493 733 tant
518 687 629 752 regem
651 666 759 734 Gerar
788 669 828 735 de
851 669 1019 736 Abraham
1041 689 1107 738 nou
1134 670 1302 753 conqueri:
1336 669 1393 736 sed
1444 672 1544 740 sionis
1566 669 1681 754 capita.
1725 669 1810 735 Nam
1833 669 1937 754 primo
1954 689 1990 735 se
2012 677 2101 734 metu
2122 666 2292 732 inductum
2315 665 2401 732 fuisso

419 753 528 836 potius
556 753 670 818 testari
691 774 784 820 suam
814 756 1057 841 poenitentiam.
1103 753 1140 822 Si
1162 765 1274 821 tamen
1294 754 1394 839 probs
1444 759 1564 824 fatetur
1585 766 1624 822 ut
1651 755 1836 840 coniugium
1869 775 1964 821 suum
1987 762 2119 837 tegeret.
2164 750 2293 817 Deinde
2315 771 2400 817 excu-

421 838 634 921 expcndimue
663 839 777 919 verba,
813 841 972 910 confessio
1000 850 1052 908 est
1078 841 1177 906 mista
1208 840 1394 924 expostula-
1445 841 1540 911 sandi
1560 861 1659 908 causa
1680 861 1714 907 sc
1736 841 1911 907 mentitum
1936 839 2037 906 hrisse
2058 847 2164 922 negat.
2208 837 2282 904 Etsi
2305 845 2401 902 autem

420 923 511 989 tioni.
556 922 716 1006 Quamvis
746 935 901 1009 queratur
929 927 1051 994 iniuste
1080 926 1194 993 fecisse
1216 927 1395 1006 Abraham,
1446 929 1563 996 merito
1591 935 1729 994 testatur
1750 925 1918 992 Abraham
1948 946 2013 992 non
2041 923 2248 992 fraudulento
2270 921 2400 1003 consilio,

419 1008 454 1074 in
483 1030 560 1075 sum
588 1017 699 1076 tamen
728 1032 794 1077 non
822 1012 978 1080 transfert
1008 1013 1153 1095 culpam,
1178 1020 1215 1078 ut
1243 1013 1333 1078 omni
1361 1031 1396 1076 se
1446 1035 1505 1080 neo
1527 1021 1564 1080 ιιι
1585 1013 1735 1096 cuiquam
1763 1025 1910 1092 noceret,
1938 1009 2078 1078 ιιιιιιιιι
2099 1010 2139 1075 de
2160 1030 2219 1075 suo
2245 1008 2400 1092 coniugio:

421 1101 515 1160 reatu
534 1094 659 1161 liberet.
696 1098 745 1162 Ac
762 1097 835 1163 iure
853 1099 958 1181 potuit
975 1099 1110 1165 reiicere
1132 1098 1247 1182 culpae
1268 1105 1395 1182 partem
1446 1099 1699 1184 reprehensione
1721 1108 1831 1164 tamm
1854 1096 1974 1182 dignus
1996 1096 2071 1175 fuit,
2101 1094 2187 1178 quod
2208 1095 2319 1160 timori
2342 1115 2401 1160 suc

421 1179 647 1260 inAbraham,
665 1181 762 1248 sicuti
779 1182 866 1265 facit,
884 1183 979 1251 modo
996 1184 1095 1250 simul
1114 1192 1283 1269 peccatum
1301 1203 1395 1249 suum
1446 1184 1618 1265 cumbens,
1639 1194 1798 1267 quantum
1820 1183 1853 1249 in
1877 1203 1912 1248 se
1933 1192 2004 1248 erat
2025 1181 2192 1265 prostituit
2212 1201 2350 1246 uxorem
2369 1179 2402 1246 ad

422 1274 623 1350 agnosceret.
667 1264 818 1336 Sciamus
840 1290 918 1354 ergo
940 1291 1052 1355 regem
1073 1270 1172 1335 istum
1195 1290 1260 1334 ιιοιι
1282 1268 1396 1336 fecisse
1446 1282 1606 1356 stuprum.
1651 1267 1762 1350 Quare
1783 1269 1819 1333 in
1840 1268 1910 1335 cius
1932 1268 2140 1335 excusatione
2163 1265 2243 1332 adso
2265 1263 2401 1330 laboran-

423 1349 509 1434 quod
532 1352 723 1436 hypocritae
740 1354 854 1420 solent.
898 1355 986 1422 Nam
1006 1354 1204 1438 simulatque
1225 1353 1396 1438 culpandis
1446 1357 1524 1422 dum
1547 1377 1611 1421 non
1635 1365 1697 1421 eet:
1722 1356 1798 1439 quia
1819 1353 1975 1438 quidquid
1997 1354 2134 1419 instaret
2155 1351 2350 1417 discriminis
2369 1349 2402 1416 ad

423 1435 496 1502 aliis
527 1437 655 1504 oblatus
687 1448 738 1504 est
768 1448 970 1523 praetextus,
1005 1461 1119 1507 secure
1144 1461 1180 1506 se
1207 1439 1396 1506 absolvunt:
1446 1441 1677 1527 praestandum
1706 1440 1814 1506 mariti
1844 1440 1985 1507 osticium
2008 1439 2042 1503 in
2066 1437 2238 1505 asserenda
2259 1435 2402 1519 pudicitia

421 1521 487 1588 imo
505 1521 586 1590 haec
603 1522 669 1590 illis
684 1523 817 1590 videtur
835 1547 905 1592 esse
922 1525 1070 1610 legitima
1087 1526 1245 1610 purgatio,
1268 1525 1298 1591 si
1315 1524 1396 1591 alios
1447 1528 1576 1606 uxoris,
1604 1527 1709 1610 magis
1735 1525 1904 1592 cordatum
1934 1526 2182 1606 animosumque
2203 1543 2274 1588 esse
2296 1521 2400 1587 decuit.

422 1607 458 1672 in
491 1609 677 1674 societatem
716 1618 826 1678 reatus
864 1611 1007 1677 trahant.
1062 1611 1255 1679 Abimelech
1286 1617 1396 1676 autem
1447 1612 1541 1679 Adde
1563 1611 1648 1696 quod
1675 1610 1876 1677 diffidentiae
1896 1611 2027 1696 signum
2049 1611 2126 1686 fuit,
2154 1607 2303 1675 illicitam
2326 1617 2400 1673 astu-

424 1694 575 1792 quamvis
596 1701 752 1777 queratur
780 1716 816 1761 se
848 1695 950 1763 luisse
982 1695 1168 1780 deceptum,
1203 1707 1236 1761 ct
1267 1697 1396 1781 lapsum
1448 1701 1525 1764 tiam
1558 1697 1767 1765 comminisci.
1819 1695 1914 1779 Quod
1942 1695 1983 1762 ad
2016 1695 2232 1778 suspicionem
2266 1695 2401 1778 pertinet,

424 1779 661 1862 rmprudentia:
692 1801 727 1846 se
749 1787 860 1848 tamen
882 1783 1007 1848 interca
1027 1783 1140 1868 magni
1160 1783 1284 1865 peceati
1306 1780 1396 1847 dam·
1447 1785 1598 1868 quamvis
1619 1784 1740 1865 passim
1769 1783 1912 1867 grassari
1941 1794 2089 1848 cerneret
2117 1781 2292 1845 immanem
2316 1779 2401 1844 scole

423 1885 503 1930 nare
520 1886 585 1932 non
603 1862 746 1955 dubitat:
770 1867 835 1934 Per
852 1875 884 1934 te
904 1868 1021 1952 inquit,
1044 1887 1112 1934 non
1129 1868 1221 1935 stetit
1238 1867 1318 1950 quin
1337 1886 1397 1951 ego
1447 1891 1520 1934 rum
1541 1868 1716 1945 licentiam,
1737 1868 1887 1951 iniquum
1909 1875 2019 1934 tamen
2041 1867 2103 1932 fuit
2124 1874 2190 1930 tam
2212 1865 2344 1930 sinistre
2360 1865 2401 1929 iu-

423 1971 476 2016 me
497 1957 531 2016 et
552 1957 658 2017 totum
680 1972 821 2037 regnum
842 1955 986 2020 maximo
1007 1953 1129 2021 scelere
1155 1952 1396 2019 obstrinxerim.
1447 1955 1554 2022 dicare
1576 1954 1616 2019 de
1638 1953 1757 2037 populo
1779 1975 1844 2020 uno
1864 1974 1959 2036 quem
1981 1952 2128 2017 nondum
2150 1963 2306 2034 expertus
2328 1959 2400 2016 orat:

422 2035 498 2101 Non
519 2043 569 2103 cst
600 2055 678 2120 ergo
711 2059 770 2104 our
791 2059 826 2104 se
859 2040 1029 2124 quisquam
1061 2039 1194 2105 aliunde
1226 2037 1396 2104 inductum
1446 2062 1560 2107 omnes
1593 2041 1680 2105 enim
1712 2039 1809 2124 fingit
1841 2039 2028 2105 homicidas.
2084 2036 2153 2104 Sed
2184 2038 2260 2121 quia
2292 2036 2333 2102 do
2359 2037 2400 2101 his

422 2120 523 2188 fuisso
544 2119 726 2189 obtendens
749 2123 790 2190 ad
816 2125 1031 2209 peccandum,
1061 2124 1190 2209 culpem
1213 2143 1233 2188 a
1254 2145 1289 2190 se
1311 2124 1397 2190 deri·
1447 2127 1544 2192 rebas
1566 2126 1657 2192 satis
1670 2124 1808 2191 disserui
1835 2125 1941 2209 capite
1963 2122 2167 2200 duodecimo,
2196 2143 2283 2189 nunc
2309 2122 2400 2187 obiter

422 2214 487 2273 vet.
539 2207 725 2274 Notandum
758 2231 836 2277 vero
869 2220 934 2290 cst,
968 2209 1165 2278 adulterium
1197 2209 1253 2276 hic
1285 2208 1397 2276 vocari
1446 2212 1593 2296 attigisse
1609 2211 1760 2277 sufficiat.
1795 2209 1933 2276 Interim
1951 2209 2031 2276 haec
2049 2229 2178 2274 summa
2200 2205 2340 2275 tenenda
2354 2217 2400 2286 est,

422 2290 1198 2466 tt”ltdbltdtttttttttlzlt
1220 2294 1396 2463 hillii!
1446 2293 2400 2463 il.¹tl⁸t.t⁰.¹¹s‘l3¹’¹ltt⁰ltltssllltdthmlt

424 2470 509 2529 terat
538 2483 618 2530 sane
645 2465 693 2529 ita
720 2465 809 2549 loqui
836 2486 895 2532 rar
952 2487 1026 2532 erar
1052 2467 1132 2550 quin
1154 2473 1397 2533 sacrosanctum
1447 2469 1573 2535 melech
1590 2468 1752 2534 intentum
1777 2487 1856 2533 esse.
1894 2466 2069 2534 Caeterum
2094 2465 2238 2532 notanda
2262 2474 2310 2531 est
2335 2465 2401 2529 haec

424 2558 615 2633 agnosceret
642 2549 694 2616 ius
721 2551 874 2638 coniugii.
925 2553 1029 2637 Atqui
1057 2553 1152 2619 hodie
1182 2551 1395 2629 Christianos,
1446 2553 1603 2638 loquutio:
1634 2555 1817 2637 ubicunqne
1845 2573 1911 2618 non
1941 2561 2059 2637 regnat
2085 2551 2149 2616 Dei
2176 2551 2292 2631 timor,
2322 2549 2400 2616 facile

422 2633 539 2700 saltem
556 2636 658 2718 quise
670 2636 731 2702 hoo
747 2639 881 2705 nomine
897 2637 1077 2719 venffitant,
1095 2639 1200 2706 iocoso
1217 2645 1397 2703 extenuare
1448 2639 1489 2705 ad
1511 2661 1606 2706 omne
1628 2638 1786 2706 scelerum
1812 2659 1916 2724 geum
1937 2637 2085 2721 provolvi
2108 2637 2270 2703 homines:
2299 2646 2336 2702 ut
2354 2655 2401 2701 ne-

423 2727 554 2786 tantum
576 2721 668 2788 nefas
689 2743 755 2789 non
799 2721 887 2802 udet,
909 2743 929 2788 a
949 2744 1014 2807 quo
1034 2724 1191 2809 profanus
1209 2722 1307 2788 bomo
1326 2731 1398 2788 tan·
1447 2745 1510 2810 que
1526 2735 1661 2809 parcant
1683 2725 1827 2791 humano
1848 2724 2010 2808 sanguini,
2033 2744 2137 2806 neque
2154 2742 2174 2787 a
2190 2723 2323 2807 rapinis,
2343 2722 2400 2786 rio-

421 2812 535 2888 tcpere
552 2805 733 2874 abhorruit.
769 2743 922 2876 §ciamus
938 2819 1049 2875 tamen
1075 2807 1263 2876 abimelech
1278 2828 1396 2874 verum
1447 2810 1549 2876 lentia
1570 2821 1603 2875 et
1623 2809 1827 2877 contumeliis
1848 2810 1909 2875 sibi
1932 2817 2124 2893 temperent.
2160 2808 2206 2874 Et
2223 2819 2309 2874 certe
2327 2807 2401 2872 solus
2471 2837 2472 2840 ι

422 2890 524 2958 fuisse
554 2891 656 2959 divini
684 2893 798 2961 iudicii
826 2914 1034 2978 praeconem,
1067 2895 1152 2980 quod
1174 2894 1244 2961 suis
1269 2892 1397 2960 cavillis
1448 2905 1498 2964 est
1519 2895 1583 2962 Dei
1606 2896 1704 2962 timor
1723 2895 1779 2979 qui
1801 2917 1861 2962 nos
1890 2903 2003 2961 mutua
2030 2894 2235 2961 humanitate
2262 2893 2399 2968 devincit
2471 2923 2472 2970 ι

422 2978 547 3044 frustra
579 2977 712 3044 eludere
746 2989 906 3046 conantur
934 2981 1043 3047 miseri
1071 2980 1232 3048 homines.
1284 2980 1334 3046 Ac
1361 2980 1396 3044 in
1447 2982 1594 3050 continet
1621 2982 1657 3047 in
1685 2981 1842 3047 modestia
1870 2989 1903 3048 et
1932 2980 2164 3047 truculentiam
2196 2979 2339 3058 cohibet,
2367 2997 2400 3044 ae
2471 2975 2472 3066 l

424 3063 615 3129 memoriam
632 3063 770 3131 subinde
793 3074 940 3133 recurrat
960 3065 1043 3133 illud
1061 3065 1167 3147 Pauli,
1185 3064 1294 3132 Nolite
1312 3064 1394 3130 falli:
1447 3067 1628 3134 belluarum
1656 3067 1761 3134 instar
1790 3065 1844 3133 alii
1874 3067 1953 3134 alios
1976 3087 2137 3133 voremus.
2181 3065 2260 3132 Fiet
2285 3063 2401 3149 quidem

424 3157 559 3321 fatti
591 3150 683 3302 ime
704 3150 797 3302 bil
826 3151 1091 3325 'lllf'bl'li
1121 3152 1397 3304 ῗιέιιῖωιιὲ
1447 3153 1749 3306 lilllmdlll
1777 3149 2401 3305 reseruassemus

424 3320 524 3392 totius
559 3287 654 3406 regni
688 3258 876 3403 oomlinune',
914 3323 1041 3390 ratione
1077 3260 1143 3390 nug
1178 3330 1283 3391 carot:
1318 3341 1396 3387 nam
1448 3262 1628 3391 hlrmanum
1650 3345 1768 3410 genus,
1788 3323 1961 3407 impiorum
1984 3321 2136 3390 libidines
2156 3321 2283 3390 occulto
2303 3323 2400 3387 hreno

425 3407 585 3474 scelerum
616 3407 796 3491 impunitas
829 3415 931 3476 totam
962 3409 1129 3495 regionam
1158 3407 1397 3493 quodammodo
1448 3411 1630 3495 compescit.
1669 3408 1724 3476 Sic
1745 3417 1857 3476 tamen
1878 3408 2010 3476 omnino
2032 3405 2219 3475 habendum
2242 3415 2299 3487 est,
2322 3426 2401 3490 aper·

423 3491 555 3577 polluit:
588 3495 780 3577 pracsertim
802 3515 880 3562 vero
902 3495 937 3560 in
960 3495 1047 3581 regis
1069 3514 1207 3580 persona
1228 3496 1312 3560 iram
1333 3493 1398 3559 Dei
1449 3507 1517 3563 tsm
1540 3517 1609 3562 osse
1642 3494 1840 3579 quibuslibet
1871 3494 2001 3562 iniuriis
2031 3494 2163 3560 ianuam
2191 3493 2249 3561 ubi
2280 3491 2401 3562 evanut

424 3580 461 3645 in
487 3585 593 3645 totum
615 3578 726 3663 populi
748 3599 868 3664 corpus
888 3581 1058 3665 provocari
1084 3591 1197 3647 notum
1219 3591 1278 3646 est.
1324 3577 1397 3661 Quo
1448 3582 1552 3666 pietas
1572 3589 1607 3648 et
1627 3581 1692 3647 Dei
1720 3580 1834 3647 timor:
1863 3581 1956 3648 cuius
1979 3580 2025 3645 rei
2053 3579 2152 3646 nimis
2174 3577 2298 3646 clarum
2319 3576 2401 3644 hodie

425 3664 547 3730 maiore
569 3663 677 3730 studio
699 3673 732 3730 et
754 3685 832 3732 cura
858 3667 1023 3752 rogandus
1045 3674 1096 3734 esc
1116 3667 1224 3746 Deus,
1257 3674 1297 3732 ιιι
1318 3685 1398 3748 quos
1449 3666 1676 3734 documentum
1698 3674 1806 3734 exstat
1838 3666 1872 3732 ιιι
1906 3665 2055 3733 horribili
2084 3665 2247 3732 scelerum
2285 3663 2400 3738 diluvio,

425 3750 519 3816 nobis
558 3750 715 3833 praefecit
746 3771 821 3818 cum
859 3753 1013 3836 imperio,
1053 3753 1152 3819 etiam
1185 3773 1244 3818 suo
1280 3751 1398 3834 spiritu
1449 3753 1535 3838 quod
1556 3760 1659 3820 totam
1687 3753 1754 3818 lere
1783 3760 1904 3818 terram
1933 3761 2079 3836 occupat.
2122 3749 2220 3818 Unde
2242 3752 2325 3816 enim
2345 3759 2401 3813 tan
2470 3789 2471 3804 .

426 3835 603 3920 gubernet:
622 3833 739 3901 deinde
749 3844 786 3901 ut
798 3839 972 3924 regionem,
990 3838 1026 3939 in
1037 3859 1103 3923 qua
1113 3836 1206 3904 nobis
1220 3836 1398 3922 hospitium
1450 3839 1619 3922 multiplex
1642 3836 1776 3904 fallendi
1797 3837 1971 3904 fraudandi
1994 3858 2034 3903 ue
2057 3838 2208 3916 varietas,
2231 3845 2322 3902 tanta
2340 3855 2401 3918 per-
2470 3841 2471 3891 ἲ

295 3957 299 3970 «
426 3920 602 3999 concessit,
635 3921 814 3988 immunem
847 3923 888 3988 ab
920 3945 1009 3990 cmm
1041 3923 1184 4009 piaculo,
1217 3942 1399 4007 puramque
1449 3924 1527 3990 fidia
1545 3932 1579 3990 ct
1595 3923 1780 4004 crudelitas,
1802 3923 1865 3990 nisi
1884 3924 1959 4007 quia
2010 3924 2040 3990 ei
2059 3931 2247 4006 contemptu
2264 3937 2402 4006 oppressa

423 4013 609 4072 conservet.
1449 4018 1500 4076 eet
1520 4010 1627 4076 omnis
1648 4007 1815 4093 aequitas?
1839 4009 1910 4074 Iam
1932 4010 2059 4092 quoties
2080 4009 2172 4075 nobis
2194 4007 2324 4075 difficile
2343 4026 2402 4073 aar·

514 4092 564 4156 10.
590 4091 675 4174 Quid
694 4091 804 4160 aaut
825 4097 859 4159 ιιι
879 4092 932 4160 bot
958 4095 1100 4170 faceres?
1123 4095 1196 4162 Hac
1218 4095 1399 4178 interroga·
1449 4104 1559 4163 tamon
1589 4105 1639 4162 est
1669 4116 1744 4163 oum
1773 4095 1896 4162 sacculi
1927 4096 2030 4161 nostri
2061 4094 2273 4178 corruptelis,
2303 4092 2402 4159 veniat

427 4179 515 4244 tione
537 4176 692 4262 prospicit
713 4199 772 4243 rex
789 4179 825 4244 in
841 4180 988 4246 futurum
1010 4189 1075 4247 tem
1100 4202 1147 4246 us.
1183 4180 1315 4264 Cogitat
1333 4200 1398 4245 non
1449 4183 1541 4248 nobis
1567 4181 1603 4247 in
1632 4191 1775 4248 mentem
1803 4191 1892 4248 aetas
1920 4178 2087 4247 Abrahae:
2117 4198 2200 4263 quae
2229 4201 2325 4264 quum
2351 4177 2402 4241 im·

427 4275 552 4332 temere
591 4264 653 4329 hac
691 4263 899 4331 simulatione
937 4286 1034 4332 usum
1073 4203 1177 4333 iirisse
1215 4263 1398 4332 Abraham:
1449 4267 1623 4352 pistateet
1644 4266 1716 4334 aliis
1738 4266 1914 4334 sceleribus
1935 4265 2057 4332 referta
2077 4272 2173 4344 esset,
2196 4275 2343 4332 sanctum
2364 4271 2401 4325 ta

429 4370 528 4434 quum
552 4349 697 4434 graviter
718 4349 862 4416 offensus
883 4351 984 4418 luerit
1000 4352 1100 4432 Deus,
1122 4351 1158 4417 in
1175 4352 1262 4417 idem
1284 4373 1399 4418 rursus
1450 4374 1524 4419 men
1548 4352 1654 4418 virum
1677 4352 1718 4419 ab
1739 4352 1846 4419 officio
1868 4373 1936 4418 non
1957 4349 2103 4418 abduxit.

428 4435 610 4522 periculum
637 4433 781 4502 incidere
809 4436 936 4503 metuit.
980 4437 1070 4523 Ergo
1092 4447 1161 4503 tam
1189 4437 1328 4504 sollicita
1348 4437 1398 4501 in·
1536 4439 1586 4504 12.
1609 4437 1653 4504 El
1673 4439 1767 4505 etiam
1787 4457 1855 4505 vcra
1878 4457 1968 4504 soror
1988 4457 2058 4504 mcc
2078 4441 2131 4504 cst.
2175 4435 2331 4504 Nonnulli
2353 4431 2401 4498 Sc

430 4521 561 4607 quisitio
591 4527 731 4587 testatur
761 4522 900 4588 voluisse
925 4522 1129 4590 incommodo
1150 4523 1282 4589 mederi.
1325 4522 1399 4588 Iam
1448 4545 1521 4590 ram
1538 4531 1658 4608 putant
1674 4544 1865 4609 germanam
1886 4523 1988 4590 fuisse
2006 4522 2159 4591 Abrahae
2180 4542 2332 4600 sororem,
2349 4537 2401 4582 non

430 4607 526 4692 aequi
547 4615 581 4672 et
609 4606 772 4673 mansueti
799 4607 901 4673 animi
930 4629 995 4674 non
1027 4608 1162 4694 vulgare
1190 4609 1320 4692 signum
1349 4614 1401 4674 est
1449 4620 1559 4676 tamen
1579 4610 1752 4694 uterinam,
1773 4617 1886 4695 utpote
1902 4629 1984 4693 quae
2003 4630 2044 4675 ex
2061 4607 2204 4676 secunda
2222 4627 2322 4676 uxore
2338 4613 2403 4671 nats
2469 4691 2470 4694 Ἴ

430 4692 516 4777 quod
539 4691 693 4758 Abrahae
713 4692 850 4758 liberam
872 4693 1091 4761 defensionem
1114 4694 1282 4779 permittit.
1329 4693 1399 4760 Soi-
1450 4705 1544 4763 esset.
1589 4694 1676 4778 Quia
1706 4704 1817 4761 tamen
1845 4715 1966 4762 nomen
1996 4694 2058 4762 hoc
2085 4693 2185 4762 letius
2214 4703 2303 4779 patet
2330 4685 2400 4774 apud
2469 4701 2470 4705 ’

431 4801 505 4846 ιιιιιι
527 4798 623 4862 quam
651 4780 797 4862 praecise
817 4789 851 4845 et
871 4778 1024 4846 ferociter
1052 4781 1259 4864 expostulent
1286 4781 1340 4863 qui
1364 4801 1399 4846 se
1449 4781 1625 4859 Hebraeos,
1647 4781 1787 4847 libenter
1809 4779 1970 4847 diversam
1992 4781 2213 4848 coniecturam
2232 4780 2401 4863 amplector,

430 4867 533 4931 laesos
561 4863 664 4933 luisse
691 4871 825 4947 putant:
855 4884 919 4948 quo
947 4866 1061 4933 maiori
1091 4865 1186 4933 laude
1212 4865 1312 4950 digna
1337 4866 1400 4931 fuit
1449 4865 1645 4935 insecundo
1664 4866 1769 4952 gradu
1790 4866 2002 4934 sororemilli
2023 4867 2136 4932 luisse:
2159 4867 2207 4931 ita
2226 4861 2402 4931 verumcrit

431 4951 496 5016 ista
524 4949 612 5034 regis
640 4949 820 5016 moderatio
849 4971 928 5036 erga
956 4950 1124 5018 hominem
1152 4961 1344 5017 extraneum
1367 4959 1401 5017 et
1449 4953 1538 5020 istud
1569 4973 1775 5021 communem
1796 4952 1949 5020 habuisse
1973 4960 2117 5037 patrem,
2146 4952 2209 5018 hoo
2231 4960 2285 5029 est
2308 4967 2401 5022 arun,

430 5039 588 5122 ignotum.
633 5033 766 5100 Interea
794 5033 957 5103 discamus
986 5039 1056 5105 eius
1085 5037 1252 5121 exemplo,
1275 5037 1322 5104 sio
1343 5059 1400 5104 cx·
1450 5060 1490 5105 ex
1520 5059 1584 5123 quo
1606 5059 1664 5124 per
1685 5038 1804 5105 iratres
1830 5057 2004 5123 germanos
2026 5036 2268 5104 descenderant.
2311 5035 2401 5101 Porro

430 5120 596 5207 postulare
624 5141 699 5186 cum
727 5121 898 5202 iratribus,
928 5123 956 5188 si
978 5145 1041 5206 qua
1062 5123 1156 5190 nobis
1177 5125 1264 5190 faeta
1284 5123 1326 5188 sit
1348 5122 1400 5188 in·
1450 5126 1558 5191 elevat
1575 5133 1742 5208 peccatum
1760 5144 1857 5192 suum
1873 5123 2052 5203 Abrabam,
2074 5143 2237 5208 suumque
2251 5120 2402 5189 silentium

432 5208 532 5284 iuria,
564 5213 600 5270 at
628 5203 695 5271 illis
722 5227 817 5290 posse
845 5206 1040 5292 respondere
1069 5230 1127 5293 per
1155 5230 1214 5275 nos
1243 5209 1340 5276 liceat
1362 5231 1400 5276 ac
1450 5212 1661 5277 amendacio
1683 5211 1849 5277 discernit:
1880 5219 2022 5276 atcerte
2044 5229 2122 5276 rere
2148 5208 2355 5292 profitebatur
2374 5221 2402 5266 ac

428 5293 570 5360 liberum
592 5290 644 5358 sit.
1450 5297 1585 5363 fratrem
1607 5317 1678 5363 esse
1697 5295 1807 5363 Sarae.
1843 5295 1962 5362 Verbis
1983 5296 2115 5380 quidem
2132 5315 2197 5361 uon
2215 5292 2299 5360 aliud
2316 5306 2402 5376 quam
2468 5295 2469 5348 ι
