5000 6208
155 411 217 476 ιιι
626 403 633 414 ·
821 409 1192 478 censueramus
1213 411 1264 476 ιιι
1282 409 1497 477 assessu.
1882 383 1884 386 ’
2093 409 2156 475 ιιι

155 599 212 665 tos
241 599 343 681 fecisti
372 599 477 664 milti?
510 599 623 682 utquid
655 619 717 665 aas
753 601 903 666 indicasti
930 601 1023 682 milti,
1054 601 1135 683 qaod
1184 619 1317 665 manum
1341 600 1518 682 excusatio,
1539 619 1575 664 se
1596 598 1685 663 domi
1706 599 1878 680 quiessere,
1901 598 1977 682 quia
1992 596 2078 662 nihil
2095 597 2158 663 sibi

156 705 237 749 asor
258 690 314 750 tao
336 685 438 751 mast?
482 686 532 751 19.
566 685 682 767 thttid
702 686 828 752 dixisti:
858 685 954 751 Soror
974 707 1044 752 mea
1065 687 1132 751 eet?
1184 693 1393 771 praeseptum
1426 685 1518 750 leret.
1572 685 1675 767 Atqui
1707 685 1742 749 in
1777 684 1918 750 tenebris
1955 683 2157 750 infidelitatis

157 771 263 836 attali
284 791 353 836 eom
380 770 516 836 mitiis
542 791 687 836 morsm:
713 777 845 838 stesso
873 792 936 838 esse
962 793 1045 838 asor
1069 777 1133 853 tea,
1184 773 1386 850 caecutiens,
1416 771 1457 837 ad
1480 783 1702 837 transversam
1724 779 1835 835 mmen
1866 771 1948 834 lueis
1979 768 2158 834 ssintillam

157 877 231 936 sape
257 865 286 921 a
309 857 396 922 sade.
448 857 500 922 20.
531 856 575 922 st
596 859 757 940 proserpit
783 877 880 939 saper
906 878 975 924 eam
1005 856 1134 923 Pharao
1184 857 1293 923 oeulos
1316 857 1429 942 aperit.
1474 857 1571 922 Nune
1592 855 1649 921 ubi
1678 855 1799 921 direste
1819 855 1912 920 nobis
1937 854 2072 940 affulget
2093 855 2157 920 Dei

156 943 252 1018 airis,
279 947 308 1007 et
334 943 523 1009 dimiserant
549 963 619 1009 arm
648 949 676 1008 a
704 963 832 1010 osorem
861 945 943 1024 eius,
974 949 1002 1010 a
1028 944 1133 1009 samia
1183 945 1326 1022 voeatis,
1355 964 1422 1010 non
1449 963 1629 1009 moremur.
1673 941 1777 1007 Porro
1799 941 1879 1006 haee
1901 941 2009 1006 Abrae
2032 943 2159 1006 voeatis

156 1047 236 1111 qaas
257 1033 348 1094 aaa:
367 1031 405 1094 ei.
1183 1029 1312 1113 insigne
1339 1029 1503 1113 gratuitae
1524 1029 1589 1094 Dei
1615 1027 1855 1094 misericordiae
1870 1028 2070 1110 'exemplum
2099 1034 2158 1092 est.

1183 1116 1238 1180 An
1283 1115 1391 1199 aliquo
1441 1135 1584 1197 sperum.
1620 1113 1738 1178 merito
1781 1114 1892 1178 Deum
1935 1119 2159 1178 anteverteret

245 1201 274 1266 1.
295 1199 491 1282 Dixeratqaa
518 1199 635 1268 Isboaa
661 1201 705 1266 ad
733 1200 863 1267 Abram.
914 1200 966 1266 Ne
995 1199 1133 1266 lestores
1184 1200 1332 1266 Abram?
1362 1221 1404 1266 ιιι
1433 1201 1474 1266 ad
1503 1221 1579 1265 eum
1607 1197 1808 1266 assesserat'l
1842 1219 1885 1263 an
1913 1198 1982 1264 eius
2013 1199 2159 1263 levorem

157 1299 304 1352 moretur
332 1285 457 1352 insulsa
488 1289 632 1370 sapitum
658 1285 792 1366 divisio,
821 1287 1018 1354 sententiam
1047 1286 1133 1351 hans
1183 1287 1246 1352 sibi
1264 1285 1515 1353 ssneiliaverat?
1538 1286 1604 1350 imo
1625 1306 1753 1368 semper
1769 1285 1926 1350 memoria
1947 1283 2160 1367 repetendum

157 1393 233 1438 snm
264 1371 388 1437 duobus
416 1372 573 1454 proximis
601 1373 752 1439 versibus
779 1393 846 1439 uno
881 1381 993 1439 tenore
1021 1381 1132 1438 sonte-
1184 1384 1233 1436 est
1255 1372 1353 1458 (quod
1376 1373 1468 1457 prins
1490 1370 1613 1436 adduxi
1635 1391 1678 1436 ex
1704 1370 1859 1436 sessione
1881 1369 1993 1456 Issna)
2015 1371 2049 1434 in
2071 1370 2160 1436 feese

157 1466 250 1523 xant.
295 1457 438 1522 Dixerat
460 1459 551 1540 prins
575 1459 685 1525 Moses
702 1479 850 1543 egressos
872 1479 943 1524 esse
965 1479 1005 1523 ex
1027 1460 1134 1542 patria
1183 1457 1386 1524 idololatriae
1418 1458 1520 1524 inisse
1553 1457 1754 1522 demersum:
1787 1475 1876 1521 nnns
1909 1455 1996 1520 nltro
2025 1475 2160 1520 manum

158 1543 292 1610 Therah
315 1551 349 1608 et
371 1543 511 1621 Abram,
533 1552 571 1609 ut
592 1545 628 1608 ιιι
650 1553 772 1610 terram
796 1544 955 1611 Obanaan
976 1542 1131 1610 sonsede·
1182 1545 1322 1629 porrigit
1350 1545 1458 1625 Deus,
1491 1551 1531 1607 ut
1561 1548 1726 1607 errantem
1758 1541 1902 1608 redueat.
1951 1539 2090 1607 Sestum
2123 1561 2160 1606 ss

157 1639 243 1694 rent.
287 1628 359 1694 Iam
381 1631 514 1712 exponit
534 1649 601 1694 non
623 1629 755 1695 levitate
776 1629 879 1696 fuisse
900 1629 1073 1712 impulsos,
1094 1636 1133 1694 ut
1184 1651 1281 1695 suum
1304 1629 1431 1712 aperire
1461 1628 1633 1712 dignatur,
1669 1637 1705 1692 ut
1727 1626 1872 1693 Satanae
1896 1626 2081 1710 praestigiis
2104 1625 2160 1692 de·

157 1715 353 1800 plerumque
382 1715 489 1780 solent
516 1715 681 1780 temerarii
707 1723 741 1781 et
770 1718 846 1801 vagi
873 1715 1038 1783 homines:
1072 1735 1133 1779 nes
1184 1725 1277 1799 septo
1298 1718 1386 1780 viam
1409 1715 1523 1780 salutis
1553 1719 1722 1778 monstret.
1767 1714 1816 1779 As
1835 1713 1959 1778 mirum
1982 1723 2040 1792 est,
2063 1713 2160 1777 mise·

157 1802 285 1887 patriae
318 1800 463 1879 fastidis,
492 1800 580 1883 quod
606 1801 772 1884 plerisque
800 1803 937 1868 morosis
965 1801 1133 1884 sontingit,
1185 1823 1260 1866 rum
1289 1801 1455 1866 hominem
1484 1821 1521 1864 as
1549 1798 1712 1882 perditum
1742 1807 1792 1862 tot
1820 1800 1940 1865 sanetis
1966 1796 2030 1863 Dei
2058 1798 2160 1863 snlto·

157 1887 222 1952 alio
244 1887 348 1952 fnisse
368 1894 562 1970 pertrestos:
588 1907 649 1953 nes
670 1887 822 1953 malefieii
844 1907 942 1954 eausa
962 1887 1133 1970 profugos:
1186 1887 1277 1954 ribus
1299 1887 1471 1968 praeferri,
1498 1893 1536 1951 nt
1565 1905 1664 1968 penes
1685 1885 1793 1969 ipsum
1814 1883 1957 1950 resideat
1984 1885 2073 1948 vitae
2094 1884 2161 1949 ioe-

157 1994 220 2038 nes
248 1972 399 2037 industos
428 1972 530 2038 stulta
559 1971 670 2056 alique
697 1994 772 2056 spe,
808 1973 862 2039 vel
889 1972 1067 2049 illesebris,
1097 1979 1134 2036 ut
1186 1972 1263 2053 dus,
1284 1973 1319 2035 in
1342 1993 1380 2036 es
1403 1973 1577 2038 suscitetur
1598 1970 1749 2049 esslesia,
1771 1990 1809 2036 as
1830 1979 1996 2036 statuatur
2014 1969 2161 2034 fidelium

155 2059 281 2124 multos
302 2079 362 2124 sua
383 2056 543 2141 sapiditas
564 2058 630 2126 bus
652 2065 685 2124 et
706 2059 785 2124 illus
807 2060 908 2142 rapit:
933 2057 989 2124 sed
1008 2058 1134 2123 Abram
1186 2057 1332 2123 omnium
1355 2071 1456 2141 pater.
1503 2056 1569 2124 Sed
1594 2057 1656 2123 hoe
1684 2056 1832 2123 ssnsulto
1861 2056 1985 2121 fastum
2011 2067 2075 2133 est,
2097 2075 2161 2137 quo

157 2144 321 2210 divinitus
349 2143 475 2209 iussum
498 2144 598 2210 luisse
619 2144 747 2229 egredi,
773 2165 834 2210 nes
856 2145 970 2228 pedem
993 2145 1134 2210 movisse
1186 2144 1347 2209 illustrior
1364 2144 1400 2208 in
1417 2145 1486 2209 eine
1503 2162 1643 2227 persona
1660 2153 1746 2208 esset
1768 2143 1893 2225 gratiae
1909 2142 1974 2207 Dei
1996 2160 2161 2206 sommen-

156 2231 222 2295 nisi
242 2236 421 2313 praeeunte
442 2228 507 2295 Dei
530 2229 639 2297 verbs.
676 2229 744 2311 Qui
761 2232 869 2296 Deum
893 2229 1002 2296 Abrae
1023 2231 1136 2312 loquu-
1186 2229 1282 2295 datia
1325 2230 1388 2295 Est
1417 2230 1504 2294 enim
1531 2227 1701 2310 exemplar
1728 2235 1859 2293 nostrae
1888 2228 2035 2292 omnium
2062 2246 2160 2292 vosa-

156 2324 229 2381 tum
252 2336 325 2381 esse
345 2322 517 2398 exponunt
536 2325 610 2398 post
630 2318 734 2401 patris
755 2325 910 2394 mortem,
933 2315 1027 2381 iasile
1049 2316 1135 2380 rein·
1187 2315 1300 2382 tionis:
1329 2316 1366 2379 in
1394 2335 1457 2398 quo
1484 2313 1699 2399 perspicimus
1726 2333 1816 2378 mera
1845 2314 1909 2378 Dei
1937 2310 2161 2378 misericordia

156 2410 274 2466 tantur
291 2401 371 2484 ipsis
388 2401 498 2466 verbis
515 2402 627 2479 Masis,
647 2399 728 2467 ‘nam
748 2402 859 2468 eiiam
876 2402 983 2486 patria
1004 2399 1134 2466 serebat
1183 2409 1227 2465 'ex
1256 2400 1361 2466 nihils
1389 2401 1538 2467 suscitari
1561 2417 1643 2483 quae
1672 2419 1736 2464 non
1765 2407 1860 2478 sunt,
1888 2407 1925 2464 ut
1943 2419 2015 2463 esse
2038 2395 2160 2481 aliquid

155 2489 300 2564 Abram,
331 2493 362 2550 et
389 2486 569 2569 inquilinus
602 2487 678 2554 alibi
712 2487 863 2572 degebat,
895 2507 1134 2571 supervasuum
1184 2487 1353 2571 insipient.
1425 2518 1439 2536 ··

155 2575 243 2639 ieret
254 2573 318 2637 Dei
337 2571 543 2638 mandatum:
562 2571 628 2637 Exi
650 2595 668 2638 e
691 2583 781 2639 terra
802 2581 868 2654 tna,
890 2572 931 2639 de
950 2573 1058 2656 patria
1077 2580 1134 2636 tua
1270 2571 1336 2637 Abi
1357 2593 1374 2636 e
1394 2575 1479 2636 terra
1499 2576 1563 2636 tas.
1608 2569 1752 2635 Videtur
1771 2589 1975 2654 supervasua
1996 2588 2066 2633 esse
2087 2587 2160 2634 ver-

155 2667 190 2724 et
213 2658 310 2723 domo
335 2659 438 2740 patris
459 2659 517 2723 tui.
561 2657 698 2724 Assedit
719 2669 753 2724 et
775 2658 937 2742 Stephani
967 2659 1132 2734 autoritas,
1185 2657 1302 2723 borum
1323 2658 1498 2741 songeries.
1543 2656 1618 2722 Hus
1641 2676 1768 2738 qnoque
1788 2655 1921 2734 assedit,
1944 2653 2029 2738 quod
2051 2654 2161 2720 Moses

155 2746 211 2828 qui
240 2753 331 2810 eerte
359 2741 494 2809 idoneus
516 2745 642 2809 senseri
664 2753 809 2811 meretur
829 2744 927 2810 huius
947 2745 1008 2809 losi
1030 2743 1133 2808 inter·
1185 2742 1262 2807 alibi
1293 2752 1362 2807 tam
1392 2743 1556 2820 sensisns,
1584 2762 1654 2806 rem
1682 2761 1781 2806 unam
1810 2741 1942 2824 planam
1972 2751 2007 2806 et
2030 2739 2160 2806 fesilem

154 2849 248 2914 pres:
290 2827 347 2892 ille
368 2850 463 2894 ·vers
501 2829 589 2894 slare
621 2839 761 2896 testatur
793 2830 904 2895 Deum
944 2830 1133 2914 apparuisse
1185 2828 1292 2895 tribus
1312 2828 1468 2912 loquendi
1485 2827 1598 2894 formis
1620 2827 1782 2910 exprimit.
1819 2825 1887 2893 Sed
1909 2826 2004 2892 aliter
2025 2847 2078 2891 res
2100 2825 2159 2891 ha·

154 2914 315 2982 Abrahae
347 2935 448 2998 quum
481 2924 566 2980 esset
592 2916 627 2980 in
657 2917 909 3001 Mesopotamia,
942 2917 1134 2998 priusquam
1185 2913 1250 2980 bet.
1292 2915 1378 2979 Nam
1401 2935 1500 2998 quum
1523 2934 1583 2997 per
1605 2933 1640 2978 se
1662 2913 1755 2977 triste
1777 2912 1820 2978 sit
1842 2912 2009 2991 exsilium,
2031 2920 2065 2977 et
2086 2910 2159 2977 dul·

155 3007 346 3067 moraretur
366 3001 403 3066 in
426 2999 574 3066 Charon:
605 3001 723 3066 deinde
743 3002 994 3068 hos‘orasulum
1016 3001 1134 3066 resitat
1186 3001 1265 3066 sedo
1287 3000 1407 3065 natalis
1436 2999 1497 3065 soli
1524 3019 1637 3064 omnes
1663 2998 1813 3064 sibilare
1841 2997 2009 3064 devinotss
2037 3005 2159 3076 teneat,

153 3087 242 3172 quod
266 3108 355 3152 nune
377 3087 584 3170 exponimus:
609 3109 647 3152 as
669 3086 801 3152 tandem
823 3087 987 3153 sonsludit
1009 3087 1071 3152 has
1093 3085 1132 3151 de
1186 3085 1263 3151 data
1291 3106 1391 3169 spera
1417 3086 1540 3152 insistit
1561 3085 1653 3150 Deus
1673 3084 1709 3148 in
1738 3083 1892 3149 mandato
1926 3083 2159 3168 relinquendae

154 3193 256 3240 eausa
280 3171 448 3237 Abraham
478 3195 521 3237 ex
544 3171 712 3240 Chaldaea
743 3175 910 3256 migrasse.
953 3173 1022 3236 Nes
1054 3193 1134 3237 vers
1185 3173 1328 3257 patriae,
1355 3182 1395 3236 ut
1415 3172 1546 3254 penitus
1574 3171 1684 3235 Abrae
1717 3170 1862 3248 animum
1891 3171 2073 3254 transligat.
2122 3167 2159 3236 si

153 3257 393 3344 negligendum
423 3268 474 3323 est
502 3259 588 3342 quod
615 3268 728 3344 postea
755 3258 836 3345 (sap.
867 3258 924 3339 15,
955 3258 988 3343 7)
1016 3258 1134 3341 repetit
1185 3279 1249 3323 uno
1275 3257 1376 3323 verbs
1404 3256 1556 3322 dixisset:
1579 3256 1742 3338 Relinque
1765 3257 1921 3338 patriam,
1944 3277 2009 3321 non
2044 3256 2159 3321 leviter

152 3345 265 3410 Dens:
284 3345 357 3425 ugo
375 3365 448 3408 sum
465 3345 629 3410 Dominus
657 3344 713 3427 qui
735 3353 768 3409 te
785 3343 885 3409 eduxi
906 3344 947 3408 de
964 3345 1015 3410 Ur
1032 3343 1132 3408 Ohal-
1183 3342 1313 3426 quidem
1335 3344 1530 3428 pupugisset
1552 3343 1622 3408 eius
1643 3343 1806 3428 animum:
1836 3340 1893 3406 sed
1919 3349 2031 3407 tamen
2053 3342 2160 3425 magis

152 3433 325 3496 deserum.
360 3430 445 3494 Nam
468 3429 545 3495 inde
567 3430 724 3508 elisimus,
746 3450 813 3495 non
830 3440 909 3496 tuns
925 3430 1032 3512 primo
1050 3429 1132 3494 divi·
1183 3429 1374 3512 perfoditur,
1391 3450 1493 3511 quum
1512 3426 1604 3494 audit
1621 3427 1807 3512 esgnationi
1825 3434 1858 3491 et
1875 3425 1985 3492 domui
2004 3435 2159 3510 paternae

152 3519 248 3581 nitus
269 3523 456 3599 porrectam
475 3515 525 3580 illi
546 3515 647 3581 fuisse
663 3536 811 3594 manum,
833 3525 1007 3598 postquam
1027 3514 1131 3580 Obar·
1184 3535 1256 3581 esse
1290 3513 1558 3579 renuntiandum.
1597 3513 1714 3596 Neque
1746 3522 1854 3577 tamen
1884 3513 2065 3596 putandum
2096 3523 2155 3592 est,

151 3604 200 3668 ris
224 3601 450 3666 habitaverat:
473 3600 529 3666 ssd
553 3622 653 3684 quum
676 3601 783 3666 adhue
804 3601 891 3666 domi
912 3604 947 3666 in
965 3601 1132 3666 Chaldaea
1182 3601 1293 3666 Deum
1315 3621 1358 3664 ex
1380 3621 1548 3666 servorum
1578 3619 1712 3664 suorum
1740 3600 1889 3664 molestia
1910 3597 2075 3663 erudelem
2097 3619 2155 3664 vs·

148 3698 315 3753 maneret.
359 3687 432 3752 Hos
452 3707 531 3751 vero
553 3685 617 3752 Dei
646 3688 849 3766 mandatnm,
871 3685 912 3751 de
941 3707 1005 3771 quo
1031 3685 1130 3752 stulte
1182 3687 1343 3770 luptatem
1364 3705 1493 3768 sapere:
1517 3685 1574 3751 sed
1593 3686 1640 3749 ita
1661 3704 1774 3749 omnes
1792 3705 1905 3749 esrum
1922 3685 2058 3750 effeetus
2080 3705 2156 3750 exa·

148 3773 348 3857 ambigitur,
382 3773 531 3838 suffisere
563 3773 656 3839 nobis
688 3773 784 3851 debet
815 3772 857 3837 ad
888 3770 1129 3856 coarguendum
1182 3774 1296 3851 minat,
1314 3793 1357 3838 ne
1374 3793 1454 3854 quas
1470 3771 1613 3837 latebras
1630 3770 1794 3853 relinquat
1810 3771 1845 3834 in
1862 3791 1975 3834 eorum
1994 3768 2155 3835 sordibus.

148 3858 359 3925 eontrarium
382 3879 535 3924 errorem.
572 3859 686 3942 Neque
704 3861 793 3924 enim
811 3859 858 3924 sis
879 3857 1003 3940 alloqui
1024 3857 1130 3942 potuit
1182 3858 1306 3925 Multos
1323 3857 1472 3924 videmus
1488 3856 1530 3923 ad
1546 3856 1645 3922 breve
1663 3865 1791 3940 tempus
1807 3855 1943 3934 fervere,
1964 3855 2021 3938 qui
2039 3854 2154 3921 deinde

149 3945 248 4010 Deus
272 3944 338 4010 nisi
360 3944 526 4009 hominem
551 3944 658 4009 adhns
679 3943 756 4009 nido
777 3964 836 4008 sus
858 3945 1011 4022 affixum,
1033 3943 1130 4009 rebus
1181 3964 1241 4009 oon
1265 3944 1426 4009 elassnnt:
1460 3940 1547 4008 unde
1579 3941 1655 4020 bos,
1688 3942 1754 4006 nisi
1781 3941 1857 4025 quia
1883 3941 2057 4007 aedilisant
2083 3943 2154 4007 sine

148 4031 305 4116 integris,
327 4041 361 4093 et
377 4030 448 4096 sins
467 4028 535 4094 nlla
558 4031 645 4095 vitae
662 4030 844 4096 mutatione
864 4030 951 4094 inter
972 4038 1130 4113 ssgnmss
1181 3966 1417 4095 fundamento?
1439 4029 1530 4113 Ergo
1551 4028 1643 4093 Deus
1665 4025 1764 4109 probe
1785 4036 1941 4092 exentera
1962 4028 2066 4092 voluit
2086 4045 2154 4092 sm-

149 4120 305 4200 quietum
337 4136 376 4180 as
408 4116 637 4197 tranquillum:
674 4116 793 4197 alisqui
822 4114 864 4180 ad
895 4135 1030 4180 manum
1059 4124 1131 4180 erat
1182 4137 1241 4180 nes
1260 4116 1369 4181 Abrae
1391 4135 1515 4192 sensus,
1538 4135 1579 4178 ne
1602 4113 1679 4198 quid
1702 4122 1825 4177 temere
1848 4113 1898 4178 vel
1916 4112 2155 4179 inconsiderate

146 4202 322 4286 exeeptis:
344 4201 491 4266 Patriam
513 4201 646 4284 reliqui,
669 4201 782 4285 presul
804 4222 824 4265 a
844 4201 1034 4284 sagnatisne
1055 4221 1131 4266 mea
1181 4201 1370 4283 sussiperet,
1393 4220 1430 4265 as
1458 4199 1568 4264 statim
1597 4198 1801 4281 poenitentia
1823 4197 1939 4264 duetus
1961 4200 2035 4264 vela
2067 4207 2155 4263 retro

147 4287 283 4354 absum.
327 4286 369 4350 ln
390 4306 518 4350 summa
542 4288 604 4352 hos
631 4287 798 4353 smsulnm
827 4288 926 4352 refert
946 4287 1072 4366 Moses,
1093 4294 1130 4351 ut
1181 4288 1334 4352 flesteret.
1370 4285 1481 4366 Quare
1498 4285 1526 4350 si
1548 4293 1735 4350 sonstanter
1756 4284 1908 4367 supimus
1926 4283 2034 4349 Deum
2052 4284 2154 4367 sequi,

146 4376 299 4440 seiamus
333 4383 401 4436 tam
426 4371 638 4456 longinquam
674 4373 909 4455 profectionem
943 4374 1006 4437 Dei
1035 4385 1128 4437 ma'n-
1181 4371 1293 4437 omnia
1310 4369 1515 4437 insommsda
1532 4391 1614 4452 quae
1636 4391 1696 4435 nos
1718 4381 1861 4448 manent,
1884 4390 1998 4434 omnes
2020 4368 2157 4434 diffisul-

148 4459 230 4524 dato
271 4457 314 4522 ab
349 4456 474 4521 Abram
501 4471 535 4523 et
560 4467 654 4541 patre
681 4460 750 4524 eius
780 4458 911 4523 'lherab
944 4466 1129 4542 susseptem
1182 4466 1284 4534 tates,
1313 4457 1458 4541 perieula
1481 4456 1591 4520 omnia
1612 4453 1724 4521 sedulo
1745 4453 1897 4520 meditari
1926 4456 2094 4520 convenit:
2116 4462 2156 4519 ut

147 4565 235 4610 esse.
285 4543 383 4608 Unde
410 4545 510 4607 etiam
538 4555 691 4628 apparet,
718 4543 851 4608 'Pherah
876 4545 922 4609 eis
951 4542 1053 4610 fnisse
1074 4565 1129 4608 su·
1182 4564 1249 4608 non
1266 4551 1395 4628 tantum
1413 4539 1541 4607 subitus
1563 4542 1652 4606 aelus
1673 4542 1770 4606 flores
1793 4540 1931 4618 emittat,
1954 4541 2010 4604 sed
2029 4561 2070 4605 ex
2088 4539 2155 4605 alta

144 4629 402 4713 perstitionibus
435 4626 599 4708 delusum,
639 4639 676 4694 ut
708 4638 817 4694 tamen
846 4628 953 4693 Deum
989 4630 1129 4694 timeret.
1182 4638 1216 4694 et
1237 4629 1321 4694 bene
1342 4630 1409 4692 fixa
1430 4627 1538 4693 redies
1567 4627 1698 4710 pietatis
1720 4627 1843 4691 fruetus
1866 4635 1936 4690 tota
1957 4626 2028 4690 vita
2048 4627 2154 4708 proie-

145 4715 300 4782 Diifisile
332 4714 396 4779 init
428 4735 539 4780 senem
567 4715 632 4779 iam
667 4715 807 4781 frastum
840 4726 874 4778 et
900 4713 1060 4780 eadusum
1087 4736 1130 4781 ex
1181 4734 1301 4780 rernm.

144 4803 260 4886 patria
279 4821 340 4865 sua
356 4800 462 4865 avelli.
499 4799 669 4880 Quaedam
690 4801 791 4885 igitur
812 4820 891 4866 vera
913 4800 1036 4885 religio,
1055 4799 1131 4867 lieet
1268 4799 1459 4864 Adimam
1480 4819 1575 4881 qaam
1604 4798 1763 4862 assedam
1783 4797 1848 4863 tibi.
1893 4795 1993 4861 Aliud
2015 4815 2153 4862 examen

143 4889 332 4965 suffocata,
360 4884 466 4951 adhue
495 4887 604 4950 animo
631 4889 702 4951 eins
731 4887 870 4951 suberat.
921 4885 1000 4951 Ideo
1028 4907 1129 4969 quum
1182 4884 1223 4951 ad
1244 4883 1446 4969 probandam
1468 4883 1566 4949 fidem
1587 4882 1706 4948 Abrae.
1747 4882 1817 4948 Cur
1834 4882 1922 4948 enim
1943 4903 2008 4946 non
2027 4891 2154 4946 extem·

143 4973 365 5038 maledistnm
405 4991 476 5036 esse
507 4970 615 5037 losum
647 4979 801 5056 agnossat
830 4993 871 5036 ex
903 4992 967 5054 qus
999 4971 1130 5036 iubetur
1181 4973 1235 5055 plo
1263 4971 1354 5036 Deus
1382 4979 1504 5034 terram
1531 4970 1694 5054 designat,
1728 4969 1793 5036 nisi
1821 4977 1858 5033 ut
1890 4989 2024 5035 servum
2056 4988 2154 5033 suum

143 5057 267 5144 egredi
286 5057 384 5135 lilius,
402 5078 469 5121 non
487 5058 562 5121 vult
578 5058 644 5123 illis
662 5059 786 5141 perire:
805 5056 862 5122 sed
880 5058 909 5121 ei
928 5077 962 5120 se
980 5056 1129 5142 adiungit
1181 5056 1383 5140 suspendens
1412 5054 1529 5121 melius
1558 5055 1747 5137 experiatur
1771 5075 1870 5137 quam
1900 5075 1976 5120 vere
2005 5052 2153 5120 addistns

140 5147 279 5213 sosium
301 5162 398 5226 quem
419 5141 583 5208 Dominus
604 5143 711 5227 eripit.
755 5142 888 5223 Qualis,
906 5142 1052 5221 obsesro,
1075 5143 1129 5209 his
1181 5143 1225 5207 sit
1245 5142 1347 5207 verbs
1368 5140 1451 5206 suo?
1474 5163 1512 5207 ao
1530 5143 1556 5206 si
1580 5140 1715 5206 diseret:
1733 5141 1834 5207 iubeo
1855 5149 1889 5205 te
1910 5140 2029 5205 elensis
2050 5140 2153 5206 oeulis

141 5233 287 5298 iuturus
310 5235 362 5294 est
382 5228 475 5294 testis
496 5236 644 5294 extremo
666 5229 718 5294 die
740 5228 781 5293 ad
811 5226 1029 5292 damnandam
1052 5248 1128 5292 nos·
1180 5228 1306 5312 egredi,
1330 5247 1368 5292 as
1388 5226 1554 5309 inquirere
1580 5235 1654 5292 veto
1677 5247 1741 5309 quo
1763 5235 1796 5291 te
1817 5227 1878 5292 sim
1901 5225 2072 5303 duoturus,
2096 5225 2152 5290 do-

141 5327 236 5384 tram
267 5313 460 5401 ignaviam?
491 5313 612 5381 Fasilis
634 5314 683 5380 illi
705 5323 791 5392 erat,
822 5323 855 5377 et
883 5311 1064 5397 plausibilis
1087 5312 1129 5379 ad
1179 5333 1239 5378 nes
1261 5314 1422 5396 abnegata
1443 5312 1549 5395 patria
1565 5320 1669 5377 tetum
1686 5311 1769 5376 mihi
1787 5323 1819 5377 te
1838 5311 2006 5378 dedideris.
2044 5313 2152 5394 Atque
