<?xml version="1.0" encoding="UTF-8"?>
<!DOCTYPE html PUBLIC "-//W3C//DTD XHTML 1.0 Transitional//EN"
    "http://www.w3.org/TR/xhtml1/DTD/xhtml1-transitional.dtd">
<html xmlns="http://www.w3.org/1999/xhtml" xml:lang="en" lang="en">
 <head>
  <title>
</title>
<meta http-equiv="Content-Type" content="text/html;charset=utf-8" />
  <meta name='ocr-system' content='tesseract 3.04.00' />
  <meta name='ocr-capabilities' content='ocr_page ocr_carea ocr_par ocr_line ocrx_word'/>
</head>
<body>
  <div class='ocr_page' id='page_1' title='image "./ioanniscalvinio06reusgoog_0219.png"; bbox 0 0 5000 6208; ppageno 0'>
   <div class='ocr_carea' id='block_1_1' title="bbox 124 413 2110 508">
    <p class='ocr_par' dir='ltr' id='par_1_1' title="bbox 124 413 2110 508">
     <span class='ocr_line' id='line_1_1' title="bbox 124 413 2110 508; baseline 0 -21"><span class='ocrx_word' id='word_1_1' title='bbox 124 420 179 487; x_wconf 88' lang='grc'><strong>366</strong></span> <span class='ocrx_word' id='word_1_2' title='bbox 769 413 1141 485; x_wconf 71' lang='lat' dir='ltr'>COMMENTARIUS</span> <span class='ocrx_word' id='word_1_3' title='bbox 1164 415 1214 482; x_wconf 92' lang='lat' dir='ltr'><strong>IN</strong></span> <span class='ocrx_word' id='word_1_4' title='bbox 1236 416 1451 484; x_wconf 82' lang='lat' dir='ltr'><strong>GDNDSIN.</strong></span> <span class='ocrx_word' id='word_1_5' title='bbox 1728 501 1731 508; x_wconf 19' lang='grc' dir='ltr'><strong>μ</strong></span> <span class='ocrx_word' id='word_1_6' title='bbox 2045 420 2110 487; x_wconf 86' lang='grc'><strong>366</strong></span> 
     </span>
    </p>
   </div>
   <div class='ocr_carea' id='block_1_2' title="bbox 101 604 2153 3582">
    <p class='ocr_par' dir='ltr' id='par_1_2' title="bbox 101 604 2153 3582">
     <span class='ocr_line' id='line_1_2' title="bbox 123 604 2110 698; baseline -0.001 -22"><span class='ocrx_word' id='word_1_7' title='bbox 123 619 208 698; x_wconf 90' lang='lat' dir='ltr'><strong>paret</strong></span> <span class='ocrx_word' id='word_1_8' title='bbox 229 627 308 692; x_wconf 89' lang='lat' dir='ltr'><strong>ergo</strong></span> <span class='ocrx_word' id='word_1_9' title='bbox 326 606 419 674; x_wconf 90' lang='lat' dir='ltr'><strong>Deus</strong></span> <span class='ocrx_word' id='word_1_10' title='bbox 436 615 474 674; x_wconf 91' lang='lat' dir='ltr'><strong>ut</strong></span> <span class='ocrx_word' id='word_1_11' title='bbox 491 605 589 674; x_wconf 86' lang='lat' dir='ltr'><strong>tidem</strong></span> <span class='ocrx_word' id='word_1_12' title='bbox 607 627 645 674; x_wconf 87' lang='lat' dir='ltr'><strong>ao</strong></span> <span class='ocrx_word' id='word_1_13' title='bbox 668 606 888 672; x_wconf 88' lang='lat' dir='ltr'><strong>reverentiam</strong></span> <span class='ocrx_word' id='word_1_14' title='bbox 911 604 1010 671; x_wconf 91' lang='lat' dir='ltr'><strong>verbo</strong></span> <span class='ocrx_word' id='word_1_15' title='bbox 1027 623 1087 670; x_wconf 90' lang='lat' dir='ltr'><strong>sun</strong></span> <span class='ocrx_word' id='word_1_16' title='bbox 1223 605 1276 671; x_wconf 79' lang='lat'><strong>25.</strong></span> <span class='ocrx_word' id='word_1_17' title='bbox 1298 604 1343 671; x_wconf 82' lang='lat' dir='ltr'><strong>Et</strong></span> <span class='ocrx_word' id='word_1_18' title='bbox 1363 605 1540 687; x_wconf 77' lang='grc'><strong>6666666616</strong></span> <span class='ocrx_word' id='word_1_19' title='bbox 1565 605 1619 672; x_wconf 80' lang='lat' dir='ltr'><strong>ibi.</strong></span> <span class='ocrx_word' id='word_1_20' title='bbox 1664 607 1716 672; x_wconf 80' lang='lat' dir='ltr'><strong>Ex</strong></span> <span class='ocrx_word' id='word_1_21' title='bbox 1740 606 1911 674; x_wconf 87' lang='grc'><strong>6111616616</strong></span> <span class='ocrx_word' id='word_1_22' title='bbox 1933 608 2013 674; x_wconf 89' lang='lat' dir='ltr'><strong>setis</strong></span> <span class='ocrx_word' id='word_1_23' title='bbox 2032 628 2110 694; x_wconf 86' lang='lat' dir='ltr'><strong>cog·</strong></span> 
     </span>
     <span class='ocr_line' id='line_1_3' title="bbox 122 690 2109 776; baseline -0.001 -12"><span class='ocrx_word' id='word_1_24' title='bbox 122 693 272 764; x_wconf 84' lang='lat' dir='ltr'><strong>conciliet</strong></span> <span class='ocrx_word' id='word_1_25' title='bbox 309 691 349 758; x_wconf 92' lang='lat' dir='ltr'><strong>In</strong></span> <span class='ocrx_word' id='word_1_26' title='bbox 371 712 501 760; x_wconf 90' lang='lat' dir='ltr'><strong>summa</strong></span> <span class='ocrx_word' id='word_1_27' title='bbox 522 691 666 760; x_wconf 77' lang='lat' dir='ltr'>visiones</span> <span class='ocrx_word' id='word_1_28' title='bbox 688 691 822 757; x_wconf 88' lang='grc'><strong>1666666</strong></span> <span class='ocrx_word' id='word_1_29' title='bbox 844 690 974 755; x_wconf 88' lang='grc'><strong>6161666</strong></span> <span class='ocrx_word' id='word_1_30' title='bbox 995 709 1088 774; x_wconf 91' lang='lat' dir='ltr'><strong>prae·</strong></span> <span class='ocrx_word' id='word_1_31' title='bbox 1140 692 1303 758; x_wconf 75' lang='lat' dir='ltr'><strong>noscimus</strong></span> <span class='ocrx_word' id='word_1_32' title='bbox 1333 691 1449 758; x_wconf 81' lang='lat' dir='ltr'><strong>Mosen</strong></span> <span class='ocrx_word' id='word_1_33' title='bbox 1479 691 1532 759; x_wconf 92' lang='grc'><strong>616</strong></span> <span class='ocrx_word' id='word_1_34' title='bbox 1561 690 1601 758; x_wconf 90' lang='grc'><strong>66</strong></span> <span class='ocrx_word' id='word_1_35' title='bbox 1622 691 1750 757; x_wconf 83' lang='lat' dir='ltr'><strong>solenni</strong></span> <span class='ocrx_word' id='word_1_36' title='bbox 1772 692 1862 758; x_wconf 90' lang='lat' dir='ltr'><strong>cultu</strong></span> <span class='ocrx_word' id='word_1_37' title='bbox 1884 692 1980 776; x_wconf 92' lang='lat' dir='ltr'><strong>loqui.</strong></span> <span class='ocrx_word' id='word_1_38' title='bbox 2024 693 2109 764; x_wconf 87' lang='lat' dir='ltr'><strong>Nam</strong></span> 
     </span>
     <span class='ocr_line' id='line_1_4' title="bbox 123 776 2109 864; baseline -0.001 -17"><span class='ocrx_word' id='word_1_39' title='bbox 123 781 237 847; x_wconf 88' lang='grc'><strong>6666166</strong></span> <span class='ocrx_word' id='word_1_40' title='bbox 259 780 351 862; x_wconf 91' lang='lat' dir='ltr'><strong>quasi</strong></span> <span class='ocrx_word' id='word_1_41' title='bbox 373 777 536 863; x_wconf 83' lang='lat' dir='ltr'><strong>symbola,</strong></span> <span class='ocrx_word' id='word_1_42' title='bbox 566 799 609 843; x_wconf 91' lang='lat' dir='ltr'><strong>ue</strong></span> <span class='ocrx_word' id='word_1_43' title='bbox 638 776 825 842; x_wconf 75' lang='lat' dir='ltr'><strong>dubitarent</strong></span> <span class='ocrx_word' id='word_1_44' title='bbox 853 777 957 843; x_wconf 92' lang='lat' dir='ltr'><strong>sancti</strong></span> <span class='ocrx_word' id='word_1_45' title='bbox 979 785 1087 859; x_wconf 88' lang='lat' dir='ltr'><strong>patres</strong></span> <span class='ocrx_word' id='word_1_46' title='bbox 1138 777 1274 842; x_wconf 88' lang='lat' dir='ltr'><strong>interior</strong></span> <span class='ocrx_word' id='word_1_47' title='bbox 1294 777 1358 842; x_wconf 92' lang='lat' dir='ltr'><strong>Dei</strong></span> <span class='ocrx_word' id='word_1_48' title='bbox 1379 777 1543 842; x_wconf 76' lang='lat' dir='ltr'><strong>invocatio</strong></span> <span class='ocrx_word' id='word_1_49' title='bbox 1564 798 1671 860; x_wconf 89' lang='lat' dir='ltr'><strong>neque</strong></span> <span class='ocrx_word' id='word_1_50' title='bbox 1693 777 1788 842; x_wconf 83' lang='lat' dir='ltr'><strong>altari</strong></span> <span class='ocrx_word' id='word_1_51' title='bbox 1810 777 1946 864; x_wconf 84' lang='lat' dir='ltr'><strong>indiget,</strong></span> <span class='ocrx_word' id='word_1_52' title='bbox 1970 799 2031 845; x_wconf 89' lang='lat' dir='ltr'><strong>nen</strong></span> <span class='ocrx_word' id='word_1_53' title='bbox 2052 800 2109 862; x_wconf 93' lang='lat' dir='ltr'><strong>pe·</strong></span> 
     </span>
     <span class='ocr_line' id='line_1_5' title="bbox 122 860 2110 946; baseline -0.002 -13"><span class='ocrx_word' id='word_1_54' title='bbox 122 867 222 933; x_wconf 91' lang='lat' dir='ltr'><strong>Deum</strong></span> <span class='ocrx_word' id='word_1_55' title='bbox 239 885 311 932; x_wconf 90' lang='lat' dir='ltr'><strong>esse</strong></span> <span class='ocrx_word' id='word_1_56' title='bbox 330 866 386 946; x_wconf 89' lang='lat' dir='ltr'><strong>qui</strong></span> <span class='ocrx_word' id='word_1_57' title='bbox 405 863 504 932; x_wconf 85' lang='lat' dir='ltr'><strong>verba</strong></span> <span class='ocrx_word' id='word_1_58' title='bbox 521 863 669 930; x_wconf 86' lang='grc'><strong>16666666</strong></span> <span class='ocrx_word' id='word_1_59' title='bbox 686 873 766 928; x_wconf 90' lang='lat' dir='ltr'><strong>erat.</strong></span> <span class='ocrx_word' id='word_1_60' title='bbox 800 860 930 945; x_wconf 79' lang='lat' dir='ltr'><strong>Siquis</strong></span> <span class='ocrx_word' id='word_1_61' title='bbox 948 861 1086 938; x_wconf 89' lang='lat' dir='ltr'><strong>obiiciat,</strong></span> <span class='ocrx_word' id='word_1_62' title='bbox 1138 862 1295 928; x_wconf 92' lang='lat' dir='ltr'><strong>nuliarem</strong></span> <span class='ocrx_word' id='word_1_63' title='bbox 1311 862 1413 928; x_wconf 91' lang='lat' dir='ltr'><strong>habet</strong></span> <span class='ocrx_word' id='word_1_64' title='bbox 1428 863 1490 929; x_wconf 91' lang='lat' dir='ltr'><strong>loci</strong></span> <span class='ocrx_word' id='word_1_65' title='bbox 1509 861 1679 941; x_wconf 84' lang='lat' dir='ltr'><strong>dolentum,</strong></span> <span class='ocrx_word' id='word_1_66' title='bbox 1702 873 1735 928; x_wconf 95' lang='grc'><strong>66</strong></span> <span class='ocrx_word' id='word_1_67' title='bbox 1756 875 1880 930; x_wconf 89' lang='lat' dir='ltr'><strong>certum</strong></span> <span class='ocrx_word' id='word_1_68' title='bbox 1900 874 1951 930; x_wconf 91' lang='lat' dir='ltr'><strong>est</strong></span> <span class='ocrx_word' id='word_1_69' title='bbox 1970 878 2110 942; x_wconf 88' lang='lat' dir='ltr'><strong>sanctos,</strong></span> 
     </span>
     <span class='ocr_line' id='line_1_6' title="bbox 123 946 2110 1045; baseline 0 -29"><span class='ocrx_word' id='word_1_70' title='bbox 123 973 181 1017; x_wconf 93' lang='lat' dir='ltr'><strong>uon</strong></span> <span class='ocrx_word' id='word_1_71' title='bbox 202 953 283 1016; x_wconf 90' lang='lat' dir='ltr'><strong>satis</strong></span> <span class='ocrx_word' id='word_1_72' title='bbox 305 949 366 1015; x_wconf 89' lang='lat' dir='ltr'><strong>hoe</strong></span> <span class='ocrx_word' id='word_1_73' title='bbox 388 950 520 1014; x_wconf 89' lang='lat' dir='ltr'><strong>firmum</strong></span> <span class='ocrx_word' id='word_1_74' title='bbox 542 949 660 1026; x_wconf 83' lang='lat' dir='ltr'><strong>luisse,</strong></span> <span class='ocrx_word' id='word_1_75' title='bbox 689 968 790 1030; x_wconf 91' lang='lat' dir='ltr'><strong>quum</strong></span> <span class='ocrx_word' id='word_1_76' title='bbox 811 947 971 1014; x_wconf 89' lang='lat' dir='ltr'><strong>similibus</strong></span> <span class='ocrx_word' id='word_1_77' title='bbox 992 967 1086 1045; x_wconf 86' lang='lat' dir='ltr'><strong>prae·</strong></span> <span class='ocrx_word' id='word_1_78' title='bbox 1138 947 1325 1032; x_wconf 90' lang='lat' dir='ltr'><strong>ubicunque</strong></span> <span class='ocrx_word' id='word_1_79' title='bbox 1346 957 1489 1034; x_wconf 90' lang='lat' dir='ltr'><strong>agerent,</strong></span> <span class='ocrx_word' id='word_1_80' title='bbox 1512 946 1622 1014; x_wconf 89' lang='lat' dir='ltr'><strong>Deum</strong></span> <span class='ocrx_word' id='word_1_81' title='bbox 1641 949 1787 1015; x_wconf 88' lang='lat' dir='ltr'><strong>noluisse.</strong></span> <span class='ocrx_word' id='word_1_82' title='bbox 1828 948 1895 1015; x_wconf 82' lang='lat' dir='ltr'><strong>Sed</strong></span> <span class='ocrx_word' id='word_1_83' title='bbox 1913 949 1988 1032; x_wconf 90' lang='lat' dir='ltr'><strong>quia</strong></span> <span class='ocrx_word' id='word_1_84' title='bbox 2005 949 2110 1033; x_wconf 93' lang='lat' dir='ltr'><strong>pietas</strong></span> 
     </span>
     <span class='ocr_line' id='line_1_7' title="bbox 122 1032 2110 1120; baseline -0.001 -16"><span class='ocrx_word' id='word_1_85' title='bbox 122 1037 220 1120; x_wconf 89' lang='lat' dir='ltr'><strong>stigiis</strong></span> <span class='ocrx_word' id='word_1_86' title='bbox 242 1056 340 1118; x_wconf 88' lang='lat' dir='ltr'><strong>saepe</strong></span> <span class='ocrx_word' id='word_1_87' title='bbox 360 1034 479 1102; x_wconf 90' lang='lat' dir='ltr'><strong>illudat</strong></span> <span class='ocrx_word' id='word_1_88' title='bbox 500 1032 622 1112; x_wconf 84' lang='lat' dir='ltr'><strong>Satan,</strong></span> <span class='ocrx_word' id='word_1_89' title='bbox 647 1035 752 1117; x_wconf 86' lang='lat' dir='ltr'><strong>sitque</strong></span> <span class='ocrx_word' id='word_1_90' title='bbox 774 1033 866 1099; x_wconf 84' lang='lat' dir='ltr'><strong>velut</strong></span> <span class='ocrx_word' id='word_1_91' title='bbox 890 1033 952 1098; x_wconf 92' lang='lat' dir='ltr'><strong>Dei</strong></span> <span class='ocrx_word' id='word_1_92' title='bbox 975 1032 1086 1096; x_wconf 77' lang='lat' dir='ltr'><strong>simia:</strong></span> <span class='ocrx_word' id='word_1_93' title='bbox 1138 1033 1362 1099; x_wconf 90' lang='lat' dir='ltr'><strong>testimonium</strong></span> <span class='ocrx_word' id='word_1_94' title='bbox 1400 1032 1521 1101; x_wconf 91' lang='grc'><strong>666666</strong></span> <span class='ocrx_word' id='word_1_95' title='bbox 1560 1033 1656 1100; x_wconf 90' lang='lat' dir='ltr'><strong>debet</strong></span> <span class='ocrx_word' id='word_1_96' title='bbox 1694 1034 1782 1118; x_wconf 92' lang='lat' dir='ltr'><strong>apud</strong></span> <span class='ocrx_word' id='word_1_97' title='bbox 1820 1036 1985 1116; x_wconf 88' lang='lat' dir='ltr'><strong>homines,</strong></span> <span class='ocrx_word' id='word_1_98' title='bbox 2017 1033 2110 1103; x_wconf 92' lang='grc'><strong>16666</strong></span> 
     </span>
     <span class='ocr_line' id='line_1_8' title="bbox 121 1117 2110 1204; baseline 0 -16"><span class='ocrx_word' id='word_1_99' title='bbox 121 1120 290 1188; x_wconf 83' lang='lat' dir='ltr'><strong>tenendum</strong></span> <span class='ocrx_word' id='word_1_100' title='bbox 314 1121 471 1186; x_wconf 89' lang='lat' dir='ltr'><strong>memoria</strong></span> <span class='ocrx_word' id='word_1_101' title='bbox 491 1129 543 1186; x_wconf 95' lang='grc'><strong>666</strong></span> <span class='ocrx_word' id='word_1_102' title='bbox 563 1117 649 1202; x_wconf 90' lang='grc'><strong>6666</strong></span> <span class='ocrx_word' id='word_1_103' title='bbox 677 1117 756 1184; x_wconf 89' lang='grc'><strong>61161</strong></span> <span class='ocrx_word' id='word_1_104' title='bbox 783 1118 942 1197; x_wconf 83' lang='lat' dir='ltr'><strong>diximus,</strong></span> <span class='ocrx_word' id='word_1_105' title='bbox 973 1117 1086 1183; x_wconf 87' lang='grc'><strong>611661·</strong></span> <span class='ocrx_word' id='word_1_106' title='bbox 1138 1129 1245 1184; x_wconf 86' lang='lat' dir='ltr'><strong>erecto</strong></span> <span class='ocrx_word' id='word_1_107' title='bbox 1267 1133 1300 1184; x_wconf 91' lang='grc'><strong>66</strong></span> <span class='ocrx_word' id='word_1_108' title='bbox 1321 1131 1507 1188; x_wconf 87' lang='lat' dir='ltr'><strong>consecrato</strong></span> <span class='ocrx_word' id='word_1_109' title='bbox 1541 1119 1637 1185; x_wconf 87' lang='lat' dir='ltr'><strong>altari</strong></span> <span class='ocrx_word' id='word_1_110' title='bbox 1668 1121 1841 1204; x_wconf 83' lang='lat' dir='ltr'><strong>profitetur</strong></span> <span class='ocrx_word' id='word_1_111' title='bbox 1867 1142 1902 1187; x_wconf 93' lang='lat' dir='ltr'><strong>se</strong></span> <span class='ocrx_word' id='word_1_112' title='bbox 1935 1141 2051 1188; x_wconf 89' lang='lat' dir='ltr'><strong>verum</strong></span> <span class='ocrx_word' id='word_1_113' title='bbox 2077 1129 2110 1188; x_wconf 92' lang='lat' dir='ltr'><strong>et</strong></span> 
     </span>
     <span class='ocr_line' id='line_1_9' title="bbox 121 1202 2110 1292; baseline -0.001 -18"><span class='ocrx_word' id='word_1_114' title='bbox 121 1207 188 1274; x_wconf 91' lang='lat' dir='ltr'><strong>dam</strong></span> <span class='ocrx_word' id='word_1_115' title='bbox 224 1219 257 1272; x_wconf 89' lang='grc'><strong>66</strong></span> <span class='ocrx_word' id='word_1_116' title='bbox 289 1207 422 1272; x_wconf 89' lang='lat' dir='ltr'><strong>minime</strong></span> <span class='ocrx_word' id='word_1_117' title='bbox 455 1206 641 1289; x_wconf 89' lang='lat' dir='ltr'><strong>ambiguam</strong></span> <span class='ocrx_word' id='word_1_118' title='bbox 673 1217 783 1270; x_wconf 91' lang='lat' dir='ltr'><strong>notam</strong></span> <span class='ocrx_word' id='word_1_119' title='bbox 813 1203 874 1269; x_wconf 89' lang='lat' dir='ltr'><strong>Dei</strong></span> <span class='ocrx_word' id='word_1_120' title='bbox 909 1202 1087 1269; x_wconf 83' lang='lat' dir='ltr'><strong>visionibus</strong></span> <span class='ocrx_word' id='word_1_121' title='bbox 1138 1206 1270 1270; x_wconf 90' lang='lat' dir='ltr'><strong>unicum</strong></span> <span class='ocrx_word' id='word_1_122' title='bbox 1299 1206 1409 1271; x_wconf 90' lang='lat' dir='ltr'><strong>Deum</strong></span> <span class='ocrx_word' id='word_1_123' title='bbox 1438 1206 1559 1272; x_wconf 91' lang='lat' dir='ltr'><strong>colere:</strong></span> <span class='ocrx_word' id='word_1_124' title='bbox 1593 1214 1690 1288; x_wconf 89' lang='lat' dir='ltr'><strong>atque</strong></span> <span class='ocrx_word' id='word_1_125' title='bbox 1720 1205 1780 1272; x_wconf 88' lang='grc'><strong>666</strong></span> <span class='ocrx_word' id='word_1_126' title='bbox 1807 1205 1902 1272; x_wconf 92' lang='lat' dir='ltr'><strong>modo</strong></span> <span class='ocrx_word' id='word_1_127' title='bbox 1929 1228 1949 1273; x_wconf 88' lang='grc'><strong>6</strong></span> <span class='ocrx_word' id='word_1_128' title='bbox 1977 1207 2110 1292; x_wconf 90' lang='lat' dir='ltr'><strong>pollutis</strong></span> 
     </span>
     <span class='ocr_line' id='line_1_10' title="bbox 119 1289 2121 1376; baseline -0.001 -16"><span class='ocrx_word' id='word_1_129' title='bbox 119 1294 212 1360; x_wconf 89' lang='grc'><strong>161666</strong></span> <span class='ocrx_word' id='word_1_130' title='bbox 231 1290 446 1376; x_wconf 90' lang='lat' dir='ltr'><strong>insculptam:</strong></span> <span class='ocrx_word' id='word_1_131' title='bbox 469 1290 556 1357; x_wconf 91' lang='lat' dir='ltr'><strong>uude</strong></span> <span class='ocrx_word' id='word_1_132' title='bbox 577 1310 633 1356; x_wconf 90' lang='lat' dir='ltr'><strong>eas</strong></span> <span class='ocrx_word' id='word_1_133' title='bbox 655 1311 675 1356; x_wconf 88' lang='lat' dir='ltr'><strong>a</strong></span> <span class='ocrx_word' id='word_1_134' title='bbox 695 1289 834 1356; x_wconf 83' lang='lat' dir='ltr'><strong>fallaciis</strong></span> <span class='ocrx_word' id='word_1_135' title='bbox 854 1299 944 1356; x_wconf 90' lang='lat' dir='ltr'><strong>nerto</strong></span> <span class='ocrx_word' id='word_1_136' title='bbox 966 1289 1087 1354; x_wconf 89' lang='lat' dir='ltr'><strong>disner-</strong></span> <span class='ocrx_word' id='word_1_137' title='bbox 1160 1291 1285 1356; x_wconf 78' lang='grc'><strong>6661666</strong></span> <span class='ocrx_word' id='word_1_138' title='bbox 1317 1289 1418 1358; x_wconf 86' lang='grc'><strong>666616</strong></span> <span class='ocrx_word' id='word_1_139' title='bbox 1441 1312 1475 1357; x_wconf 91' lang='grc'><strong>66</strong></span> <span class='ocrx_word' id='word_1_140' title='bbox 1505 1290 1677 1374; x_wconf 89' lang='lat' dir='ltr'><strong>disiungit:</strong></span> <span class='ocrx_word' id='word_1_141' title='bbox 1705 1311 1765 1358; x_wconf 87' lang='grc'><strong>666</strong></span> <span class='ocrx_word' id='word_1_142' title='bbox 1784 1292 1847 1357; x_wconf 90' lang='lat' dir='ltr'><strong>sibi</strong></span> <span class='ocrx_word' id='word_1_143' title='bbox 1868 1291 1940 1372; x_wconf 91' lang='lat' dir='ltr'><strong>uni,</strong></span> <span class='ocrx_word' id='word_1_144' title='bbox 1970 1292 2027 1358; x_wconf 90' lang='grc'><strong>666</strong></span> <span class='ocrx_word' id='word_1_145' title='bbox 2050 1293 2121 1358; x_wconf 90' lang='lat' dir='ltr'><strong>toti·</strong></span> 
     </span>
     <span class='ocr_line' id='line_1_11' title="bbox 120 1311 2108 1459; baseline -0.001 -14"><span class='ocrx_word' id='word_1_146' title='bbox 120 1387 232 1445; x_wconf 91' lang='lat' dir='ltr'><strong>nerent</strong></span> <span class='ocrx_word' id='word_1_147' title='bbox 255 1377 385 1456; x_wconf 90' lang='grc'><strong>666166,</strong></span> <span class='ocrx_word' id='word_1_148' title='bbox 414 1398 455 1443; x_wconf 88' lang='grc'><strong>66</strong></span> <span class='ocrx_word' id='word_1_149' title='bbox 484 1375 565 1442; x_wconf 87' lang='lat' dir='ltr'><strong>fides</strong></span> <span class='ocrx_word' id='word_1_150' title='bbox 587 1397 701 1442; x_wconf 89' lang='lat' dir='ltr'><strong>eorum</strong></span> <span class='ocrx_word' id='word_1_151' title='bbox 722 1395 883 1459; x_wconf 88' lang='lat' dir='ltr'><strong>suspensa</strong></span> <span class='ocrx_word' id='word_1_152' title='bbox 903 1375 996 1442; x_wconf 87' lang='grc'><strong>16666.</strong></span> <span class='ocrx_word' id='word_1_153' title='bbox 1040 1374 1087 1438; x_wconf 81' lang='grc'><strong>166</strong></span> <span class='ocrx_word' id='word_1_154' title='bbox 1137 1311 1279 1442; x_wconf 76' lang='grc'><strong>16611166</strong></span> <span class='ocrx_word' id='word_1_155' title='bbox 1312 1376 1415 1442; x_wconf 88' lang='grc'><strong>616666</strong></span> <span class='ocrx_word' id='word_1_156' title='bbox 1444 1377 1565 1457; x_wconf 84' lang='grc'><strong>666616,</strong></span> <span class='ocrx_word' id='word_1_157' title='bbox 1598 1385 1637 1442; x_wconf 90' lang='grc'><strong>66</strong></span> <span class='ocrx_word' id='word_1_158' title='bbox 1665 1377 1733 1442; x_wconf 91' lang='grc'><strong>11116</strong></span> <span class='ocrx_word' id='word_1_159' title='bbox 1760 1398 1833 1444; x_wconf 90' lang='lat' dir='ltr'><strong>num</strong></span> <span class='ocrx_word' id='word_1_160' title='bbox 1860 1375 1928 1444; x_wconf 91' lang='grc'><strong>6616</strong></span> <span class='ocrx_word' id='word_1_161' title='bbox 1956 1379 2108 1444; x_wconf 90' lang='lat' dir='ltr'><strong>omuibus</strong></span> 
     </span>
     <span class='ocr_line' id='line_1_12' title="bbox 118 1459 2153 1548; baseline -0.002 -16"><span class='ocrx_word' id='word_1_162' title='bbox 118 1475 199 1532; x_wconf 88' lang='lat' dir='ltr'><strong>certe</strong></span> <span class='ocrx_word' id='word_1_163' title='bbox 230 1484 330 1548; x_wconf 91' lang='lat' dir='ltr'><strong>quum</strong></span> <span class='ocrx_word' id='word_1_164' title='bbox 353 1461 457 1530; x_wconf 80' lang='lat' dir='ltr'><strong>Satan</strong></span> <span class='ocrx_word' id='word_1_165' title='bbox 487 1461 618 1528; x_wconf 90' lang='lat' dir='ltr'><strong>nonnisi</strong></span> <span class='ocrx_word' id='word_1_166' title='bbox 646 1464 681 1527; x_wconf 93' lang='grc'><strong>16</strong></span> <span class='ocrx_word' id='word_1_167' title='bbox 709 1461 852 1528; x_wconf 85' lang='grc'><strong>66666616</strong></span> <span class='ocrx_word' id='word_1_168' title='bbox 879 1459 1011 1540; x_wconf 90' lang='grc'><strong>1116666,</strong></span> <span class='ocrx_word' id='word_1_169' title='bbox 1044 1459 1086 1525; x_wconf 87' lang='grc'><strong>66</strong></span> <span class='ocrx_word' id='word_1_170' title='bbox 1137 1461 1297 1528; x_wconf 87' lang='lat' dir='ltr'><strong>sacrificia</strong></span> <span class='ocrx_word' id='word_1_171' title='bbox 1324 1469 1504 1546; x_wconf 76' lang='lat' dir='ltr'><strong>perageret.</strong></span> <span class='ocrx_word' id='word_1_172' title='bbox 1547 1462 1654 1528; x_wconf 92' lang='lat' dir='ltr'><strong>Porro</strong></span> <span class='ocrx_word' id='word_1_173' title='bbox 1684 1484 1784 1547; x_wconf 91' lang='lat' dir='ltr'><strong>quum</strong></span> <span class='ocrx_word' id='word_1_174' title='bbox 1807 1462 1849 1528; x_wconf 90' lang='lat' dir='ltr'><strong>ad</strong></span> <span class='ocrx_word' id='word_1_175' title='bbox 1877 1471 2012 1529; x_wconf 87' lang='lat' dir='ltr'><strong>externa</strong></span> <span class='ocrx_word' id='word_1_176' title='bbox 2032 1462 2108 1529; x_wconf 89' lang='grc'><strong>6661</strong></span> <span class='ocrx_word' id='word_1_177' title='bbox 2149 1531 2153 1545; x_wconf 61' lang='grc'><strong>,</strong></span> 
     </span>
     <span class='ocr_line' id='line_1_13' title="bbox 118 1543 2108 1634; baseline -0.002 -16"><span class='ocrx_word' id='word_1_178' title='bbox 118 1551 174 1618; x_wconf 91' lang='lat' dir='ltr'><strong>hoc</strong></span> <span class='ocrx_word' id='word_1_179' title='bbox 205 1548 351 1634; x_wconf 89' lang='lat' dir='ltr'><strong>perinuln</strong></span> <span class='ocrx_word' id='word_1_180' title='bbox 382 1547 498 1616; x_wconf 87' lang='lat' dir='ltr'><strong>eximit</strong></span> <span class='ocrx_word' id='word_1_181' title='bbox 524 1545 617 1614; x_wconf 90' lang='lat' dir='ltr'><strong>Deus</strong></span> <span class='ocrx_word' id='word_1_182' title='bbox 649 1547 732 1614; x_wconf 84' lang='lat' dir='ltr'><strong>tilios</strong></span> <span class='ocrx_word' id='word_1_183' title='bbox 764 1567 857 1624; x_wconf 88' lang='lat' dir='ltr'><strong>snos,</strong></span> <span class='ocrx_word' id='word_1_184' title='bbox 891 1546 1003 1613; x_wconf 88' lang='lat' dir='ltr'><strong>vultus</strong></span> <span class='ocrx_word' id='word_1_185' title='bbox 1035 1543 1086 1613; x_wconf 89' lang='lat' dir='ltr'><strong>sui</strong></span> <span class='ocrx_word' id='word_1_186' title='bbox 1136 1547 1292 1613; x_wconf 88' lang='lat' dir='ltr'><strong>exercitia</strong></span> <span class='ocrx_word' id='word_1_187' title='bbox 1313 1546 1480 1614; x_wconf 90' lang='lat' dir='ltr'><strong>conditum</strong></span> <span class='ocrx_word' id='word_1_188' title='bbox 1502 1547 1602 1614; x_wconf 75' lang='lat' dir='ltr'><strong>buerit</strong></span> <span class='ocrx_word' id='word_1_189' title='bbox 1623 1547 1740 1626; x_wconf 88' lang='lat' dir='ltr'><strong>altare,</strong></span> <span class='ocrx_word' id='word_1_190' title='bbox 1762 1548 1925 1616; x_wconf 89' lang='lat' dir='ltr'><strong>invocatio</strong></span> <span class='ocrx_word' id='word_1_191' title='bbox 1947 1547 2012 1614; x_wconf 92' lang='lat' dir='ltr'><strong>Dei</strong></span> <span class='ocrx_word' id='word_1_192' title='bbox 2034 1558 2108 1614; x_wconf 88' lang='lat' dir='ltr'><strong>tnu-</strong></span> 
     </span>
     <span class='ocr_line' id='line_1_14' title="bbox 117 1631 2110 1719; baseline -0.001 -17"><span class='ocrx_word' id='word_1_193' title='bbox 117 1635 285 1719; x_wconf 89' lang='lat' dir='ltr'><strong>spleudnre</strong></span> <span class='ocrx_word' id='word_1_194' title='bbox 311 1655 423 1700; x_wconf 90' lang='lat' dir='ltr'><strong>eorum</strong></span> <span class='ocrx_word' id='word_1_195' title='bbox 451 1634 561 1702; x_wconf 88' lang='lat' dir='ltr'><strong>oculos</strong></span> <span class='ocrx_word' id='word_1_196' title='bbox 589 1632 768 1700; x_wconf 91' lang='lat' dir='ltr'><strong>illustrans.</strong></span> <span class='ocrx_word' id='word_1_197' title='bbox 813 1631 989 1699; x_wconf 79' lang='lat' dir='ltr'><strong>Caeterum</strong></span> <span class='ocrx_word' id='word_1_198' title='bbox 1016 1631 1086 1716; x_wconf 88' lang='lat' dir='ltr'><strong>glo·</strong></span> <span class='ocrx_word' id='word_1_199' title='bbox 1136 1632 1271 1698; x_wconf 89' lang='lat' dir='ltr'><strong>tundam</strong></span> <span class='ocrx_word' id='word_1_200' title='bbox 1294 1632 1383 1699; x_wconf 91' lang='grc'><strong>66166</strong></span> <span class='ocrx_word' id='word_1_201' title='bbox 1403 1654 1442 1699; x_wconf 89' lang='grc'><strong>66</strong></span> <span class='ocrx_word' id='word_1_202' title='bbox 1463 1633 1492 1698; x_wconf 91' lang='grc'><strong>61</strong></span> <span class='ocrx_word' id='word_1_203' title='bbox 1513 1632 1651 1698; x_wconf 85' lang='lat' dir='ltr'><strong>dixisset</strong></span> <span class='ocrx_word' id='word_1_204' title='bbox 1670 1632 1797 1712; x_wconf 88' lang='lat' dir='ltr'><strong>Moses,</strong></span> <span class='ocrx_word' id='word_1_205' title='bbox 1820 1633 1912 1700; x_wconf 88' lang='lat' dir='ltr'><strong>Isaac</strong></span> <span class='ocrx_word' id='word_1_206' title='bbox 1930 1632 2110 1702; x_wconf 87' lang='lat' dir='ltr'><strong>celebrasse</strong></span> 
     </span>
     <span class='ocr_line' id='line_1_15' title="bbox 117 1717 2109 1802; baseline -0.001 -15"><span class='ocrx_word' id='word_1_207' title='bbox 117 1724 193 1788; x_wconf 80' lang='grc'><strong>61666</strong></span> <span class='ocrx_word' id='word_1_208' title='bbox 225 1740 317 1787; x_wconf 90' lang='lat' dir='ltr'><strong>suam</strong></span> <span class='ocrx_word' id='word_1_209' title='bbox 347 1740 413 1785; x_wconf 92' lang='lat' dir='ltr'><strong>non</strong></span> <span class='ocrx_word' id='word_1_210' title='bbox 437 1719 473 1784; x_wconf 92' lang='lat' dir='ltr'><strong>in</strong></span> <span class='ocrx_word' id='word_1_211' title='bbox 501 1718 642 1786; x_wconf 87' lang='lat' dir='ltr'><strong>solidum</strong></span> <span class='ocrx_word' id='word_1_212' title='bbox 670 1719 819 1802; x_wconf 83' lang='lat' dir='ltr'><strong>patefecit</strong></span> <span class='ocrx_word' id='word_1_213' title='bbox 842 1719 934 1784; x_wconf 87' lang='lat' dir='ltr'><strong>Dens</strong></span> <span class='ocrx_word' id='word_1_214' title='bbox 963 1718 1085 1784; x_wconf 89' lang='lat' dir='ltr'><strong>sanctis</strong></span> <span class='ocrx_word' id='word_1_215' title='bbox 1137 1717 1200 1784; x_wconf 93' lang='lat' dir='ltr'><strong>Dei</strong></span> <span class='ocrx_word' id='word_1_216' title='bbox 1223 1739 1359 1798; x_wconf 90' lang='lat' dir='ltr'><strong>nomen,</strong></span> <span class='ocrx_word' id='word_1_217' title='bbox 1388 1731 1422 1783; x_wconf 90' lang='lat' dir='ltr'><strong>et</strong></span> <span class='ocrx_word' id='word_1_218' title='bbox 1444 1717 1484 1784; x_wconf 93' lang='lat' dir='ltr'><strong>de</strong></span> <span class='ocrx_word' id='word_1_219' title='bbox 1511 1741 1571 1785; x_wconf 88' lang='grc'><strong>666</strong></span> <span class='ocrx_word' id='word_1_220' title='bbox 1597 1717 1661 1785; x_wconf 88' lang='grc'><strong>666</strong></span> <span class='ocrx_word' id='word_1_221' title='bbox 1689 1729 1846 1785; x_wconf 89' lang='lat' dir='ltr'><strong>testatum</strong></span> <span class='ocrx_word' id='word_1_222' title='bbox 1874 1740 1954 1786; x_wconf 90' lang='grc'><strong>6666.</strong></span> <span class='ocrx_word' id='word_1_223' title='bbox 1998 1718 2109 1786; x_wconf 91' lang='lat' dir='ltr'><strong>Habet</strong></span> 
     </span>
     <span class='ocr_line' id='line_1_16' title="bbox 114 1803 2109 1890; baseline -0.002 -16"><span class='ocrx_word' id='word_1_224' title='bbox 114 1807 270 1890; x_wconf 88' lang='lat' dir='ltr'><strong>patribus,</strong></span> <span class='ocrx_word' id='word_1_225' title='bbox 293 1805 351 1872; x_wconf 89' lang='grc'><strong>666</strong></span> <span class='ocrx_word' id='word_1_226' title='bbox 368 1806 506 1872; x_wconf 82' lang='lat' dir='ltr'><strong>formam</strong></span> <span class='ocrx_word' id='word_1_227' title='bbox 524 1805 641 1882; x_wconf 88' lang='lat' dir='ltr'><strong>induit,</strong></span> <span class='ocrx_word' id='word_1_228' title='bbox 659 1825 702 1872; x_wconf 89' lang='lat' dir='ltr'><strong>ex</strong></span> <span class='ocrx_word' id='word_1_229' title='bbox 719 1825 784 1887; x_wconf 91' lang='lat' dir='ltr'><strong>qua</strong></span> <span class='ocrx_word' id='word_1_230' title='bbox 801 1825 876 1870; x_wconf 90' lang='lat' dir='ltr'><strong>eum</strong></span> <span class='ocrx_word' id='word_1_231' title='bbox 893 1824 953 1886; x_wconf 91' lang='lat' dir='ltr'><strong>pro</strong></span> <span class='ocrx_word' id='word_1_232' title='bbox 970 1812 1085 1886; x_wconf 89' lang='lat' dir='ltr'><strong>captus</strong></span> <span class='ocrx_word' id='word_1_233' title='bbox 1136 1805 1234 1869; x_wconf 91' lang='lat' dir='ltr'><strong>etiam</strong></span> <span class='ocrx_word' id='word_1_234' title='bbox 1263 1803 1403 1870; x_wconf 86' lang='lat' dir='ltr'><strong>alterum</strong></span> <span class='ocrx_word' id='word_1_235' title='bbox 1436 1826 1532 1870; x_wconf 90' lang='lat' dir='ltr'><strong>usum</strong></span> <span class='ocrx_word' id='word_1_236' title='bbox 1562 1803 1700 1871; x_wconf 86' lang='lat' dir='ltr'><strong>visibilis</strong></span> <span class='ocrx_word' id='word_1_237' title='bbox 1727 1805 1790 1872; x_wconf 89' lang='lat' dir='ltr'><strong>iste</strong></span> <span class='ocrx_word' id='word_1_238' title='bbox 1818 1805 1883 1870; x_wconf 93' lang='lat' dir='ltr'><strong>Dei</strong></span> <span class='ocrx_word' id='word_1_239' title='bbox 1913 1805 2037 1884; x_wconf 89' lang='lat' dir='ltr'><strong>nultus,</strong></span> <span class='ocrx_word' id='word_1_240' title='bbox 2070 1816 2109 1871; x_wconf 92' lang='lat' dir='ltr'><strong>ut</strong></span> 
     </span>
     <span class='ocr_line' id='line_1_17' title="bbox 115 1886 2109 1976; baseline -0.001 -18"><span class='ocrx_word' id='word_1_241' title='bbox 115 1893 163 1958; x_wconf 90' lang='grc'><strong>661</strong></span> <span class='ocrx_word' id='word_1_242' title='bbox 184 1891 317 1958; x_wconf 92' lang='lat' dir='ltr'><strong>modulo</strong></span> <span class='ocrx_word' id='word_1_243' title='bbox 341 1900 569 1976; x_wconf 87' lang='lat' dir='ltr'><strong>agnoscerent:</strong></span> <span class='ocrx_word' id='word_1_244' title='bbox 597 1910 674 1956; x_wconf 89' lang='lat' dir='ltr'><strong>nam</strong></span> <span class='ocrx_word' id='word_1_245' title='bbox 696 1898 732 1956; x_wconf 89' lang='lat' dir='ltr'><strong>ut</strong></span> <span class='ocrx_word' id='word_1_246' title='bbox 762 1891 924 1956; x_wconf 88' lang='lat' dir='ltr'><strong>immensa</strong></span> <span class='ocrx_word' id='word_1_247' title='bbox 949 1896 1000 1955; x_wconf 91' lang='lat' dir='ltr'><strong>est</strong></span> <span class='ocrx_word' id='word_1_248' title='bbox 1020 1886 1085 1954; x_wconf 92' lang='lat' dir='ltr'><strong>Dei</strong></span> <span class='ocrx_word' id='word_1_249' title='bbox 1136 1890 1259 1958; x_wconf 89' lang='grc'><strong>66111666</strong></span> <span class='ocrx_word' id='word_1_250' title='bbox 1280 1890 1431 1957; x_wconf 91' lang='lat' dir='ltr'><strong>homiues</strong></span> <span class='ocrx_word' id='word_1_251' title='bbox 1452 1911 1511 1974; x_wconf 93' lang='lat' dir='ltr'><strong>pro</strong></span> <span class='ocrx_word' id='word_1_252' title='bbox 1532 1912 1593 1956; x_wconf 88' lang='grc'><strong>666</strong></span> <span class='ocrx_word' id='word_1_253' title='bbox 1612 1891 1802 1956; x_wconf 88' lang='lat' dir='ltr'><strong>infirmitate</strong></span> <span class='ocrx_word' id='word_1_254' title='bbox 1821 1889 1863 1957; x_wconf 85' lang='lat' dir='ltr'><strong>ad</strong></span> <span class='ocrx_word' id='word_1_255' title='bbox 1881 1889 2032 1957; x_wconf 91' lang='lat' dir='ltr'><strong>timorem</strong></span> <span class='ocrx_word' id='word_1_256' title='bbox 2043 1892 2109 1957; x_wconf 93' lang='lat' dir='ltr'><strong>Dei</strong></span> 
     </span>
     <span class='ocr_line' id='line_1_18' title="bbox 114 1973 2108 2060; baseline -0.001 -16"><span class='ocrx_word' id='word_1_257' title='bbox 114 1978 281 2058; x_wconf 85' lang='grc'><strong>66166666,</strong></span> <span class='ocrx_word' id='word_1_258' title='bbox 304 1998 410 2060; x_wconf 89' lang='grc'><strong>66666</strong></span> <span class='ocrx_word' id='word_1_259' title='bbox 431 1977 575 2042; x_wconf 87' lang='lat' dir='ltr'><strong>humano</strong></span> <span class='ocrx_word' id='word_1_260' title='bbox 596 1996 693 2042; x_wconf 88' lang='lat' dir='ltr'><strong>sensu</strong></span> <span class='ocrx_word' id='word_1_261' title='bbox 714 1973 947 2059; x_wconf 86' lang='lat' dir='ltr'><strong>comprehendi</strong></span> <span class='ocrx_word' id='word_1_262' title='bbox 967 1983 1084 2058; x_wconf 88' lang='lat' dir='ltr'><strong>potest,</strong></span> <span class='ocrx_word' id='word_1_263' title='bbox 1135 1996 1171 2042; x_wconf 89' lang='lat' dir='ltr'><strong>se</strong></span> <span class='ocrx_word' id='word_1_264' title='bbox 1188 1975 1401 2043; x_wconf 89' lang='lat' dir='ltr'><strong>exstimulent</strong></span> <span class='ocrx_word' id='word_1_265' title='bbox 1412 1984 1444 2040; x_wconf 90' lang='grc'><strong>66</strong></span> <span class='ocrx_word' id='word_1_266' title='bbox 1455 1987 1636 2042; x_wconf 87' lang='lat' dir='ltr'><strong>exerceant.</strong></span> <span class='ocrx_word' id='word_1_267' title='bbox 1668 1973 1722 2041; x_wconf 83' lang='lat' dir='ltr'><strong>Ad</strong></span> <span class='ocrx_word' id='word_1_268' title='bbox 1741 1977 1830 2057; x_wconf 90' lang='lat' dir='ltr'><strong>haec,</strong></span> <span class='ocrx_word' id='word_1_269' title='bbox 1848 1998 1949 2059; x_wconf 93' lang='lat' dir='ltr'><strong>quum</strong></span> <span class='ocrx_word' id='word_1_270' title='bbox 1967 1977 2108 2043; x_wconf 87' lang='lat' dir='ltr'><strong>sciamus</strong></span> 
     </span>
     <span class='ocr_line' id='line_1_19' title="bbox 113 2058 2108 2138; baseline -0.001 -8"><span class='ocrx_word' id='word_1_271' title='bbox 113 2072 144 2130; x_wconf 88' lang='grc'><strong>66</strong></span> <span class='ocrx_word' id='word_1_272' title='bbox 164 2083 226 2130; x_wconf 80' lang='lat' dir='ltr'><strong>sua</strong></span> <span class='ocrx_word' id='word_1_273' title='bbox 242 2085 275 2128; x_wconf 91' lang='lat' dir='ltr'><strong>m</strong></span> <span class='ocrx_word' id='word_1_274' title='bbox 343 2062 468 2129; x_wconf 91' lang='lat' dir='ltr'><strong>itudine</strong></span> <span class='ocrx_word' id='word_1_275' title='bbox 490 2071 594 2128; x_wconf 87' lang='lat' dir='ltr'><strong>totum</strong></span> <span class='ocrx_word' id='word_1_276' title='bbox 616 2060 776 2128; x_wconf 89' lang='lat' dir='ltr'><strong>mundum</strong></span> <span class='ocrx_word' id='word_1_277' title='bbox 798 2059 955 2127; x_wconf 87' lang='lat' dir='ltr'><strong>absorbet</strong></span> <span class='ocrx_word' id='word_1_278' title='bbox 988 2058 1084 2126; x_wconf 83' lang='lat' dir='ltr'><strong>Adde</strong></span> <span class='ocrx_word' id='word_1_279' title='bbox 1135 2070 1214 2129; x_wconf 89' lang='grc'><strong>6666</strong></span> <span class='ocrx_word' id='word_1_280' title='bbox 1236 2060 1389 2128; x_wconf 90' lang='lat' dir='ltr'><strong>mandata</strong></span> <span class='ocrx_word' id='word_1_281' title='bbox 1410 2062 1509 2130; x_wconf 88' lang='grc'><strong>161666</strong></span> <span class='ocrx_word' id='word_1_282' title='bbox 1531 2061 1701 2138; x_wconf 88' lang='grc'><strong>666616616,</strong></span> <span class='ocrx_word' id='word_1_283' title='bbox 1726 2061 1905 2128; x_wconf 89' lang='lat' dir='ltr'><strong>tenendum</strong></span> <span class='ocrx_word' id='word_1_284' title='bbox 1927 2069 1992 2138; x_wconf 86' lang='lat' dir='ltr'><strong>est,</strong></span> <span class='ocrx_word' id='word_1_285' title='bbox 2014 2060 2108 2128; x_wconf 89' lang='lat' dir='ltr'><strong>Isaac</strong></span> 
     </span>
     <span class='ocr_line' id='line_1_20' title="bbox 113 2145 2107 2232; baseline -0.001 -18"><span class='ocrx_word' id='word_1_286' title='bbox 113 2147 195 2232; x_wconf 91' lang='lat' dir='ltr'><strong>quod</strong></span> <span class='ocrx_word' id='word_1_287' title='bbox 218 2149 261 2214; x_wconf 90' lang='lat' dir='ltr'><strong>ad</strong></span> <span class='ocrx_word' id='word_1_288' title='bbox 318 2149 349 2214; x_wconf 92' lang='grc'><strong>61</strong></span> <span class='ocrx_word' id='word_1_289' title='bbox 370 2149 588 2232; x_wconf 89' lang='lat' dir='ltr'><strong>praesentiam</strong></span> <span class='ocrx_word' id='word_1_290' title='bbox 618 2167 749 2214; x_wconf 89' lang='lat' dir='ltr'><strong>necesso</strong></span> <span class='ocrx_word' id='word_1_291' title='bbox 777 2158 828 2213; x_wconf 90' lang='lat' dir='ltr'><strong>est</strong></span> <span class='ocrx_word' id='word_1_292' title='bbox 855 2146 1005 2212; x_wconf 90' lang='lat' dir='ltr'><strong>homines</strong></span> <span class='ocrx_word' id='word_1_293' title='bbox 1025 2165 1085 2229; x_wconf 90' lang='lat' dir='ltr'><strong>pro</strong></span> <span class='ocrx_word' id='word_1_294' title='bbox 1135 2168 1201 2212; x_wconf 91' lang='lat' dir='ltr'><strong>uon</strong></span> <span class='ocrx_word' id='word_1_295' title='bbox 1223 2155 1345 2213; x_wconf 89' lang='lat' dir='ltr'><strong>temere</strong></span> <span class='ocrx_word' id='word_1_296' title='bbox 1366 2147 1484 2214; x_wconf 84' lang='lat' dir='ltr'><strong>lusisse</strong></span> <span class='ocrx_word' id='word_1_297' title='bbox 1505 2148 1540 2213; x_wconf 92' lang='lat' dir='ltr'><strong>in</strong></span> <span class='ocrx_word' id='word_1_298' title='bbox 1560 2145 1634 2212; x_wconf 92' lang='lat' dir='ltr'><strong>Deo</strong></span> <span class='ocrx_word' id='word_1_299' title='bbox 1655 2146 1807 2226; x_wconf 91' lang='lat' dir='ltr'><strong>nolendo,</strong></span> <span class='ocrx_word' id='word_1_300' title='bbox 1834 2147 1891 2214; x_wconf 90' lang='lat' dir='ltr'><strong>sed</strong></span> <span class='ocrx_word' id='word_1_301' title='bbox 1913 2147 1989 2214; x_wconf 90' lang='lat' dir='ltr'><strong>fidei</strong></span> <span class='ocrx_word' id='word_1_302' title='bbox 2011 2169 2107 2232; x_wconf 83' lang='lat' dir='ltr'><strong>regu-</strong></span> 
     </span>
     <span class='ocr_line' id='line_1_21' title="bbox 112 2230 2106 2317; baseline -0.001 -17"><span class='ocrx_word' id='word_1_303' title='bbox 112 2255 169 2302; x_wconf 88' lang='lat' dir='ltr'><strong>sua</strong></span> <span class='ocrx_word' id='word_1_304' title='bbox 189 2235 384 2300; x_wconf 88' lang='lat' dir='ltr'><strong>infirmitate</strong></span> <span class='ocrx_word' id='word_1_305' title='bbox 405 2255 470 2299; x_wconf 92' lang='lat' dir='ltr'><strong>nou</strong></span> <span class='ocrx_word' id='word_1_306' title='bbox 493 2231 589 2300; x_wconf 89' lang='lat' dir='ltr'><strong>modo</strong></span> <span class='ocrx_word' id='word_1_307' title='bbox 610 2232 797 2316; x_wconf 85' lang='lat' dir='ltr'><strong>liquescere.</strong></span> <span class='ocrx_word' id='word_1_308' title='bbox 820 2231 878 2299; x_wconf 93' lang='lat' dir='ltr'><strong>sed</strong></span> <span class='ocrx_word' id='word_1_309' title='bbox 899 2251 1032 2315; x_wconf 89' lang='lat' dir='ltr'><strong>prorsus</strong></span> <span class='ocrx_word' id='word_1_310' title='bbox 1048 2230 1083 2296; x_wconf 93' lang='lat' dir='ltr'><strong>in</strong></span> <span class='ocrx_word' id='word_1_311' title='bbox 1135 2232 1201 2298; x_wconf 90' lang='lat' dir='ltr'><strong>lam</strong></span> <span class='ocrx_word' id='word_1_312' title='bbox 1223 2253 1380 2313; x_wconf 88' lang='lat' dir='ltr'><strong>servasse,</strong></span> <span class='ocrx_word' id='word_1_313' title='bbox 1401 2255 1443 2298; x_wconf 91' lang='grc'><strong>66</strong></span> <span class='ocrx_word' id='word_1_314' title='bbox 1464 2231 1543 2317; x_wconf 88' lang='grc'><strong>6616</strong></span> <span class='ocrx_word' id='word_1_315' title='bbox 1564 2234 1629 2297; x_wconf 88' lang='grc'><strong>6161</strong></span> <span class='ocrx_word' id='word_1_316' title='bbox 1650 2254 1692 2298; x_wconf 91' lang='grc'><strong>66</strong></span> <span class='ocrx_word' id='word_1_317' title='bbox 1714 2233 1777 2299; x_wconf 90' lang='lat' dir='ltr'><strong>Dei</strong></span> <span class='ocrx_word' id='word_1_318' title='bbox 1798 2232 1897 2299; x_wconf 88' lang='lat' dir='ltr'><strong>verbo</strong></span> <span class='ocrx_word' id='word_1_319' title='bbox 1919 2234 2106 2317; x_wconf 88' lang='lat' dir='ltr'><strong>susciperet.</strong></span> 
     </span>
     <span class='ocr_line' id='line_1_22' title="bbox 113 2316 2106 2404; baseline -0.001 -18"><span class='ocrx_word' id='word_1_320' title='bbox 113 2320 251 2386; x_wconf 87' lang='lat' dir='ltr'><strong>nibilum</strong></span> <span class='ocrx_word' id='word_1_321' title='bbox 273 2319 386 2404; x_wconf 79' lang='lat' dir='ltr'><strong>redigi.</strong></span> <span class='ocrx_word' id='word_1_322' title='bbox 431 2317 542 2402; x_wconf 77' lang='lat' dir='ltr'><strong>Quare</strong></span> <span class='ocrx_word' id='word_1_323' title='bbox 563 2338 630 2383; x_wconf 90' lang='lat' dir='ltr'><strong>non</strong></span> <span class='ocrx_word' id='word_1_324' title='bbox 653 2319 817 2403; x_wconf 87' lang='lat' dir='ltr'><strong>signifieat</strong></span> <span class='ocrx_word' id='word_1_325' title='bbox 837 2316 950 2384; x_wconf 88' lang='lat' dir='ltr'><strong>Moses</strong></span> <span class='ocrx_word' id='word_1_326' title='bbox 974 2317 1084 2382; x_wconf 87' lang='lat' dir='ltr'><strong>visum</strong></span> <span class='ocrx_word' id='word_1_327' title='bbox 1135 2318 1232 2386; x_wconf 88' lang='lat' dir='ltr'><strong>Unde</strong></span> <span class='ocrx_word' id='word_1_328' title='bbox 1253 2320 1351 2384; x_wconf 91' lang='lat' dir='ltr'><strong>etiam</strong></span> <span class='ocrx_word' id='word_1_329' title='bbox 1373 2318 1555 2404; x_wconf 84' lang='lat' dir='ltr'><strong>colligimus</strong></span> <span class='ocrx_word' id='word_1_330' title='bbox 1580 2338 1677 2403; x_wconf 89' lang='lat' dir='ltr'><strong>quam</strong></span> <span class='ocrx_word' id='word_1_331' title='bbox 1707 2329 1916 2402; x_wconf 89' lang='lat' dir='ltr'><strong>praepostera</strong></span> <span class='ocrx_word' id='word_1_332' title='bbox 1937 2319 1980 2386; x_wconf 90' lang='grc'><strong>616</strong></span> <span class='ocrx_word' id='word_1_333' title='bbox 2001 2328 2033 2384; x_wconf 90' lang='grc'><strong>66</strong></span> <span class='ocrx_word' id='word_1_334' title='bbox 2054 2341 2106 2384; x_wconf 91' lang='lat' dir='ltr'><strong>er·</strong></span> 
     </span>
     <span class='ocr_line' id='line_1_23' title="bbox 111 2401 2105 2488; baseline -0.001 -16"><span class='ocrx_word' id='word_1_335' title='bbox 111 2407 209 2472; x_wconf 86' lang='lat' dir='ltr'><strong>fuisse</strong></span> <span class='ocrx_word' id='word_1_336' title='bbox 230 2404 340 2472; x_wconf 92' lang='lat' dir='ltr'><strong>Deum</strong></span> <span class='ocrx_word' id='word_1_337' title='bbox 363 2405 469 2488; x_wconf 90' lang='lat' dir='ltr'><strong>qualis</strong></span> <span class='ocrx_word' id='word_1_338' title='bbox 490 2416 524 2470; x_wconf 90' lang='grc'><strong>66</strong></span> <span class='ocrx_word' id='word_1_339' title='bbox 545 2413 686 2487; x_wconf 88' lang='lat' dir='ltr'><strong>quantus</strong></span> <span class='ocrx_word' id='word_1_340' title='bbox 707 2404 742 2469; x_wconf 93' lang='lat' dir='ltr'><strong>in</strong></span> <span class='ocrx_word' id='word_1_341' title='bbox 766 2425 802 2469; x_wconf 89' lang='lat' dir='ltr'><strong>se</strong></span> <span class='ocrx_word' id='word_1_342' title='bbox 824 2413 883 2483; x_wconf 88' lang='lat' dir='ltr'><strong>est,</strong></span> <span class='ocrx_word' id='word_1_343' title='bbox 906 2401 964 2468; x_wconf 92' lang='lat' dir='ltr'><strong>sed</strong></span> <span class='ocrx_word' id='word_1_344' title='bbox 984 2411 1085 2486; x_wconf 89' lang='lat' dir='ltr'><strong>prout</strong></span> <span class='ocrx_word' id='word_1_345' title='bbox 1134 2406 1237 2471; x_wconf 86' lang='grc'><strong>666166</strong></span> <span class='ocrx_word' id='word_1_346' title='bbox 1254 2412 1387 2487; x_wconf 89' lang='lat' dir='ltr'><strong>patrum</strong></span> <span class='ocrx_word' id='word_1_347' title='bbox 1403 2405 1553 2483; x_wconf 75' lang='lat' dir='ltr'><strong>imitatio,</strong></span> <span class='ocrx_word' id='word_1_348' title='bbox 1571 2403 1636 2470; x_wconf 91' lang='lat' dir='ltr'><strong>nisi</strong></span> <span class='ocrx_word' id='word_1_349' title='bbox 1653 2402 1817 2470; x_wconf 91' lang='lat' dir='ltr'><strong>Dominus</strong></span> <span class='ocrx_word' id='word_1_350' title='bbox 1834 2403 1935 2470; x_wconf 92' lang='lat' dir='ltr'><strong>simili</strong></span> <span class='ocrx_word' id='word_1_351' title='bbox 1950 2403 2105 2470; x_wconf 89' lang='lat' dir='ltr'><strong>mandato</strong></span> 
     </span>
     <span class='ocr_line' id='line_1_24' title="bbox 110 2488 2106 2576; baseline 0 -19"><span class='ocrx_word' id='word_1_352' title='bbox 110 2493 178 2558; x_wconf 92' lang='lat' dir='ltr'><strong>eius</strong></span> <span class='ocrx_word' id='word_1_353' title='bbox 216 2501 428 2576; x_wconf 87' lang='lat' dir='ltr'><strong>conspectum</strong></span> <span class='ocrx_word' id='word_1_354' title='bbox 465 2490 552 2557; x_wconf 90' lang='grc'><strong>16666</strong></span> <span class='ocrx_word' id='word_1_355' title='bbox 589 2498 717 2572; x_wconf 88' lang='lat' dir='ltr'><strong>poterat</strong></span> <span class='ocrx_word' id='word_1_356' title='bbox 747 2489 851 2554; x_wconf 89' lang='grc' dir='ltr'><strong>Ι6666.</strong></span> <span class='ocrx_word' id='word_1_357' title='bbox 907 2488 1082 2555; x_wconf 84' lang='lat' dir='ltr'><strong>anterum</strong></span> <span class='ocrx_word' id='word_1_358' title='bbox 1134 2511 1195 2556; x_wconf 90' lang='lat' dir='ltr'><strong>nos</strong></span> <span class='ocrx_word' id='word_1_359' title='bbox 1230 2491 1296 2557; x_wconf 90' lang='lat' dir='ltr'><strong>illis</strong></span> <span class='ocrx_word' id='word_1_360' title='bbox 1327 2491 1512 2576; x_wconf 88' lang='lat' dir='ltr'><strong>coniungat.</strong></span> <span class='ocrx_word' id='word_1_361' title='bbox 1565 2490 1698 2556; x_wconf 90' lang='lat' dir='ltr'><strong>Interea</strong></span> <span class='ocrx_word' id='word_1_362' title='bbox 1729 2489 1815 2556; x_wconf 85' lang='grc'><strong>61666</strong></span> <span class='ocrx_word' id='word_1_363' title='bbox 1853 2501 1973 2556; x_wconf 88' lang='grc'><strong>666666</strong></span> <span class='ocrx_word' id='word_1_364' title='bbox 2006 2490 2106 2557; x_wconf 84' lang='grc'><strong>66666</strong></span> 
     </span>
     <span class='ocr_line' id='line_1_25' title="bbox 110 2575 2105 2661; baseline -0.001 -17"><span class='ocrx_word' id='word_1_365' title='bbox 110 2577 192 2661; x_wconf 90' lang='grc'><strong>6666</strong></span> <span class='ocrx_word' id='word_1_366' title='bbox 216 2577 363 2643; x_wconf 89' lang='lat' dir='ltr'><strong>diximus</strong></span> <span class='ocrx_word' id='word_1_367' title='bbox 384 2575 543 2644; x_wconf 87' lang='lat' dir='ltr'><strong>visionem</strong></span> <span class='ocrx_word' id='word_1_368' title='bbox 566 2575 749 2642; x_wconf 89' lang='lat' dir='ltr'><strong>divinitatis</strong></span> <span class='ocrx_word' id='word_1_369' title='bbox 771 2582 889 2641; x_wconf 90' lang='lat' dir='ltr'><strong>testem</strong></span> <span class='ocrx_word' id='word_1_370' title='bbox 911 2575 1019 2653; x_wconf 88' lang='grc'><strong>161666,</strong></span> <span class='ocrx_word' id='word_1_371' title='bbox 1044 2580 1082 2638; x_wconf 91' lang='grc'><strong>66</strong></span> <span class='ocrx_word' id='word_1_372' title='bbox 1133 2575 1255 2654; x_wconf 84' lang='lat' dir='ltr'><strong>Musis,</strong></span> <span class='ocrx_word' id='word_1_373' title='bbox 1288 2597 1499 2660; x_wconf 90' lang='lat' dir='ltr'><strong>quaeeunque</strong></span> <span class='ocrx_word' id='word_1_374' title='bbox 1527 2575 1640 2642; x_wconf 86' lang='lat' dir='ltr'><strong>fideles</strong></span> <span class='ocrx_word' id='word_1_375' title='bbox 1668 2577 1799 2659; x_wconf 88' lang='lat' dir='ltr'><strong>pietatis</strong></span> <span class='ocrx_word' id='word_1_376' title='bbox 1827 2577 1983 2642; x_wconf 88' lang='lat' dir='ltr'><strong>exercitia</strong></span> <span class='ocrx_word' id='word_1_377' title='bbox 2004 2578 2105 2642; x_wconf 90' lang='lat' dir='ltr'><strong>susci·</strong></span> 
     </span>
     <span class='ocr_line' id='line_1_26' title="bbox 107 2659 2105 2746; baseline -0.002 -16"><span class='ocrx_word' id='word_1_378' title='bbox 107 2662 188 2730; x_wconf 87' lang='lat' dir='ltr'><strong>fides</strong></span> <span class='ocrx_word' id='word_1_379' title='bbox 212 2671 380 2730; x_wconf 89' lang='lat' dir='ltr'><strong>constaret</strong></span> <span class='ocrx_word' id='word_1_380' title='bbox 405 2661 552 2741; x_wconf 90' lang='lat' dir='ltr'><strong>oraculo,</strong></span> <span class='ocrx_word' id='word_1_381' title='bbox 580 2680 623 2727; x_wconf 89' lang='lat' dir='ltr'><strong>ex</strong></span> <span class='ocrx_word' id='word_1_382' title='bbox 651 2667 808 2730; x_wconf 90' lang='lat' dir='ltr'><strong>contextu</strong></span> <span class='ocrx_word' id='word_1_383' title='bbox 836 2659 953 2726; x_wconf 89' lang='lat' dir='ltr'><strong>melius</strong></span> <span class='ocrx_word' id='word_1_384' title='bbox 981 2666 1080 2743; x_wconf 86' lang='lat' dir='ltr'><strong>patet.</strong></span> <span class='ocrx_word' id='word_1_385' title='bbox 1133 2663 1238 2746; x_wconf 92' lang='lat' dir='ltr'><strong>piunt,</strong></span> <span class='ocrx_word' id='word_1_386' title='bbox 1259 2661 1302 2727; x_wconf 88' lang='lat' dir='ltr'><strong>ad</strong></span> <span class='ocrx_word' id='word_1_387' title='bbox 1323 2661 1412 2728; x_wconf 91' lang='lat' dir='ltr'><strong>huno</strong></span> <span class='ocrx_word' id='word_1_388' title='bbox 1432 2682 1565 2746; x_wconf 88' lang='lat' dir='ltr'><strong>scopum</strong></span> <span class='ocrx_word' id='word_1_389' title='bbox 1588 2681 1658 2727; x_wconf 90' lang='lat' dir='ltr'><strong>esse</strong></span> <span class='ocrx_word' id='word_1_390' title='bbox 1679 2659 1887 2742; x_wconf 88' lang='lat' dir='ltr'><strong>destinanda,</strong></span> <span class='ocrx_word' id='word_1_391' title='bbox 1920 2669 1958 2728; x_wconf 93' lang='grc'><strong>66</strong></span> <span class='ocrx_word' id='word_1_392' title='bbox 1979 2661 2105 2729; x_wconf 90' lang='lat' dir='ltr'><strong>colatur</strong></span> 
     </span>
     <span class='ocr_line' id='line_1_27' title="bbox 107 2744 2104 2832; baseline -0.001 -19"><span class='ocrx_word' id='word_1_393' title='bbox 107 2748 222 2832; x_wconf 87' lang='lat' dir='ltr'><strong>Neque</strong></span> <span class='ocrx_word' id='word_1_394' title='bbox 244 2750 334 2816; x_wconf 89' lang='lat' dir='ltr'><strong>euim</strong></span> <span class='ocrx_word' id='word_1_395' title='bbox 355 2756 483 2814; x_wconf 90' lang='lat' dir='ltr'><strong>mutum</strong></span> <span class='ocrx_word' id='word_1_396' title='bbox 505 2757 668 2831; x_wconf 87' lang='lat' dir='ltr'><strong>spectrum</strong></span> <span class='ocrx_word' id='word_1_397' title='bbox 690 2746 767 2814; x_wconf 78' lang='lat' dir='ltr'><strong>fuit:</strong></span> <span class='ocrx_word' id='word_1_398' title='bbox 790 2744 847 2812; x_wconf 90' lang='lat' dir='ltr'><strong>sed</strong></span> <span class='ocrx_word' id='word_1_399' title='bbox 865 2765 941 2812; x_wconf 92' lang='lat' dir='ltr'><strong>mox</strong></span> <span class='ocrx_word' id='word_1_400' title='bbox 962 2765 1080 2828; x_wconf 90' lang='lat' dir='ltr'><strong>sequu-</strong></span> <span class='ocrx_word' id='word_1_401' title='bbox 1132 2758 1166 2815; x_wconf 90' lang='grc'><strong>66</strong></span> <span class='ocrx_word' id='word_1_402' title='bbox 1182 2749 1353 2814; x_wconf 89' lang='lat' dir='ltr'><strong>invocetur</strong></span> <span class='ocrx_word' id='word_1_403' title='bbox 1364 2747 1464 2814; x_wconf 93' lang='lat' dir='ltr'><strong>Deus.</strong></span> <span class='ocrx_word' id='word_1_404' title='bbox 1498 2745 1575 2813; x_wconf 90' lang='grc' dir='ltr'><strong>Η66</strong></span> <span class='ocrx_word' id='word_1_405' title='bbox 1591 2747 1692 2830; x_wconf 91' lang='lat' dir='ltr'><strong>igitur</strong></span> <span class='ocrx_word' id='word_1_406' title='bbox 1709 2747 1792 2813; x_wconf 88' lang='lat' dir='ltr'><strong>ritus</strong></span> <span class='ocrx_word' id='word_1_407' title='bbox 1809 2767 1921 2814; x_wconf 93' lang='lat' dir='ltr'><strong>omues</strong></span> <span class='ocrx_word' id='word_1_408' title='bbox 1943 2755 1976 2813; x_wconf 93' lang='lat' dir='ltr'><strong>et</strong></span> <span class='ocrx_word' id='word_1_409' title='bbox 1997 2767 2104 2813; x_wconf 90' lang='lat' dir='ltr'><strong>naere-</strong></span> 
     </span>
     <span class='ocr_line' id='line_1_28' title="bbox 106 2830 2104 2918; baseline 0.001 -19"><span class='ocrx_word' id='word_1_410' title='bbox 106 2843 160 2902; x_wconf 90' lang='lat' dir='ltr'><strong>tus</strong></span> <span class='ocrx_word' id='word_1_411' title='bbox 181 2843 236 2900; x_wconf 90' lang='grc'><strong>666</strong></span> <span class='ocrx_word' id='word_1_412' title='bbox 257 2854 375 2914; x_wconf 88' lang='lat' dir='ltr'><strong>sermo,</strong></span> <span class='ocrx_word' id='word_1_413' title='bbox 396 2834 452 2918; x_wconf 93' lang='grc'><strong>661</strong></span> <span class='ocrx_word' id='word_1_414' title='bbox 473 2833 573 2899; x_wconf 88' lang='lat' dir='ltr'><strong>fidem</strong></span> <span class='ocrx_word' id='word_1_415' title='bbox 594 2830 775 2916; x_wconf 85' lang='lat' dir='ltr'><strong>adoptionis</strong></span> <span class='ocrx_word' id='word_1_416' title='bbox 797 2832 961 2916; x_wconf 87' lang='lat' dir='ltr'><strong>gratuitae</strong></span> <span class='ocrx_word' id='word_1_417' title='bbox 978 2839 1011 2896; x_wconf 89' lang='lat' dir='ltr'><strong>et</strong></span> <span class='ocrx_word' id='word_1_418' title='bbox 1028 2851 1080 2897; x_wconf 88' lang='lat' dir='ltr'><strong>sa-</strong></span> <span class='ocrx_word' id='word_1_419' title='bbox 1133 2835 1260 2900; x_wconf 84' lang='lat' dir='ltr'><strong>munias</strong></span> <span class='ocrx_word' id='word_1_420' title='bbox 1277 2832 1392 2899; x_wconf 81' lang='lat' dir='ltr'><strong>referri</strong></span> <span class='ocrx_word' id='word_1_421' title='bbox 1409 2840 1547 2918; x_wconf 90' lang='lat' dir='ltr'><strong>oportet.</strong></span> <span class='ocrx_word' id='word_1_422' title='bbox 1581 2832 1757 2900; x_wconf 76' lang='lat' dir='ltr'><strong>Caeterum</strong></span> <span class='ocrx_word' id='word_1_423' title='bbox 1775 2853 1960 2917; x_wconf 90' lang='lat' dir='ltr'><strong>quanquam</strong></span> <span class='ocrx_word' id='word_1_424' title='bbox 1982 2833 2104 2900; x_wconf 89' lang='lat' dir='ltr'><strong>sanctis</strong></span> 
     </span>
     <span class='ocr_line' id='line_1_29' title="bbox 106 2917 2105 3004; baseline -0.001 -20"><span class='ocrx_word' id='word_1_425' title='bbox 106 2919 183 2987; x_wconf 90' lang='grc'><strong>16616</strong></span> <span class='ocrx_word' id='word_1_426' title='bbox 204 2919 369 2986; x_wconf 87' lang='lat' dir='ltr'><strong>stabiliret</strong></span> <span class='ocrx_word' id='word_1_427' title='bbox 389 2921 423 2985; x_wconf 92' lang='lat' dir='ltr'><strong>in</strong></span> <span class='ocrx_word' id='word_1_428' title='bbox 445 2920 556 2984; x_wconf 92' lang='lat' dir='ltr'><strong>auimo</strong></span> <span class='ocrx_word' id='word_1_429' title='bbox 576 2918 678 2985; x_wconf 92' lang='lat' dir='ltr'><strong>Isaan.</strong></span> <span class='ocrx_word' id='word_1_430' title='bbox 1131 2919 1280 3004; x_wconf 90' lang='lat' dir='ltr'><strong>patribus</strong></span> <span class='ocrx_word' id='word_1_431' title='bbox 1290 2918 1492 2986; x_wconf 90' lang='lat' dir='ltr'><strong>ordinarium</strong></span> <span class='ocrx_word' id='word_1_432' title='bbox 1510 2917 1582 3000; x_wconf 89' lang='grc'><strong>1616,</strong></span> <span class='ocrx_word' id='word_1_433' title='bbox 1599 2939 1792 3004; x_wconf 87' lang='lat' dir='ltr'><strong>quocunque</strong></span> <span class='ocrx_word' id='word_1_434' title='bbox 1808 2919 1878 2985; x_wconf 92' lang='lat' dir='ltr'><strong>loon</strong></span> <span class='ocrx_word' id='word_1_435' title='bbox 1896 2917 2105 2985; x_wconf 88' lang='lat' dir='ltr'><strong>tabernacula</strong></span> 
     </span>
     <span class='ocr_line' id='line_1_30' title="bbox 190 3003 2104 3091; baseline -0.001 -20"><span class='ocrx_word' id='word_1_436' title='bbox 190 3005 363 3091; x_wconf 79' lang='lat' dir='ltr'><strong>Eponam</strong></span> <span class='ocrx_word' id='word_1_437' title='bbox 390 3004 482 3070; x_wconf 84' lang='lat' dir='ltr'><strong>Deus</strong></span> <span class='ocrx_word' id='word_1_438' title='bbox 509 3003 682 3071; x_wconf 77' lang='lat' dir='ltr'><strong>Abroltnm.</strong></span> <span class='ocrx_word' id='word_1_439' title='bbox 726 3003 802 3070; x_wconf 90' lang='lat' dir='ltr'><strong>Huc</strong></span> <span class='ocrx_word' id='word_1_440' title='bbox 830 3010 957 3088; x_wconf 88' lang='lat' dir='ltr'><strong>spectat</strong></span> <span class='ocrx_word' id='word_1_441' title='bbox 985 3022 1079 3086; x_wconf 91' lang='lat' dir='ltr'><strong>prae·</strong></span> <span class='ocrx_word' id='word_1_442' title='bbox 1132 3006 1286 3090; x_wconf 88' lang='lat' dir='ltr'><strong>figebant,</strong></span> <span class='ocrx_word' id='word_1_443' title='bbox 1305 3003 1407 3070; x_wconf 87' lang='lat' dir='ltr'><strong>altare</strong></span> <span class='ocrx_word' id='word_1_444' title='bbox 1425 3012 1612 3072; x_wconf 86' lang='lat' dir='ltr'><strong>exstruere:</strong></span> <span class='ocrx_word' id='word_1_445' title='bbox 1633 3003 1816 3090; x_wconf 74' lang='lat' dir='ltr'><strong>colligimus</strong></span> <span class='ocrx_word' id='word_1_446' title='bbox 1834 3013 1944 3070; x_wconf 85' lang='grc'><strong>666666</strong></span> <span class='ocrx_word' id='word_1_447' title='bbox 1961 3025 2003 3069; x_wconf 94' lang='lat' dir='ltr'><strong>ex</strong></span> <span class='ocrx_word' id='word_1_448' title='bbox 2021 3004 2104 3070; x_wconf 90' lang='lat' dir='ltr'><strong>serie</strong></span> 
     </span>
     <span class='ocr_line' id='line_1_31' title="bbox 104 3089 2103 3174; baseline -0.001 -18"><span class='ocrx_word' id='word_1_449' title='bbox 104 3091 200 3170; x_wconf 89' lang='grc'><strong>16616,</strong></span> <span class='ocrx_word' id='word_1_450' title='bbox 237 3103 274 3157; x_wconf 90' lang='grc'><strong>66</strong></span> <span class='ocrx_word' id='word_1_451' title='bbox 301 3091 447 3157; x_wconf 90' lang='lat' dir='ltr'><strong>omnium</strong></span> <span class='ocrx_word' id='word_1_452' title='bbox 476 3090 728 3174; x_wconf 83' lang='lat' dir='ltr'><strong>promissionum</strong></span> <span class='ocrx_word' id='word_1_453' title='bbox 755 3109 839 3173; x_wconf 87' lang='grc'><strong>6666</strong></span> <span class='ocrx_word' id='word_1_454' title='bbox 866 3090 972 3154; x_wconf 85' lang='lat' dir='ltr'><strong>iactae</strong></span> <span class='ocrx_word' id='word_1_455' title='bbox 1003 3095 1081 3154; x_wconf 87' lang='lat' dir='ltr'><strong>anta</strong></span> <span class='ocrx_word' id='word_1_456' title='bbox 1131 3091 1318 3168; x_wconf 86' lang='lat' dir='ltr'><strong>verborum,</strong></span> <span class='ocrx_word' id='word_1_457' title='bbox 1337 3098 1511 3174; x_wconf 88' lang='lat' dir='ltr'><strong>postquam</strong></span> <span class='ocrx_word' id='word_1_458' title='bbox 1529 3090 1621 3156; x_wconf 89' lang='lat' dir='ltr'><strong>Deus</strong></span> <span class='ocrx_word' id='word_1_459' title='bbox 1637 3109 1732 3157; x_wconf 91' lang='lat' dir='ltr'><strong>servo</strong></span> <span class='ocrx_word' id='word_1_460' title='bbox 1752 3110 1810 3156; x_wconf 91' lang='lat' dir='ltr'><strong>suo</strong></span> <span class='ocrx_word' id='word_1_461' title='bbox 1827 3089 1920 3156; x_wconf 89' lang='lat' dir='ltr'><strong>Isaac</strong></span> <span class='ocrx_word' id='word_1_462' title='bbox 1941 3091 2103 3174; x_wconf 79' lang='lat' dir='ltr'><strong>apperuit,</strong></span> 
     </span>
     <span class='ocr_line' id='line_1_32' title="bbox 102 3173 2103 3261; baseline -0 -17"><span class='ocrx_word' id='word_1_463' title='bbox 102 3177 248 3256; x_wconf 85' lang='grc'><strong>1666666,</strong></span> <span class='ocrx_word' id='word_1_464' title='bbox 267 3178 457 3243; x_wconf 91' lang='lat' dir='ltr'><strong>memoriam</strong></span> <span class='ocrx_word' id='word_1_465' title='bbox 474 3185 618 3256; x_wconf 90' lang='lat' dir='ltr'><strong>renovet,</strong></span> <span class='ocrx_word' id='word_1_466' title='bbox 637 3197 675 3243; x_wconf 92' lang='lat' dir='ltr'><strong>ao</strong></span> <span class='ocrx_word' id='word_1_467' title='bbox 692 3185 835 3242; x_wconf 87' lang='lat' dir='ltr'><strong>mentem</strong></span> <span class='ocrx_word' id='word_1_468' title='bbox 849 3174 943 3242; x_wconf 89' lang='lat' dir='ltr'><strong>Isaac</strong></span> <span class='ocrx_word' id='word_1_469' title='bbox 960 3173 1082 3259; x_wconf 88' lang='lat' dir='ltr'><strong>dirigat</strong></span> <span class='ocrx_word' id='word_1_470' title='bbox 1133 3177 1195 3243; x_wconf 92' lang='lat' dir='ltr'><strong>hac</strong></span> <span class='ocrx_word' id='word_1_471' title='bbox 1212 3177 1252 3242; x_wconf 90' lang='lat' dir='ltr'><strong>de</strong></span> <span class='ocrx_word' id='word_1_472' title='bbox 1269 3196 1368 3244; x_wconf 90' lang='lat' dir='ltr'><strong>nausa</strong></span> <span class='ocrx_word' id='word_1_473' title='bbox 1384 3185 1589 3242; x_wconf 87' lang='lat' dir='ltr'><strong>exstructum</strong></span> <span class='ocrx_word' id='word_1_474' title='bbox 1606 3177 1707 3242; x_wconf 79' lang='lat' dir='ltr'><strong>titisse</strong></span> <span class='ocrx_word' id='word_1_475' title='bbox 1723 3177 1764 3242; x_wconf 89' lang='grc'><strong>66</strong></span> <span class='ocrx_word' id='word_1_476' title='bbox 1783 3196 1820 3241; x_wconf 88' lang='grc'><strong>66</strong></span> <span class='ocrx_word' id='word_1_477' title='bbox 1840 3176 1952 3254; x_wconf 89' lang='lat' dir='ltr'><strong>altere,</strong></span> <span class='ocrx_word' id='word_1_478' title='bbox 1970 3185 2007 3242; x_wconf 91' lang='lat' dir='ltr'><strong>ut</strong></span> <span class='ocrx_word' id='word_1_479' title='bbox 2029 3198 2103 3261; x_wconf 86' lang='lat' dir='ltr'><strong>gra-</strong></span> 
     </span>
     <span class='ocr_line' id='line_1_33' title="bbox 103 3259 1660 3347; baseline -0.001 -19"><span class='ocrx_word' id='word_1_480' title='bbox 103 3263 143 3328; x_wconf 86' lang='lat' dir='ltr'><strong>ad</strong></span> <span class='ocrx_word' id='word_1_481' title='bbox 165 3273 367 3347; x_wconf 91' lang='lat' dir='ltr'><strong>perpetuum</strong></span> <span class='ocrx_word' id='word_1_482' title='bbox 388 3259 515 3341; x_wconf 89' lang='grc'><strong>166666,</strong></span> <span class='ocrx_word' id='word_1_483' title='bbox 544 3261 630 3345; x_wconf 88' lang='grc'><strong>6666</strong></span> <span class='ocrx_word' id='word_1_484' title='bbox 660 3281 735 3328; x_wconf 88' lang='lat' dir='ltr'><strong>eum</strong></span> <span class='ocrx_word' id='word_1_485' title='bbox 757 3261 925 3328; x_wconf 79' lang='lat' dir='ltr'><strong>Abraham</strong></span> <span class='ocrx_word' id='word_1_486' title='bbox 947 3279 1080 3345; x_wconf 89' lang='lat' dir='ltr'><strong>pereus-</strong></span> <span class='ocrx_word' id='word_1_487' title='bbox 1132 3262 1282 3329; x_wconf 90' lang='lat' dir='ltr'><strong>titudinis</strong></span> <span class='ocrx_word' id='word_1_488' title='bbox 1304 3282 1383 3328; x_wconf 90' lang='lat' dir='ltr'><strong>suae</strong></span> <span class='ocrx_word' id='word_1_489' title='bbox 1405 3261 1535 3347; x_wconf 91' lang='lat' dir='ltr'><strong>signum</strong></span> <span class='ocrx_word' id='word_1_490' title='bbox 1558 3261 1660 3327; x_wconf 88' lang='lat' dir='ltr'><strong>daret.</strong></span> 
     </span>
     <span class='ocr_line' id='line_1_34' title="bbox 101 3345 2103 3432; baseline -0.001 -16"><span class='ocrx_word' id='word_1_491' title='bbox 101 3371 185 3428; x_wconf 89' lang='lat' dir='ltr'><strong>sum,</strong></span> <span class='ocrx_word' id='word_1_492' title='bbox 205 3349 250 3414; x_wconf 86' lang='lat' dir='ltr'><strong>ad</strong></span> <span class='ocrx_word' id='word_1_493' title='bbox 268 3357 415 3432; x_wconf 89' lang='lat' dir='ltr'><strong>posteros</strong></span> <span class='ocrx_word' id='word_1_494' title='bbox 432 3349 524 3431; x_wconf 90' lang='grc'><strong>66661</strong></span> <span class='ocrx_word' id='word_1_495' title='bbox 535 3369 594 3431; x_wconf 89' lang='lat' dir='ltr'><strong>per</strong></span> <span class='ocrx_word' id='word_1_496' title='bbox 606 3368 740 3414; x_wconf 91' lang='lat' dir='ltr'><strong>manum</strong></span> <span class='ocrx_word' id='word_1_497' title='bbox 760 3347 939 3412; x_wconf 81' lang='grc'><strong>6666661661</strong></span> <span class='ocrx_word' id='word_1_498' title='bbox 956 3345 1078 3412; x_wconf 90' lang='lat' dir='ltr'><strong>debuit.</strong></span> <span class='ocrx_word' id='word_1_499' title='bbox 1217 3347 1261 3413; x_wconf 76' lang='lat' dir='ltr'><strong>st</strong></span> <span class='ocrx_word' id='word_1_500' title='bbox 1279 3347 1425 3430; x_wconf 65' lang='lat' dir='ltr'><strong>foderat</strong></span> <span class='ocrx_word' id='word_1_501' title='bbox 1445 3347 1490 3413; x_wconf 82' lang='lat' dir='ltr'><strong>sbi</strong></span> <span class='ocrx_word' id='word_1_502' title='bbox 1511 3346 1707 3413; x_wconf 79' lang='grc'><strong>6666116666</strong></span> <span class='ocrx_word' id='word_1_503' title='bbox 1721 3351 1861 3430; x_wconf 72' lang='lat' dir='ltr'><strong>pateam.</strong></span> <span class='ocrx_word' id='word_1_504' title='bbox 1896 3345 2020 3412; x_wconf 86' lang='lat' dir='ltr'><strong>Mirum</strong></span> <span class='ocrx_word' id='word_1_505' title='bbox 2044 3355 2103 3428; x_wconf 88' lang='lat' dir='ltr'><strong>est,</strong></span> 
     </span>
     <span class='ocr_line' id='line_1_35' title="bbox 101 3430 2102 3582; baseline 0 -82"><span class='ocrx_word' id='word_1_506' title='bbox 101 3435 283 3502; x_wconf 81' lang='lat' dir='ltr'><strong>Praefatur</strong></span> <span class='ocrx_word' id='word_1_507' title='bbox 303 3454 382 3518; x_wconf 90' lang='lat' dir='ltr'><strong>ergo</strong></span> <span class='ocrx_word' id='word_1_508' title='bbox 393 3434 555 3500; x_wconf 88' lang='lat' dir='ltr'><strong>Dominus</strong></span> <span class='ocrx_word' id='word_1_509' title='bbox 576 3453 611 3500; x_wconf 91' lang='lat' dir='ltr'><strong>se</strong></span> <span class='ocrx_word' id='word_1_510' title='bbox 633 3432 726 3498; x_wconf 91' lang='lat' dir='ltr'><strong>illum</strong></span> <span class='ocrx_word' id='word_1_511' title='bbox 747 3433 937 3499; x_wconf 90' lang='lat' dir='ltr'><strong>esseDeum</strong></span> <span class='ocrx_word' id='word_1_512' title='bbox 960 3430 1079 3582; x_wconf 78' lang='grc'><strong>66166</strong></span> <span class='ocrx_word' id='word_1_513' title='bbox 1131 3455 1231 3518; x_wconf 89' lang='lat' dir='ltr'><strong>quum</strong></span> <span class='ocrx_word' id='word_1_514' title='bbox 1260 3433 1330 3500; x_wconf 90' lang='lat' dir='ltr'><strong>loco</strong></span> <span class='ocrx_word' id='word_1_515' title='bbox 1363 3433 1429 3499; x_wconf 92' lang='lat' dir='ltr'><strong>iam</strong></span> <span class='ocrx_word' id='word_1_516' title='bbox 1461 3433 1651 3517; x_wconf 89' lang='lat' dir='ltr'><strong>impositum</strong></span> <span class='ocrx_word' id='word_1_517' title='bbox 1681 3440 1768 3498; x_wconf 89' lang='grc'><strong>66666</strong></span> <span class='ocrx_word' id='word_1_518' title='bbox 1799 3452 1920 3498; x_wconf 91' lang='lat' dir='ltr'><strong>nomen</strong></span> <span class='ocrx_word' id='word_1_519' title='bbox 1948 3454 1968 3497; x_wconf 91' lang='grc'><strong>6</strong></span> <span class='ocrx_word' id='word_1_520' title='bbox 1996 3443 2102 3516; x_wconf 89' lang='lat' dir='ltr'><strong>puteo,</strong></span> 
     </span>
    </p>
   </div>
   <div class='ocr_carea' id='block_1_3' title="bbox 101 3517 2218 3603">
    <p class='ocr_par' dir='ltr' id='par_1_3' title="bbox 101 3517 2218 3603">
     <span class='ocr_line' id='line_1_36' title="bbox 101 3517 2218 3603; baseline -0.001 -17"><span class='ocrx_word' id='word_1_521' title='bbox 101 3522 198 3587; x_wconf 93' lang='lat' dir='ltr'><strong>initio</strong></span> <span class='ocrx_word' id='word_1_522' title='bbox 230 3521 388 3586; x_wconf 86' lang='lat' dir='ltr'><strong>Abrahae</strong></span> <span class='ocrx_word' id='word_1_523' title='bbox 419 3520 573 3602; x_wconf 90' lang='lat' dir='ltr'><strong>loquutus</strong></span> <span class='ocrx_word' id='word_1_524' title='bbox 599 3530 664 3586; x_wconf 89' lang='lat' dir='ltr'><strong>est:</strong></span> <span class='ocrx_word' id='word_1_525' title='bbox 698 3540 741 3585; x_wconf 92' lang='lat' dir='ltr'><strong>ue</strong></span> <span class='ocrx_word' id='word_1_526' title='bbox 774 3519 835 3584; x_wconf 93' lang='lat' dir='ltr'><strong>hoc</strong></span> <span class='ocrx_word' id='word_1_527' title='bbox 866 3537 963 3584; x_wconf 86' lang='lat' dir='ltr'><strong>oreon</strong></span> <span class='ocrx_word' id='word_1_528' title='bbox 977 3538 1033 3583; x_wconf 94' lang='lat' dir='ltr'><strong>nm</strong></span> <span class='ocrx_word' id='word_1_529' title='bbox 1059 3537 1081 3581; x_wconf 92' lang='lat' dir='ltr'><strong>a</strong></span> <span class='ocrx_word' id='word_1_530' title='bbox 1130 3520 1219 3586; x_wconf 91' lang='lat' dir='ltr'><strong>lsaae</strong></span> <span class='ocrx_word' id='word_1_531' title='bbox 1240 3540 1357 3585; x_wconf 89' lang='lat' dir='ltr'><strong>rursus</strong></span> <span class='ocrx_word' id='word_1_532' title='bbox 1375 3539 1495 3603; x_wconf 89' lang='lat' dir='ltr'><strong>aquam</strong></span> <span class='ocrx_word' id='word_1_533' title='bbox 1515 3517 1583 3585; x_wconf 91' lang='grc'><strong>11116</strong></span> <span class='ocrx_word' id='word_1_534' title='bbox 1600 3538 1764 3602; x_wconf 87' lang='lat' dir='ltr'><strong>quaerere,</strong></span> <span class='ocrx_word' id='word_1_535' title='bbox 1788 3518 1978 3601; x_wconf 88' lang='lat' dir='ltr'><strong>praesertim</strong></span> <span class='ocrx_word' id='word_1_536' title='bbox 2001 3538 2102 3602; x_wconf 89' lang='lat' dir='ltr'><strong>quum</strong></span> <span class='ocrx_word' id='word_1_537' title='bbox 2207 3551 2218 3566; x_wconf 57' lang='lat' dir='ltr'><strong>e</strong></span> 
     </span>
    </p>
   </div>
   <div class='ocr_carea' id='block_1_4' title="bbox 82 3603 2102 5413">
    <p class='ocr_par' dir='ltr' id='par_1_4' title="bbox 93 3603 2102 4377">
     <span class='ocr_line' id='line_1_37' title="bbox 97 3603 2101 3691; baseline -0.002 -18"><span class='ocrx_word' id='word_1_538' title='bbox 97 3607 272 3691; x_wconf 91' lang='lat' dir='ltr'><strong>prioribus</strong></span> <span class='ocrx_word' id='word_1_539' title='bbox 292 3615 420 3690; x_wconf 91' lang='lat' dir='ltr'><strong>separet</strong></span> <span class='ocrx_word' id='word_1_540' title='bbox 441 3603 543 3672; x_wconf 89' lang='grc'><strong>16666.</strong></span> <span class='ocrx_word' id='word_1_541' title='bbox 587 3603 725 3688; x_wconf 77' lang='lat' dir='ltr'><strong>Quoties</strong></span> <span class='ocrx_word' id='word_1_542' title='bbox 745 3606 833 3670; x_wconf 93' lang='lat' dir='ltr'><strong>enim</strong></span> <span class='ocrx_word' id='word_1_543' title='bbox 854 3603 980 3688; x_wconf 87' lang='lat' dir='ltr'><strong>gratiae</strong></span> <span class='ocrx_word' id='word_1_544' title='bbox 1001 3605 1080 3669; x_wconf 86' lang='grc'><strong>6666</strong></span> <span class='ocrx_word' id='word_1_545' title='bbox 1130 3606 1182 3672; x_wconf 89' lang='grc'><strong>166</strong></span> <span class='ocrx_word' id='word_1_546' title='bbox 1203 3606 1293 3688; x_wconf 91' lang='lat' dir='ltr'><strong>putei</strong></span> <span class='ocrx_word' id='word_1_547' title='bbox 1315 3603 1485 3670; x_wconf 84' lang='lat' dir='ltr'><strong>Abraham</strong></span> <span class='ocrx_word' id='word_1_548' title='bbox 1507 3603 1569 3670; x_wconf 93' lang='lat' dir='ltr'><strong>sibi</strong></span> <span class='ocrx_word' id='word_1_549' title='bbox 1591 3618 1624 3668; x_wconf 90' lang='lat' dir='ltr'><strong>et</strong></span> <span class='ocrx_word' id='word_1_550' title='bbox 1651 3603 1791 3687; x_wconf 88' lang='lat' dir='ltr'><strong>posteris</strong></span> <span class='ocrx_word' id='word_1_551' title='bbox 1813 3629 1833 3668; x_wconf 93' lang='lat' dir='ltr'><strong>a</strong></span> <span class='ocrx_word' id='word_1_552' title='bbox 1854 3624 1931 3688; x_wconf 92' lang='lat' dir='ltr'><strong>rege</strong></span> <span class='ocrx_word' id='word_1_553' title='bbox 1959 3603 2101 3669; x_wconf 90' lang='lat' dir='ltr'><strong>emisset.</strong></span> 
     </span>
     <span class='ocr_line' id='line_1_38' title="bbox 99 3688 2102 3774; baseline -0.002 -15"><span class='ocrx_word' id='word_1_554' title='bbox 99 3693 332 3760; x_wconf 88' lang='lat' dir='ltr'><strong>testimouium</strong></span> <span class='ocrx_word' id='word_1_555' title='bbox 364 3693 495 3774; x_wconf 90' lang='lat' dir='ltr'><strong>repetiit</strong></span> <span class='ocrx_word' id='word_1_556' title='bbox 526 3689 614 3774; x_wconf 87' lang='lat' dir='ltr'><strong>apud</strong></span> <span class='ocrx_word' id='word_1_557' title='bbox 646 3690 773 3768; x_wconf 89' lang='grc'><strong>666166,</strong></span> <span class='ocrx_word' id='word_1_558' title='bbox 811 3707 914 3756; x_wconf 89' lang='lat' dir='ltr'><strong>novas</strong></span> <span class='ocrx_word' id='word_1_559' title='bbox 946 3689 1078 3772; x_wconf 89' lang='lat' dir='ltr'><strong>quidem</strong></span> <span class='ocrx_word' id='word_1_560' title='bbox 1128 3691 1225 3757; x_wconf 83' lang='lat' dir='ltr'><strong>Adde</strong></span> <span class='ocrx_word' id='word_1_561' title='bbox 1242 3688 1326 3774; x_wconf 89' lang='lat' dir='ltr'><strong>quod</strong></span> <span class='ocrx_word' id='word_1_562' title='bbox 1345 3689 1487 3756; x_wconf 83' lang='lat' dir='ltr'><strong>difficilis</strong></span> <span class='ocrx_word' id='word_1_563' title='bbox 1504 3701 1538 3756; x_wconf 92' lang='lat' dir='ltr'><strong>et</strong></span> <span class='ocrx_word' id='word_1_564' title='bbox 1555 3689 1718 3756; x_wconf 90' lang='lat' dir='ltr'><strong>laboriosa</strong></span> <span class='ocrx_word' id='word_1_565' title='bbox 1734 3690 1797 3762; x_wconf 83' lang='lat' dir='ltr'><strong>luit</strong></span> <span class='ocrx_word' id='word_1_566' title='bbox 1813 3690 1952 3756; x_wconf 86' lang='lat' dir='ltr'><strong>effossio.</strong></span> <span class='ocrx_word' id='word_1_567' title='bbox 1987 3689 2102 3772; x_wconf 89' lang='lat' dir='ltr'><strong>Neque</strong></span> 
     </span>
     <span class='ocr_line' id='line_1_39' title="bbox 96 3774 2102 3861; baseline -0.003 -17"><span class='ocrx_word' id='word_1_568' title='bbox 96 3781 247 3846; x_wconf 86' lang='lat' dir='ltr'><strong>fulturas</strong></span> <span class='ocrx_word' id='word_1_569' title='bbox 280 3779 449 3861; x_wconf 90' lang='lat' dir='ltr'><strong>supposuit</strong></span> <span class='ocrx_word' id='word_1_570' title='bbox 481 3797 591 3842; x_wconf 89' lang='lat' dir='ltr'><strong>eorum</strong></span> <span class='ocrx_word' id='word_1_571' title='bbox 625 3776 715 3842; x_wconf 89' lang='lat' dir='ltr'><strong>fidei:</strong></span> <span class='ocrx_word' id='word_1_572' title='bbox 755 3777 861 3860; x_wconf 88' lang='lat' dir='ltr'><strong>ipsam</strong></span> <span class='ocrx_word' id='word_1_573' title='bbox 901 3785 1010 3840; x_wconf 88' lang='grc'><strong>666666</strong></span> <span class='ocrx_word' id='word_1_574' title='bbox 1043 3775 1079 3838; x_wconf 93' lang='grc'><strong>16</strong></span> <span class='ocrx_word' id='word_1_575' title='bbox 1130 3777 1216 3844; x_wconf 89' lang='lat' dir='ltr'><strong>euim</strong></span> <span class='ocrx_word' id='word_1_576' title='bbox 1239 3775 1362 3842; x_wconf 83' lang='lat' dir='ltr'><strong>frustra</strong></span> <span class='ocrx_word' id='word_1_577' title='bbox 1383 3777 1463 3842; x_wconf 88' lang='lat' dir='ltr'><strong>dicit</strong></span> <span class='ocrx_word' id='word_1_578' title='bbox 1482 3774 1603 3853; x_wconf 85' lang='lat' dir='ltr'><strong>Moses,</strong></span> <span class='ocrx_word' id='word_1_579' title='bbox 1628 3775 1757 3844; x_wconf 88' lang='lat' dir='ltr'><strong>venisse</strong></span> <span class='ocrx_word' id='word_1_580' title='bbox 1779 3785 1890 3858; x_wconf 89' lang='lat' dir='ltr'><strong>postea</strong></span> <span class='ocrx_word' id='word_1_581' title='bbox 1911 3795 2024 3840; x_wconf 90' lang='lat' dir='ltr'><strong>servos</strong></span> <span class='ocrx_word' id='word_1_582' title='bbox 2045 3774 2102 3858; x_wconf 93' lang='grc'><strong>661</strong></span> 
     </span>
     <span class='ocr_line' id='line_1_40' title="bbox 97 3860 2101 3948; baseline -0.003 -17"><span class='ocrx_word' id='word_1_583' title='bbox 97 3867 210 3948; x_wconf 91' lang='lat' dir='ltr'><strong>primo</strong></span> <span class='ocrx_word' id='word_1_584' title='bbox 241 3862 380 3944; x_wconf 88' lang='grc'><strong>1666666,</strong></span> <span class='ocrx_word' id='word_1_585' title='bbox 401 3884 465 3947; x_wconf 89' lang='grc'><strong>666</strong></span> <span class='ocrx_word' id='word_1_586' title='bbox 486 3863 546 3929; x_wconf 87' lang='grc'><strong>6161</strong></span> <span class='ocrx_word' id='word_1_587' title='bbox 570 3883 624 3928; x_wconf 88' lang='grc'><strong>666</strong></span> <span class='ocrx_word' id='word_1_588' title='bbox 653 3862 880 3946; x_wconf 88' lang='lat' dir='ltr'><strong>adoptaverat,</strong></span> <span class='ocrx_word' id='word_1_589' title='bbox 910 3860 1077 3928; x_wconf 83' lang='lat' dir='ltr'><strong>fundatam</strong></span> <span class='ocrx_word' id='word_1_590' title='bbox 1129 3863 1324 3928; x_wconf 89' lang='lat' dir='ltr'><strong>nunciarent</strong></span> <span class='ocrx_word' id='word_1_591' title='bbox 1351 3864 1522 3928; x_wconf 91' lang='lat' dir='ltr'><strong>iuventam</strong></span> <span class='ocrx_word' id='word_1_592' title='bbox 1542 3882 1612 3927; x_wconf 90' lang='grc'><strong>6666</strong></span> <span class='ocrx_word' id='word_1_593' title='bbox 1634 3881 1762 3944; x_wconf 89' lang='lat' dir='ltr'><strong>aquam.</strong></span> <span class='ocrx_word' id='word_1_594' title='bbox 1806 3861 1878 3946; x_wconf 83' lang='lat' dir='ltr'><strong>Ego</strong></span> <span class='ocrx_word' id='word_1_595' title='bbox 1902 3861 2012 3944; x_wconf 91' lang='lat' dir='ltr'><strong>itaque</strong></span> <span class='ocrx_word' id='word_1_596' title='bbox 2034 3880 2101 3925; x_wconf 92' lang='lat' dir='ltr'><strong>non</strong></span> 
     </span>
     <span class='ocr_line' id='line_1_41' title="bbox 95 3945 2101 4033; baseline -0.003 -15"><span class='ocrx_word' id='word_1_597' title='bbox 95 3972 239 4018; x_wconf 89' lang='lat' dir='ltr'><strong>manere</strong></span> <span class='ocrx_word' id='word_1_598' title='bbox 263 3949 376 4016; x_wconf 90' lang='lat' dir='ltr'><strong>voluit.</strong></span> <span class='ocrx_word' id='word_1_599' title='bbox 410 3953 518 4033; x_wconf 83' lang='lat' dir='ltr'><strong>Atque</strong></span> <span class='ocrx_word' id='word_1_600' title='bbox 539 3947 620 4013; x_wconf 88' lang='lat' dir='ltr'><strong>bace</strong></span> <span class='ocrx_word' id='word_1_601' title='bbox 641 3947 736 4014; x_wconf 90' lang='lat' dir='ltr'><strong>nobis</strong></span> <span class='ocrx_word' id='word_1_602' title='bbox 757 3949 840 4013; x_wconf 91' lang='lat' dir='ltr'><strong>ratio</strong></span> <span class='ocrx_word' id='word_1_603' title='bbox 862 3946 1003 4012; x_wconf 87' lang='lat' dir='ltr'><strong>tenenda</strong></span> <span class='ocrx_word' id='word_1_604' title='bbox 1020 3953 1079 4026; x_wconf 90' lang='grc'><strong>666,</strong></span> <span class='ocrx_word' id='word_1_605' title='bbox 1129 3948 1242 4014; x_wconf 91' lang='lat' dir='ltr'><strong>dubito</strong></span> <span class='ocrx_word' id='word_1_606' title='bbox 1271 3948 1349 4030; x_wconf 91' lang='lat' dir='ltr'><strong>quin</strong></span> <span class='ocrx_word' id='word_1_607' title='bbox 1381 3948 1501 4030; x_wconf 90' lang='lat' dir='ltr'><strong>ubique</strong></span> <span class='ocrx_word' id='word_1_608' title='bbox 1533 3947 1619 4013; x_wconf 89' lang='lat' dir='ltr'><strong>iuter</strong></span> <span class='ocrx_word' id='word_1_609' title='bbox 1650 3945 1738 4012; x_wconf 91' lang='lat' dir='ltr'><strong>illius</strong></span> <span class='ocrx_word' id='word_1_610' title='bbox 1770 3966 1806 4012; x_wconf 89' lang='lat' dir='ltr'><strong>re</strong></span> <span class='ocrx_word' id='word_1_611' title='bbox 1832 3945 1913 4012; x_wconf 88' lang='lat' dir='ltr'><strong>&#39;ouis</strong></span> <span class='ocrx_word' id='word_1_612' title='bbox 1951 3945 2101 4011; x_wconf 91' lang='lat' dir='ltr'><strong>homines</strong></span> 
     </span>
     <span class='ocr_line' id='line_1_42' title="bbox 95 4032 2099 4119; baseline -0.004 -16"><span class='ocrx_word' id='word_1_613' title='bbox 95 4047 132 4104; x_wconf 90' lang='lat' dir='ltr'><strong>ut</strong></span> <span class='ocrx_word' id='word_1_614' title='bbox 143 4037 214 4102; x_wconf 91' lang='lat' dir='ltr'><strong>Dei</strong></span> <span class='ocrx_word' id='word_1_615' title='bbox 235 4035 479 4119; x_wconf 89' lang='lat' dir='ltr'><strong>promissiones,</strong></span> <span class='ocrx_word' id='word_1_616' title='bbox 498 4036 583 4100; x_wconf 89' lang='grc'><strong>61666</strong></span> <span class='ocrx_word' id='word_1_617' title='bbox 599 4032 769 4099; x_wconf 91' lang='lat' dir='ltr'><strong>individuo</strong></span> <span class='ocrx_word' id='word_1_618' title='bbox 787 4052 877 4098; x_wconf 91' lang='lat' dir='ltr'><strong>nexu</strong></span> <span class='ocrx_word' id='word_1_619' title='bbox 894 4033 1078 4111; x_wconf 87' lang='lat' dir='ltr'><strong>cohaerent,</strong></span> <span class='ocrx_word' id='word_1_620' title='bbox 1128 4035 1212 4100; x_wconf 89' lang='lat' dir='ltr'><strong>inita</strong></span> <span class='ocrx_word' id='word_1_621' title='bbox 1233 4034 1332 4099; x_wconf 90' lang='grc'><strong>166616</strong></span> <span class='ocrx_word' id='word_1_622' title='bbox 1353 4032 1564 4115; x_wconf 87' lang='lat' dir='ltr'><strong>conspiratio:</strong></span> <span class='ocrx_word' id='word_1_623' title='bbox 1587 4042 1626 4099; x_wconf 89' lang='grc'><strong>66</strong></span> <span class='ocrx_word' id='word_1_624' title='bbox 1641 4040 1791 4098; x_wconf 89' lang='lat' dir='ltr'><strong>sanctum</strong></span> <span class='ocrx_word' id='word_1_625' title='bbox 1839 4034 1983 4097; x_wconf 91' lang='lat' dir='ltr'><strong>ominem</strong></span> <span class='ocrx_word' id='word_1_626' title='bbox 2001 4051 2099 4114; x_wconf 90' lang='lat' dir='ltr'><strong>aqua-</strong></span> 
     </span>
     <span class='ocr_line' id='line_1_43' title="bbox 94 4115 2100 4208; baseline -0.005 -16"><span class='ocrx_word' id='word_1_627' title='bbox 94 4123 259 4208; x_wconf 86' lang='lat' dir='ltr'><strong>nolligere</strong></span> <span class='ocrx_word' id='word_1_628' title='bbox 298 4121 471 4186; x_wconf 91' lang='lat' dir='ltr'><strong>discamus.</strong></span> <span class='ocrx_word' id='word_1_629' title='bbox 526 4119 571 4184; x_wconf 84' lang='lat' dir='ltr'><strong>Dt</strong></span> <span class='ocrx_word' id='word_1_630' title='bbox 607 4120 803 4202; x_wconf 90' lang='lat' dir='ltr'><strong>principium</strong></span> <span class='ocrx_word' id='word_1_631' title='bbox 836 4117 917 4184; x_wconf 91' lang='lat' dir='ltr'><strong>illud</strong></span> <span class='ocrx_word' id='word_1_632' title='bbox 950 4137 1078 4202; x_wconf 90' lang='lat' dir='ltr'><strong>semper</strong></span> <span class='ocrx_word' id='word_1_633' title='bbox 1129 4143 1201 4186; x_wconf 90' lang='lat' dir='ltr'><strong>rum</strong></span> <span class='ocrx_word' id='word_1_634' title='bbox 1224 4120 1333 4204; x_wconf 93' lang='lat' dir='ltr'><strong>inopia</strong></span> <span class='ocrx_word' id='word_1_635' title='bbox 1355 4119 1565 4198; x_wconf 88' lang='lat' dir='ltr'><strong>expellerent,</strong></span> <span class='ocrx_word' id='word_1_636' title='bbox 1590 4130 1628 4184; x_wconf 93' lang='grc'><strong>66</strong></span> <span class='ocrx_word' id='word_1_637' title='bbox 1649 4117 1702 4184; x_wconf 90' lang='grc'><strong>616</strong></span> <span class='ocrx_word' id='word_1_638' title='bbox 1724 4138 1851 4202; x_wconf 92' lang='grc'><strong>666666</strong></span> <span class='ocrx_word' id='word_1_639' title='bbox 1873 4127 1990 4201; x_wconf 90' lang='lat' dir='ltr'><strong>puteus</strong></span> <span class='ocrx_word' id='word_1_640' title='bbox 2014 4115 2100 4182; x_wconf 87' lang='lat' dir='ltr'><strong>Saba</strong></span> 
     </span>
     <span class='ocr_line' id='line_1_44' title="bbox 93 4202 2099 4290; baseline -0.004 -14"><span class='ocrx_word' id='word_1_641' title='bbox 93 4218 266 4284; x_wconf 85' lang='lat' dir='ltr'><strong>occurrat,</strong></span> <span class='ocrx_word' id='word_1_642' title='bbox 288 4208 399 4273; x_wconf 92' lang='lat' dir='ltr'><strong>Deum</strong></span> <span class='ocrx_word' id='word_1_643' title='bbox 422 4217 488 4272; x_wconf 92' lang='lat' dir='ltr'><strong>tam</strong></span> <span class='ocrx_word' id='word_1_644' title='bbox 511 4205 651 4290; x_wconf 91' lang='lat' dir='ltr'><strong>benigue</strong></span> <span class='ocrx_word' id='word_1_645' title='bbox 673 4205 768 4271; x_wconf 91' lang='lat' dir='ltr'><strong>nobis</strong></span> <span class='ocrx_word' id='word_1_646' title='bbox 792 4206 981 4288; x_wconf 88' lang='lat' dir='ltr'><strong>promittere</strong></span> <span class='ocrx_word' id='word_1_647' title='bbox 1003 4224 1078 4288; x_wconf 88' lang='lat' dir='ltr'><strong>gra·</strong></span> <span class='ocrx_word' id='word_1_648' title='bbox 1128 4204 1241 4271; x_wconf 81' lang='lat' dir='ltr'><strong>fraude</strong></span> <span class='ocrx_word' id='word_1_649' title='bbox 1262 4206 1447 4272; x_wconf 87' lang='lat' dir='ltr'><strong>obstructus</strong></span> <span class='ocrx_word' id='word_1_650' title='bbox 1469 4204 1575 4270; x_wconf 84' lang='lat' dir='ltr'><strong>luerit.</strong></span> <span class='ocrx_word' id='word_1_651' title='bbox 1620 4202 1780 4270; x_wconf 87' lang='lat' dir='ltr'><strong>Ostendit</strong></span> <span class='ocrx_word' id='word_1_652' title='bbox 1795 4205 1893 4269; x_wconf 91' lang='lat' dir='ltr'><strong>etiam</strong></span> <span class='ocrx_word' id='word_1_653' title='bbox 1918 4212 2099 4280; x_wconf 88' lang='grc'><strong>666666666,</strong></span> 
     </span>
     <span class='ocr_line' id='line_1_45' title="bbox 94 4287 2098 4377; baseline -0.005 -16"><span class='ocrx_word' id='word_1_654' title='bbox 94 4297 186 4373; x_wconf 77' lang='grc'><strong>61666,</strong></span> <span class='ocrx_word' id='word_1_655' title='bbox 213 4293 297 4377; x_wconf 86' lang='lat' dir='ltr'><strong>quia</strong></span> <span class='ocrx_word' id='word_1_656' title='bbox 318 4293 421 4376; x_wconf 87' lang='lat' dir='ltr'><strong>gratie</strong></span> <span class='ocrx_word' id='word_1_657' title='bbox 443 4312 503 4357; x_wconf 92' lang='lat' dir='ltr'><strong>nos</strong></span> <span class='ocrx_word' id='word_1_658' title='bbox 524 4290 702 4374; x_wconf 86' lang='lat' dir='ltr'><strong>adoptavit.</strong></span> <span class='ocrx_word' id='word_1_659' title='bbox 1128 4293 1268 4376; x_wconf 87' lang='lat' dir='ltr'><strong>priorem</strong></span> <span class='ocrx_word' id='word_1_660' title='bbox 1287 4290 1414 4358; x_wconf 91' lang='lat' dir='ltr'><strong>nolendi</strong></span> <span class='ocrx_word' id='word_1_661' title='bbox 1426 4290 1489 4356; x_wconf 91' lang='lat' dir='ltr'><strong>Dei</strong></span> <span class='ocrx_word' id='word_1_662' title='bbox 1505 4309 1617 4356; x_wconf 90' lang='lat' dir='ltr'><strong>curam</strong></span> <span class='ocrx_word' id='word_1_663' title='bbox 1634 4289 1733 4354; x_wconf 81' lang='lat' dir='ltr'><strong>fuisse</strong></span> <span class='ocrx_word' id='word_1_664' title='bbox 1750 4300 1863 4355; x_wconf 88' lang='lat' dir='ltr'><strong>sancto</strong></span> <span class='ocrx_word' id='word_1_665' title='bbox 1880 4287 2098 4372; x_wconf 82' lang='lat' dir='ltr'><strong>patriarchae:</strong></span> 
     </span>
    </p>

    <p class='ocr_par' dir='ltr' id='par_1_5' title="bbox 82 4373 2099 5413">
     <span class='ocr_line' id='line_1_46' title="bbox 184 4373 2099 4461; baseline -0.003 -15"><span class='ocrx_word' id='word_1_666' title='bbox 184 4379 242 4446; x_wconf 87' lang='lat' dir='ltr'><strong>Ne</strong></span> <span class='ocrx_word' id='word_1_667' title='bbox 265 4380 383 4444; x_wconf 80' lang='lat' dir='ltr'><strong>timeas.</strong></span> <span class='ocrx_word' id='word_1_668' title='bbox 424 4377 587 4458; x_wconf 79' lang='lat' dir='ltr'><strong>Quoniam</strong></span> <span class='ocrx_word' id='word_1_669' title='bbox 608 4376 690 4442; x_wconf 89' lang='lat' dir='ltr'><strong>haec</strong></span> <span class='ocrx_word' id='word_1_670' title='bbox 711 4376 811 4443; x_wconf 90' lang='lat' dir='ltr'><strong>verba</strong></span> <span class='ocrx_word' id='word_1_671' title='bbox 832 4374 908 4441; x_wconf 90' lang='lat' dir='ltr'><strong>alibi</strong></span> <span class='ocrx_word' id='word_1_672' title='bbox 930 4374 1079 4459; x_wconf 88' lang='lat' dir='ltr'><strong>exposita</strong></span> <span class='ocrx_word' id='word_1_673' title='bbox 1128 4379 1204 4461; x_wconf 90' lang='lat' dir='ltr'><strong>quia</strong></span> <span class='ocrx_word' id='word_1_674' title='bbox 1243 4387 1412 4460; x_wconf 89' lang='lat' dir='ltr'><strong>postquam</strong></span> <span class='ocrx_word' id='word_1_675' title='bbox 1448 4376 1598 4441; x_wconf 90' lang='lat' dir='ltr'><strong>narravit</strong></span> <span class='ocrx_word' id='word_1_676' title='bbox 1620 4374 1730 4440; x_wconf 82' lang='lat' dir='ltr'><strong>Moses</strong></span> <span class='ocrx_word' id='word_1_677' title='bbox 1759 4383 1964 4440; x_wconf 88' lang='lat' dir='ltr'><strong>exstructum</strong></span> <span class='ocrx_word' id='word_1_678' title='bbox 1997 4373 2099 4440; x_wconf 88' lang='grc'><strong>161666</strong></span> 
     </span>
     <span class='ocr_line' id='line_1_47' title="bbox 91 4459 2098 4544; baseline -0.005 -10"><span class='ocrx_word' id='word_1_679' title='bbox 91 4477 190 4543; x_wconf 89' lang='grc'><strong>6666,</strong></span> <span class='ocrx_word' id='word_1_680' title='bbox 224 4487 319 4530; x_wconf 90' lang='grc'><strong>6666</strong></span> <span class='ocrx_word' id='word_1_681' title='bbox 347 4485 403 4530; x_wconf 87' lang='grc'><strong>666</strong></span> <span class='ocrx_word' id='word_1_682' title='bbox 432 4464 571 4530; x_wconf 88' lang='grc'><strong>6666166.</strong></span> <span class='ocrx_word' id='word_1_683' title='bbox 614 4462 729 4528; x_wconf 89' lang='lat' dir='ltr'><strong>Primo</strong></span> <span class='ocrx_word' id='word_1_684' title='bbox 755 4461 936 4527; x_wconf 91' lang='lat' dir='ltr'><strong>notandum</strong></span> <span class='ocrx_word' id='word_1_685' title='bbox 958 4471 1021 4540; x_wconf 87' lang='lat' dir='ltr'><strong>est,</strong></span> <span class='ocrx_word' id='word_1_686' title='bbox 1043 4461 1077 4526; x_wconf 91' lang='grc'><strong>16</strong></span> <span class='ocrx_word' id='word_1_687' title='bbox 1128 4463 1239 4542; x_wconf 89' lang='lat' dir='ltr'><strong>altare,</strong></span> <span class='ocrx_word' id='word_1_688' title='bbox 1262 4462 1301 4527; x_wconf 92' lang='lat' dir='ltr'><strong>de</strong></span> <span class='ocrx_word' id='word_1_689' title='bbox 1324 4470 1422 4544; x_wconf 89' lang='lat' dir='ltr'><strong>puteo</strong></span> <span class='ocrx_word' id='word_1_690' title='bbox 1443 4461 1602 4526; x_wconf 91' lang='lat' dir='ltr'><strong>meminit.</strong></span> <span class='ocrx_word' id='word_1_691' title='bbox 1646 4459 1715 4524; x_wconf 92' lang='lat' dir='ltr'><strong>Iam</strong></span> <span class='ocrx_word' id='word_1_692' title='bbox 1744 4461 2024 4544; x_wconf 89' lang='lat' dir='ltr'><strong>operaepretium</strong></span> <span class='ocrx_word' id='word_1_693' title='bbox 2048 4469 2098 4524; x_wconf 90' lang='lat' dir='ltr'><strong>est</strong></span> 
     </span>
     <span class='ocr_line' id='line_1_48' title="bbox 90 4544 2098 4633; baseline -0.005 -15"><span class='ocrx_word' id='word_1_694' title='bbox 90 4553 184 4618; x_wconf 91' lang='lat' dir='ltr'><strong>huuc</strong></span> <span class='ocrx_word' id='word_1_695' title='bbox 204 4553 311 4617; x_wconf 90' lang='lat' dir='ltr'><strong>finem</strong></span> <span class='ocrx_word' id='word_1_696' title='bbox 323 4551 432 4615; x_wconf 91' lang='lat' dir='ltr'><strong>Deum</strong></span> <span class='ocrx_word' id='word_1_697' title='bbox 450 4546 948 4633; x_wconf 88' lang='grc'><strong>61166616661666666666611166</strong></span> <span class='ocrx_word' id='word_1_698' title='bbox 964 4567 1077 4612; x_wconf 89' lang='lat' dir='ltr'><strong>norum</strong></span> <span class='ocrx_word' id='word_1_699' title='bbox 1129 4561 1242 4614; x_wconf 87' lang='lat' dir='ltr'><strong>notare</strong></span> <span class='ocrx_word' id='word_1_700' title='bbox 1269 4568 1343 4613; x_wconf 90' lang='lat' dir='ltr'><strong>eum</strong></span> <span class='ocrx_word' id='word_1_701' title='bbox 1375 4545 1508 4631; x_wconf 90' lang='lat' dir='ltr'><strong>quantis</strong></span> <span class='ocrx_word' id='word_1_702' title='bbox 1540 4546 1698 4613; x_wconf 86' lang='lat' dir='ltr'><strong>molestiis</strong></span> <span class='ocrx_word' id='word_1_703' title='bbox 1726 4544 1855 4612; x_wconf 87' lang='lat' dir='ltr'><strong>assidue</strong></span> <span class='ocrx_word' id='word_1_704' title='bbox 1888 4545 2003 4610; x_wconf 90' lang='lat' dir='ltr'><strong>luctati</strong></span> <span class='ocrx_word' id='word_1_705' title='bbox 2030 4545 2098 4610; x_wconf 90' lang='lat' dir='ltr'><strong>siut</strong></span> 
     </span>
     <span class='ocr_line' id='line_1_49' title="bbox 90 4627 2098 4716; baseline -0.004 -14"><span class='ocrx_word' id='word_1_706' title='bbox 90 4639 238 4704; x_wconf 88' lang='lat' dir='ltr'><strong>animos.</strong></span> <span class='ocrx_word' id='word_1_707' title='bbox 283 4636 370 4702; x_wconf 88' lang='lat' dir='ltr'><strong>Nam</strong></span> <span class='ocrx_word' id='word_1_708' title='bbox 392 4633 520 4701; x_wconf 90' lang='lat' dir='ltr'><strong>sublato</strong></span> <span class='ocrx_word' id='word_1_709' title='bbox 541 4635 611 4709; x_wconf 85' lang='lat' dir='ltr'><strong>eius</strong></span> <span class='ocrx_word' id='word_1_710' title='bbox 634 4633 743 4713; x_wconf 91' lang='lat' dir='ltr'><strong>verbo,</strong></span> <span class='ocrx_word' id='word_1_711' title='bbox 765 4633 819 4699; x_wconf 85' lang='grc'><strong>661</strong></span> <span class='ocrx_word' id='word_1_712' title='bbox 841 4632 991 4716; x_wconf 90' lang='lat' dir='ltr'><strong>stupidos</strong></span> <span class='ocrx_word' id='word_1_713' title='bbox 1014 4638 1078 4697; x_wconf 89' lang='lat' dir='ltr'><strong>tor·</strong></span> <span class='ocrx_word' id='word_1_714' title='bbox 1127 4636 1231 4700; x_wconf 88' lang='grc'><strong>666661</strong></span> <span class='ocrx_word' id='word_1_715' title='bbox 1263 4633 1312 4698; x_wconf 95' lang='grc'><strong>1111</strong></span> <span class='ocrx_word' id='word_1_716' title='bbox 1343 4645 1469 4716; x_wconf 89' lang='lat' dir='ltr'><strong>patres:</strong></span> <span class='ocrx_word' id='word_1_717' title='bbox 1509 4633 1628 4716; x_wconf 91' lang='grc'><strong>661666</strong></span> <span class='ocrx_word' id='word_1_718' title='bbox 1667 4630 1834 4697; x_wconf 86' lang='lat' dir='ltr'><strong>vincendis</strong></span> <span class='ocrx_word' id='word_1_719' title='bbox 1870 4631 1922 4696; x_wconf 93' lang='lat' dir='ltr'><strong>vel</strong></span> <span class='ocrx_word' id='word_1_720' title='bbox 1955 4627 2098 4696; x_wconf 81' lang='lat' dir='ltr'><strong>ferendis</strong></span> 
     </span>
     <span class='ocr_line' id='line_1_50' title="bbox 88 4715 2097 4813; baseline -0.004 -23"><span class='ocrx_word' id='word_1_721' title='bbox 88 4747 189 4809; x_wconf 90' lang='lat' dir='ltr'><strong>pere,</strong></span> <span class='ocrx_word' id='word_1_722' title='bbox 215 4722 276 4813; x_wconf 74' lang='grc'><strong>661</strong></span> <span class='ocrx_word' id='word_1_723' title='bbox 297 4720 525 4804; x_wconf 88' lang='lat' dir='ltr'><strong>inquietudine</strong></span> <span class='ocrx_word' id='word_1_724' title='bbox 554 4721 699 4804; x_wconf 89' lang='lat' dir='ltr'><strong>torqueri</strong></span> <span class='ocrx_word' id='word_1_725' title='bbox 724 4740 855 4784; x_wconf 89' lang='grc'><strong>6666666</strong></span> <span class='ocrx_word' id='word_1_726' title='bbox 877 4728 936 4784; x_wconf 89' lang='grc'><strong>666.</strong></span> <span class='ocrx_word' id='word_1_727' title='bbox 981 4716 1078 4784; x_wconf 90' lang='lat' dir='ltr'><strong>Unde</strong></span> <span class='ocrx_word' id='word_1_728' title='bbox 1128 4739 1296 4802; x_wconf 91' lang='lat' dir='ltr'><strong>nunquam</strong></span> <span class='ocrx_word' id='word_1_729' title='bbox 1318 4738 1412 4801; x_wconf 88' lang='lat' dir='ltr'><strong>pares</strong></span> <span class='ocrx_word' id='word_1_730' title='bbox 1441 4719 1596 4799; x_wconf 84' lang='lat' dir='ltr'><strong>fuissent,</strong></span> <span class='ocrx_word' id='word_1_731' title='bbox 1622 4715 1685 4782; x_wconf 91' lang='lat' dir='ltr'><strong>uisi</strong></span> <span class='ocrx_word' id='word_1_732' title='bbox 1707 4717 1804 4801; x_wconf 87' lang='lat' dir='ltr'><strong>longe</strong></span> <span class='ocrx_word' id='word_1_733' title='bbox 1822 4715 1923 4782; x_wconf 92' lang='lat' dir='ltr'><strong>alieni</strong></span> <span class='ocrx_word' id='word_1_734' title='bbox 1940 4738 1960 4782; x_wconf 89' lang='lat' dir='ltr'><strong>a</strong></span> <span class='ocrx_word' id='word_1_735' title='bbox 1977 4717 2097 4782; x_wconf 90' lang='lat' dir='ltr'><strong>uostris</strong></span> 
     </span>
     <span class='ocr_line' id='line_1_51' title="bbox 89 4800 2097 4893; baseline -0.004 -17"><span class='ocrx_word' id='word_1_736' title='bbox 89 4811 255 4893; x_wconf 89' lang='lat' dir='ltr'><strong>sequitur</strong></span> <span class='ocrx_word' id='word_1_737' title='bbox 286 4829 350 4873; x_wconf 92' lang='lat' dir='ltr'><strong>nnn</strong></span> <span class='ocrx_word' id='word_1_738' title='bbox 372 4806 504 4874; x_wconf 91' lang='lat' dir='ltr'><strong>aliunde</strong></span> <span class='ocrx_word' id='word_1_739' title='bbox 525 4806 654 4890; x_wconf 92' lang='lat' dir='ltr'><strong>prodire</strong></span> <span class='ocrx_word' id='word_1_740' title='bbox 676 4802 768 4871; x_wconf 90' lang='lat' dir='ltr'><strong>nobis</strong></span> <span class='ocrx_word' id='word_1_741' title='bbox 789 4824 902 4889; x_wconf 86' lang='lat' dir='ltr'><strong>panem</strong></span> <span class='ocrx_word' id='word_1_742' title='bbox 919 4824 1018 4887; x_wconf 90' lang='lat' dir='ltr'><strong>quam</strong></span> <span class='ocrx_word' id='word_1_743' title='bbox 1035 4823 1077 4869; x_wconf 91' lang='lat' dir='ltr'><strong>ex</strong></span> <span class='ocrx_word' id='word_1_744' title='bbox 1127 4804 1271 4871; x_wconf 92' lang='lat' dir='ltr'><strong>lautitiis.</strong></span> <span class='ocrx_word' id='word_1_745' title='bbox 1312 4803 1420 4884; x_wconf 79' lang='lat' dir='ltr'><strong>Quam</strong></span> <span class='ocrx_word' id='word_1_746' title='bbox 1443 4803 1530 4868; x_wconf 92' lang='lat' dir='ltr'><strong>enim</strong></span> <span class='ocrx_word' id='word_1_747' title='bbox 1552 4802 1647 4869; x_wconf 92' lang='lat' dir='ltr'><strong>nobis</strong></span> <span class='ocrx_word' id='word_1_748' title='bbox 1668 4800 1783 4869; x_wconf 88' lang='lat' dir='ltr'><strong>acerba</strong></span> <span class='ocrx_word' id='word_1_749' title='bbox 1805 4812 1890 4868; x_wconf 88' lang='grc'><strong>66666</strong></span> <span class='ocrx_word' id='word_1_750' title='bbox 1911 4822 2014 4886; x_wconf 89' lang='lat' dir='ltr'><strong>aquae</strong></span> <span class='ocrx_word' id='word_1_751' title='bbox 2036 4801 2097 4868; x_wconf 89' lang='grc'><strong>611-</strong></span> 
     </span>
     <span class='ocr_line' id='line_1_52' title="bbox 86 4888 2098 4975; baseline -0.007 -11"><span class='ocrx_word' id='word_1_752' title='bbox 86 4918 144 4964; x_wconf 88' lang='lat' dir='ltr'><strong>nre</strong></span> <span class='ocrx_word' id='word_1_753' title='bbox 165 4893 324 4975; x_wconf 89' lang='lat' dir='ltr'><strong>Domini,</strong></span> <span class='ocrx_word' id='word_1_754' title='bbox 347 4893 425 4960; x_wconf 91' lang='lat' dir='ltr'><strong>dum</strong></span> <span class='ocrx_word' id='word_1_755' title='bbox 442 4893 557 4959; x_wconf 88' lang='lat' dir='ltr'><strong>salutis</strong></span> <span class='ocrx_word' id='word_1_756' title='bbox 574 4899 704 4958; x_wconf 88' lang='lat' dir='ltr'><strong>nostrae</strong></span> <span class='ocrx_word' id='word_1_757' title='bbox 725 4889 906 4975; x_wconf 89' lang='lat' dir='ltr'><strong>praesidem</strong></span> <span class='ocrx_word' id='word_1_758' title='bbox 923 4910 959 4954; x_wconf 91' lang='lat' dir='ltr'><strong>se</strong></span> <span class='ocrx_word' id='word_1_759' title='bbox 977 4897 1076 4955; x_wconf 89' lang='lat' dir='ltr'><strong>tasta-</strong></span> <span class='ocrx_word' id='word_1_760' title='bbox 1127 4891 1269 4965; x_wconf 85' lang='lat' dir='ltr'><strong>licuitne,</strong></span> <span class='ocrx_word' id='word_1_761' title='bbox 1302 4891 1356 4972; x_wconf 92' lang='grc'><strong>661</strong></span> <span class='ocrx_word' id='word_1_762' title='bbox 1385 4909 1481 4972; x_wconf 85' lang='grc'><strong>66666</strong></span> <span class='ocrx_word' id='word_1_763' title='bbox 1503 4889 1576 4954; x_wconf 89' lang='grc' dir='ltr'><strong>Ι)66</strong></span> <span class='ocrx_word' id='word_1_764' title='bbox 1607 4888 1824 4970; x_wconf 83' lang='lat' dir='ltr'><strong>obstrepimus</strong></span> <span class='ocrx_word' id='word_1_765' title='bbox 1851 4889 1914 4954; x_wconf 89' lang='grc'><strong>6161</strong></span> <span class='ocrx_word' id='word_1_766' title='bbox 1944 4895 2098 4972; x_wconf 87' lang='lat' dir='ltr'><strong>suppetat</strong></span> 
     </span>
     <span class='ocr_line' id='line_1_53' title="bbox 87 4971 2097 5062; baseline -0.006 -13"><span class='ocrx_word' id='word_1_767' title='bbox 87 4995 160 5049; x_wconf 91' lang='lat' dir='ltr'><strong>tur:</strong></span> <span class='ocrx_word' id='word_1_768' title='bbox 186 5001 265 5048; x_wconf 91' lang='lat' dir='ltr'><strong>non</strong></span> <span class='ocrx_word' id='word_1_769' title='bbox 288 4979 373 5062; x_wconf 92' lang='lat' dir='ltr'><strong>quod</strong></span> <span class='ocrx_word' id='word_1_770' title='bbox 395 4992 476 5045; x_wconf 88' lang='lat' dir='ltr'><strong>tuno</strong></span> <span class='ocrx_word' id='word_1_771' title='bbox 497 4979 660 5044; x_wconf 91' lang='lat' dir='ltr'><strong>immunes</strong></span> <span class='ocrx_word' id='word_1_772' title='bbox 681 4977 785 5043; x_wconf 89' lang='lat' dir='ltr'><strong>simus</strong></span> <span class='ocrx_word' id='word_1_773' title='bbox 801 4974 843 5040; x_wconf 92' lang='lat' dir='ltr'><strong>ab</strong></span> <span class='ocrx_word' id='word_1_774' title='bbox 861 4975 951 5040; x_wconf 92' lang='lat' dir='ltr'><strong>omni</strong></span> <span class='ocrx_word' id='word_1_775' title='bbox 970 4983 1076 5040; x_wconf 89' lang='lat' dir='ltr'><strong>metu:</strong></span> <span class='ocrx_word' id='word_1_776' title='bbox 1127 4977 1197 5042; x_wconf 91' lang='grc'><strong>6161</strong></span> <span class='ocrx_word' id='word_1_777' title='bbox 1226 4973 1338 5058; x_wconf 84' lang='lat' dir='ltr'><strong>eopia?</strong></span> <span class='ocrx_word' id='word_1_778' title='bbox 1366 4974 1430 5040; x_wconf 89' lang='lat' dir='ltr'><strong>His</strong></span> <span class='ocrx_word' id='word_1_779' title='bbox 1458 4995 1536 5058; x_wconf 90' lang='lat' dir='ltr'><strong>ergo</strong></span> <span class='ocrx_word' id='word_1_780' title='bbox 1569 4971 1728 5057; x_wconf 89' lang='lat' dir='ltr'><strong>exemplis</strong></span> <span class='ocrx_word' id='word_1_781' title='bbox 1754 4974 1795 5039; x_wconf 88' lang='lat' dir='ltr'><strong>ad</strong></span> <span class='ocrx_word' id='word_1_782' title='bbox 1824 4973 2032 5040; x_wconf 88' lang='lat' dir='ltr'><strong>tolerantiam</strong></span> <span class='ocrx_word' id='word_1_783' title='bbox 2062 4993 2097 5038; x_wconf 91' lang='lat' dir='ltr'><strong>se</strong></span> 
     </span>
     <span class='ocr_line' id='line_1_54' title="bbox 86 5059 2098 5150; baseline -0.007 -14"><span class='ocrx_word' id='word_1_784' title='bbox 86 5070 145 5137; x_wconf 86' lang='lat' dir='ltr'><strong>sed</strong></span> <span class='ocrx_word' id='word_1_785' title='bbox 183 5068 274 5150; x_wconf 90' lang='lat' dir='ltr'><strong>quia</strong></span> <span class='ocrx_word' id='word_1_786' title='bbox 305 5064 346 5130; x_wconf 91' lang='lat' dir='ltr'><strong>ad</strong></span> <span class='ocrx_word' id='word_1_787' title='bbox 374 5063 534 5130; x_wconf 88' lang='lat' dir='ltr'><strong>sedandas</strong></span> <span class='ocrx_word' id='word_1_788' title='bbox 564 5060 824 5145; x_wconf 87' lang='lat' dir='ltr'><strong>perturbationes</strong></span> <span class='ocrx_word' id='word_1_789' title='bbox 852 5063 932 5127; x_wconf 91' lang='lat' dir='ltr'><strong>satis</strong></span> <span class='ocrx_word' id='word_1_790' title='bbox 961 5061 1075 5126; x_wconf 88' lang='lat' dir='ltr'><strong>efficax</strong></span> <span class='ocrx_word' id='word_1_791' title='bbox 1126 5061 1341 5128; x_wconf 82' lang='lat' dir='ltr'><strong>assuefaciant</strong></span> <span class='ocrx_word' id='word_1_792' title='bbox 1359 5059 1485 5126; x_wconf 86' lang='lat' dir='ltr'><strong>fideles:</strong></span> <span class='ocrx_word' id='word_1_793' title='bbox 1509 5071 1542 5124; x_wconf 91' lang='lat' dir='ltr'><strong>et</strong></span> <span class='ocrx_word' id='word_1_794' title='bbox 1559 5061 1587 5126; x_wconf 88' lang='lat' dir='ltr'><strong>si</strong></span> <span class='ocrx_word' id='word_1_795' title='bbox 1604 5059 1733 5143; x_wconf 88' lang='lat' dir='ltr'><strong>quando</strong></span> <span class='ocrx_word' id='word_1_796' title='bbox 1751 5059 1906 5126; x_wconf 90' lang='lat' dir='ltr'><strong>alimenta</strong></span> <span class='ocrx_word' id='word_1_797' title='bbox 1922 5069 1956 5124; x_wconf 93' lang='lat' dir='ltr'><strong>et</strong></span> <span class='ocrx_word' id='word_1_798' title='bbox 1972 5059 2098 5142; x_wconf 90' lang='lat' dir='ltr'><strong>reliqua</strong></span> 
     </span>
     <span class='ocr_line' id='line_1_55' title="bbox 86 5144 2096 5222; baseline -0.007 0"><span class='ocrx_word' id='word_1_799' title='bbox 86 5153 250 5222; x_wconf 86' lang='grc'><strong>6666661</strong></span> <span class='ocrx_word' id='word_1_800' title='bbox 276 5151 443 5217; x_wconf 88' lang='lat' dir='ltr'><strong>securitas.</strong></span> <span class='ocrx_word' id='word_1_801' title='bbox 486 5151 607 5216; x_wconf 92' lang='lat' dir='ltr'><strong>Postea</strong></span> <span class='ocrx_word' id='word_1_802' title='bbox 629 5147 793 5214; x_wconf 90' lang='lat' dir='ltr'><strong>Dominus</strong></span> <span class='ocrx_word' id='word_1_803' title='bbox 813 5166 958 5213; x_wconf 87' lang='lat' dir='ltr'><strong>amorum</strong></span> <span class='ocrx_word' id='word_1_804' title='bbox 980 5167 1076 5212; x_wconf 91' lang='lat' dir='ltr'><strong>suum</strong></span> <span class='ocrx_word' id='word_1_805' title='bbox 1126 5148 1214 5212; x_wconf 92' lang='lat' dir='ltr'><strong>vitae</strong></span> <span class='ocrx_word' id='word_1_806' title='bbox 1244 5145 1388 5211; x_wconf 90' lang='lat' dir='ltr'><strong>subsidia</strong></span> <span class='ocrx_word' id='word_1_807' title='bbox 1408 5145 1483 5210; x_wconf 91' lang='lat' dir='ltr'><strong>illos</strong></span> <span class='ocrx_word' id='word_1_808' title='bbox 1511 5145 1682 5222; x_wconf 89' lang='grc'><strong>66661666,</strong></span> <span class='ocrx_word' id='word_1_809' title='bbox 1711 5144 1820 5212; x_wconf 89' lang='grc'><strong>666166</strong></span> <span class='ocrx_word' id='word_1_810' title='bbox 1848 5155 2041 5212; x_wconf 88' lang='lat' dir='ltr'><strong>convertant</strong></span> <span class='ocrx_word' id='word_1_811' title='bbox 2062 5146 2096 5208; x_wconf 93' lang='lat' dir='ltr'><strong>in</strong></span> 
     </span>
     <span class='ocr_line' id='line_1_56' title="bbox 84 5229 2098 5319; baseline -0.007 -11"><span class='ocrx_word' id='word_1_812' title='bbox 84 5244 127 5308; x_wconf 89' lang='lat' dir='ltr'><strong>ab</strong></span> <span class='ocrx_word' id='word_1_813' title='bbox 150 5241 287 5308; x_wconf 84' lang='lat' dir='ltr'><strong>effectu</strong></span> <span class='ocrx_word' id='word_1_814' title='bbox 308 5237 518 5317; x_wconf 88' lang='lat' dir='ltr'><strong>demonstrat,</strong></span> <span class='ocrx_word' id='word_1_815' title='bbox 541 5256 640 5319; x_wconf 90' lang='lat' dir='ltr'><strong>quum</strong></span> <span class='ocrx_word' id='word_1_816' title='bbox 662 5255 698 5300; x_wconf 90' lang='lat' dir='ltr'><strong>se</strong></span> <span class='ocrx_word' id='word_1_817' title='bbox 720 5233 965 5299; x_wconf 90' lang='lat' dir='ltr'><strong>benedicturum</strong></span> <span class='ocrx_word' id='word_1_818' title='bbox 984 5231 1077 5298; x_wconf 88' lang='grc'><strong>16666</strong></span> <span class='ocrx_word' id='word_1_819' title='bbox 1126 5233 1233 5311; x_wconf 88' lang='grc'><strong>16666,</strong></span> <span class='ocrx_word' id='word_1_820' title='bbox 1263 5233 1317 5314; x_wconf 88' lang='grc'><strong>661</strong></span> <span class='ocrx_word' id='word_1_821' title='bbox 1345 5230 1531 5297; x_wconf 89' lang='lat' dir='ltr'><strong>siticulosus</strong></span> <span class='ocrx_word' id='word_1_822' title='bbox 1553 5231 1588 5295; x_wconf 89' lang='lat' dir='ltr'><strong>iu</strong></span> <span class='ocrx_word' id='word_1_823' title='bbox 1617 5229 1819 5296; x_wconf 88' lang='lat' dir='ltr'><strong>haereditate</strong></span> <span class='ocrx_word' id='word_1_824' title='bbox 1847 5231 1908 5296; x_wconf 92' lang='lat' dir='ltr'><strong>sibi</strong></span> <span class='ocrx_word' id='word_1_825' title='bbox 1938 5229 2098 5295; x_wconf 90' lang='lat' dir='ltr'><strong>divinitus</strong></span> 
     </span>
     <span class='ocr_line' id='line_1_57' title="bbox 82 5317 1440 5413; baseline -0.009 -20"><span class='ocrx_word' id='word_1_826' title='bbox 82 5324 276 5413; x_wconf 89' lang='lat' dir='ltr'><strong>promittit.</strong></span> <span class='ocrx_word' id='word_1_827' title='bbox 1126 5317 1286 5403; x_wconf 90' lang='lat' dir='ltr'><strong>promissa</strong></span> <span class='ocrx_word' id='word_1_828' title='bbox 1308 5319 1440 5384; x_wconf 90' lang='lat' dir='ltr'><strong>erravit.</strong></span> 
     </span>
    </p>
   </div>
   <div class='ocr_carea' id='block_1_5' title="bbox 0 0 2504 6208">
    <p class='ocr_par' dir='ltr' id='par_1_6' title="bbox 0 0 2504 6208">
     <span class='ocr_line' id='line_1_58' title="bbox 0 0 2504 6208; baseline 0 11"><span class='ocrx_word' id='word_1_829' title='bbox 0 0 2504 6208; x_wconf 95' lang='lat' dir='ltr'><strong> </strong></span> 
     </span>
    </p>
   </div>
  </div>
 </body>
</html>
