4988 6192
392 409 457 474 447
1048 408 1421 478 COMMENTARIUS
1445 409 1495 476 IN
1518 409 1732 476 GENESIN.
2323 409 2380 476 448

393 599 502 662 Deum
524 597 654 664 insolito
676 605 708 660 et
730 597 989 664 extraordinario
1011 598 1107 665 modo
1129 599 1259 664 viderit.
1293 597 1365 663 Iam
1415 598 1496 664 mibi
1524 597 1644 664 omnia:
1678 596 1723 662 at
1748 599 1842 682 mepit
1868 617 1952 676 eun,
1981 601 2008 662 et
2035 597 2158 679 accepit.
2213 597 2263 662 12.
2301 597 2381 666 Tunc

393 684 421 748 si
447 681 545 749 Iacob
574 691 743 766 tantopere
776 683 936 764 exsultat,
965 685 1090 769 sibique
1119 684 1305 769 gratulatur
1328 685 1365 748 in
1415 686 1515 752 nteit:
1539 683 1792 765 Prasinianorum,
1816 682 2382 760 comarumcomarum

391 769 449 833 illa
465 768 559 834 tenui
581 767 715 834 notitiae
742 790 912 850 mensura,
936 769 1126 854 quidnobis
1148 770 1243 837 bodie
1265 791 1364 854 agen·
1415 776 1453 836 te.
1500 771 1549 836 13.
1581 769 1645 836 sea
1666 769 1749 836 nien
1769 769 1813 835 ad
1834 790 1912 836 euna
1938 769 2097 834 Dominus
2118 788 2206 834 nuens
2226 770 2285 834 scit
2306 772 2381 852 quod

391 853 471 919 dum
494 861 544 919 est
561 855 681 938 quibus
698 852 850 921 Christus
872 856 947 922 viva
965 857 1029 922 Dei
1051 858 1161 942 imago
1182 877 1242 940 per
1263 877 1365 922 eran·
1413 856 1507 938 pueri
1531 856 1630 921 teneri
1657 860 1745 921 sun:
1777 860 1806 920 et
1827 855 1978 936 penne,
2014 859 2042 919 et
2078 853 2164 920 bmec
2188 854 2289 937 factae
2316 861 2383 921 sunt

391 939 468 1024 gelli
489 941 657 1022 speculum
675 948 752 1006 ante
769 941 877 1007 oculos
894 942 1067 1008 versatur?
1095 941 1270 1009 Discamus
1288 963 1366 1026 ergo
1415 941 1511 1006 mibi:
1534 947 1561 1006 et
1586 941 1613 1006 si
1636 941 1835 1022 Murrina
1855 961 1910 1007 eae
1930 941 1983 1008 die
2003 961 2069 1005 uno
2089 940 2262 1006 utemur
2284 961 2382 1008 omnes

392 1025 502 1092 oculos
532 1027 675 1109 aperire,
706 1046 749 1092 ne
770 1027 804 1091 in
833 1027 968 1094 maudie
997 1029 1233 1095 caecutiamus:
1269 1028 1366 1093 sicuti
1412 1028 1556 1108 pennam
1614 1028 1663 1091 14.
1709 1027 1864 1093 Transeat
1892 1045 2005 1110 quaeso
2032 1027 2292 1093 concnam
2319 1033 2382 1093 arn

391 1131 452 1178 nos
479 1111 606 1178 Paulus
637 1111 792 1178 bortatur
819 1113 981 1179 secundae
1008 1112 1049 1179 ad
1076 1113 1227 1181 Corinth.
1260 1113 1365 1196 capite
1416 1132 1540 1179 sununs
1559 1131 1663 1193 mum,
1687 1119 1715 1178 et
1736 1133 1789 1197 epo
1810 1113 1924 1179 ducam
1943 1123 1996 1178 me·
2007 1111 2194 1194 emmim
2213 1112 2258 1177 ad
2275 1111 2383 1193 peden
2485 1115 2486 1136 ¹

391 1197 490 1263 tertio
512 1207 546 1262 et
590 1207 691 1264 uarto.
1260 1201 1273 1238 ='
1413 1200 1518 1283 crepis
1537 1199 1593 1281 qui
1610 1203 1655 1264 est
1672 1203 1742 1264 anu
1758 1218 1820 1278 nte,
1844 1203 1874 1263 et
1893 1199 1937 1264 ad
1951 1199 2063 1280 pedem
2079 1217 2266 1279 warum,
2297 1199 2384 1272 donec

477 1283 528 1348 31.
598 1288 609 1346 t
639 1282 841 1349 οῑαιιάἱοαὺαΐ.
902 1284 1078 1352 Probabile
1111 1294 1174 1363 est,
1210 1305 1248 1350 ac
1276 1284 1366 1362 colli·
1416 1285 1539 1350 cenum
1560 1285 1604 1350 ad
1628 1285 1788 1350 dominnm
1814 1303 1917 1349 mum
1944 1286 1980 1348 in
2003 1282 2105 1349 Sebir.
2156 1281 2206 1348 15.
2235 1281 2280 1348 Et
2306 1283 2386 1349 dixit

392 1388 470 1453 gere
505 1369 603 1434 etiam
640 1369 716 1434 licet
750 1391 793 1434 ex
826 1369 935 1435 verbis
965 1371 1068 1436 Musis
1096 1370 1365 1437 claudicationem
1416 1369 1524 1436 Esau:
1550 1368 1641 1435 Stare
1668 1369 1787 1453 [mium
1815 1389 1898 1436 nuno
1930 1375 2028 1436 mmm
2056 1368 2094 1435 de
2114 1369 2235 1450 popum
2261 1369 2320 1450 qui
2346 1374 2385 1435 est

391 1454 492 1520 luisse
515 1454 637 1538 absque
660 1455 780 1520 doloris
804 1474 918 1539 sensu,
948 1466 987 1521 ut
1014 1457 1134 1524 clarius
1156 1465 1283 1539 pateret
1304 1457 1365 1520 mi·
1415 1475 1541 1521 mcum.
1586 1453 1630 1520 Et
1652 1456 1751 1521 ant.-
1784 1453 1823 1522 Ut
1848 1455 1928 1537 qnid
1955 1455 2035 1520 bae?
2065 1455 2225 1521 inueniam
2248 1455 2385 1537 qratiam

391 1540 549 1606 raculum.
580 1540 666 1606 Nam
684 1539 776 1606 Deus
797 1541 833 1606 iu
850 1561 947 1608 carne
968 1543 1054 1608 servi
1077 1541 1128 1608 sui
1145 1541 1366 1625 spectaculum
1416 1543 1451 1606 in
1473 1541 1571 1607 mutis
1587 1542 1707 1606 donsini
1727 1541 1796 1607 nat.
1842 1541 1893 1606 16.
1928 1539 2085 1607 Munna
2101 1545 2146 1606 est
2162 1541 2268 1623 itaqnae
2288 1539 2325 1604 in
2341 1540 2386 1604 die

391 1626 544 1693 exhibuit
565 1625 716 1692 omnibus
739 1627 889 1707 sacculis,
912 1649 954 1692 ex
972 1649 1035 1711 quo
1057 1628 1221 1694 discerent
1242 1625 1365 1704 fideles,
1415 1627 1489 1710 ipsa
1516 1623 1608 1692 Esau
1627 1647 1688 1708 per
1717 1627 1802 1692 cmm
1828 1645 1921 1693 unum
1948 1627 1984 1692 in
2016 1624 2116 1692 tenir.
2174 1626 2224 1690 17.
2253 1623 2384 1692 Innuet

392 1713 558 1778 nominem
588 1720 656 1776 tam
678 1710 849 1779 robustum
877 1733 947 1779 esse
975 1713 1134 1780 athletam
1156 1712 1211 1796 qui
1233 1734 1300 1780 uon
1323 1733 1366 1778 ex
1416 1717 1520 1778 anton
1535 1712 1694 1795 wofeotue
1718 1717 1764 1778 eet
1780 1713 1819 1776 'in
1841 1711 1982 1789 deuicti
2007 1709 2233 1792 &aedificavit
2252 1711 2318 1777 cibi
2341 1711 2386 1776 do

392 1796 472 1862 luxa
493 1797 652 1881 spirituali
675 1796 805 1882 plagam
827 1799 969 1882 aliquam
988 1802 1121 1865 referat:
1145 1799 1221 1883 quia
1238 1800 1275 1864 in
1296 1818 1365 1864 om·
1416 1817 1518 1878 munt,
1541 1797 1757 1878 etpeaudibne
1781 1799 1851 1863 snb
1876 1797 1950 1880 feeit
1970 1795 2182 1864 tabeneactdoe
2203 1797 2323 1862 idaiam
2342 1816 2386 1861 oc-

392 1883 490 1949 nibus
512 1904 641 1967 semper
662 1883 777 1949 haeret
797 1885 988 1971 iufirmitas,
1016 1907 1058 1950 ne
1088 1886 1161 1969 quis
1187 1885 1273 1950 ultra
1295 1903 1365 1949 mc·
1416 1885 1497 1950 aaut
1517 1903 1628 1949 nomen
1653 1885 1713 1950 aa
1736 1882 1876 1950 anton
1931 1883 1980 1948 18.
2014 1879 2059 1948 Et
2078 1883 2161 1948 oeni
2182 1881 2321 1948 Iabaaab
2341 1884 2386 1946 in·

393 1966 470 2034 dum
504 1967 565 2035 sibi
597 1969 734 2053 placeat.
790 1969 887 2050 Quod
919 1971 1036 2037 recitet
1068 1971 1192 2050 Moses,
1225 1969 1366 2036 Iudaeos
1415 1969 1545 2036 wtnmis
1564 1970 1599 2035 in
1626 1970 1780 2034 enum
1803 1967 1928 2034 amen
1956 1989 2037 2052 quae
2062 1973 2130 2034 erat
2151 1967 2189 2033 in
2209 1971 2295 2033 torre
2319 1966 2386 2034 tte

392 2053 588 2120 abstinuisse
610 2077 630 2120 a
649 2056 887 2136 nervotraoto,
911 2057 963 2122 vel
981 2064 1075 2141 parte
1094 2057 1154 2123 illa
1171 2055 1365 2134 coxendicis,
1416 2075 1518 2132 naon,
1540 2055 1664 2136 quanm
1688 2055 1771 2120 oeni
1793 2054 1860 2138 ipse
1880 2056 1918 2120 de
1943 2053 2059 2119 Padan
2079 2053 2201 2132 Aram,
2224 2058 2252 2118 et
2273 2054 2389 2118 mansit
2485 2091 2486 2110 1

392 2139 624 2224 superstitione
652 2140 777 2207 factum
805 2153 952 2208 nonest.
1004 2142 1136 2209 Scimus
1166 2143 1254 2208 enim
1283 2139 1366 2208 illud
1417 2146 1488 2207 unte
1506 2139 1621 2206 urben
1656 2140 1706 2207 19.
1732 2133 1778 2205 Et
1793 2141 1867 2206 unit
1881 2145 2008 2222 partem
2028 2140 2110 2224 apri,
2129 2140 2165 2204 in
2185 2159 2245 2221 quo
2267 2139 2388 2205 aaut

391 2226 560 2292 saeculum
578 2225 679 2292 luisse
696 2226 850 2293 ecclesiae
867 2228 1052 2310 pueritiam.
1080 2228 1192 2309 Quare
1204 2228 1367 2293 Dominus
1415 2226 1649 2293 tabernaculum
1670 2245 1777 2305 sunna
1799 2226 1837 2291 de
1860 2246 1958 2291 nrmtu
1983 2223 2123 2306 fitiorum
2144 2224 2271 2290 Homer
2286 2225 2388 2307 potnit
2485 2259 2486 2294 1

391 2309 505 2377 fideles
527 2313 582 2394 qui
605 2320 684 2377 tunc
706 2313 871 2396 vixerunt,
893 2314 954 2379 sub
971 2313 1175 2398 paedagogia
1196 2314 1366 2380 continuit.
1419 2311 1551 2392 Sedena,
1572 2317 1692 2377 oennnrn
1716 2312 1862 2377 nurnrnis.
1920 2311 1972 2377 20.
2001 2308 2046 2375 El
2066 2311 2178 2376 statuit
2201 2309 2248 2376 ibi
2274 2311 2390 2376 auare.-

392 2396 490 2463 Nuuc
518 2397 679 2480 quamvis.
704 2406 778 2482 post
802 2397 928 2465 Christi
960 2397 1139 2465 adventum
1163 2397 1296 2464 liberior
1325 2400 1368 2465 sit
1418 2398 1584 2465 nouauit
1603 2398 1702 2464 iilud:
1723 2396 1832 2463 Fortis
1851 2397 1941 2464 Dens
1962 2396 2076 2462 Israel.
2485 2465 2486 2474 p

391 2490 506 2549 nostra
528 2481 679 2564 conditio,
701 2485 814 2570 vigere
835 2484 922 2568 apud
944 2505 1004 2551 nos
1022 2485 1119 2552 debet
1140 2484 1210 2550 eius
1232 2485 1281 2550 rei
1303 2506 1369 2550 me·
2485 2479 2486 2528 l

393 2569 513 2645 moria,
543 2569 576 2633 in
599 2589 664 2652 qua
685 2567 778 2636 Deus
801 2576 947 2636 veterem
968 2570 1125 2654 populum
1148 2571 1208 2636 sub
1231 2584 1368 2636 externo
1506 2568 1535 2633 1.
1572 2567 1616 2634 at
1646 2567 1759 2634 leuant
1792 2565 1927 2633 Iabaaab
1955 2565 2058 2633 mnus
2088 2585 2171 2632 nuos.
2236 2565 2390 2630 Diximus

393 2654 460 2719 ritu
482 2655 637 2720 exercuit.
1419 2663 1580 2739 quantum
1608 2653 1671 2719 eibi
1693 2675 1713 2719 a
1738 2654 1841 2719 fratre
1867 2660 2031 2719 metueret
2057 2651 2170 2718 Iacob:
2201 2671 2291 2717 nunc
2317 2669 2392 2716 vero
2485 2673 2486 2704 l

1419 2761 1521 2892 tutu
2047 2758 2134 2890 ru
2155 2736 2393 2888 straus

707 2994 1050 3064 carcnxxxm.
1417 2907 2394 3092 tttttttttttttttttt{tutatuta

1419 3103 1525 3166 neque
1553 3083 1716 3148 anxietate
1743 3095 1778 3147 et
1804 3090 1897 3147 metu
1926 3100 2051 3148 vacuus
2079 3081 2132 3148 sit.
2194 3078 2278 3144 Viro
2307 3098 2393 3144 emm

481 3169 509 3232 1.
540 3167 671 3234 Monuit
700 3172 803 3233 annm
825 3167 960 3234 Iabaceb
981 3168 1085 3235 onus
1111 3187 1198 3248 ane,
1223 3175 1251 3234 et
1278 3169 1365 3249 cinti,
1418 3168 1542 3235 crudeli
1574 3168 1731 3234 manebat
1759 3187 1889 3252 semper
1916 3166 2030 3233 cadem
2059 3165 2126 3232 ndii
2154 3185 2264 3232 causa.
2327 3165 2393 3230 Noc
2485 3219 2486 3254 p

392 3260 510 3321 omae
530 3248 624 3319 aaa
652 3252 805 3332 amicta,
835 3259 955 3320 eoum
976 3275 1009 3320 eo
1037 3259 1166 3337 erantq
1257 3256 1263 3268 '
1304 3257 1367 3322 enti
1418 3254 1585 3340 probabile
1605 3261 1689 3334 erat,
1719 3273 1761 3319 ex
1783 3274 1846 3337 quo
1868 3253 2034 3337 digressus
2055 3272 2076 3317 a
2097 3250 2193 3317 domo
2214 3252 2323 3335 patris
2347 3250 2395 3316 vi·
2485 3263 2486 3296 1

393 3341 473 3406 ciri:
502 3343 529 3405 et
555 3337 665 3405 diunt
688 3337 799 3405 liberos
827 3358 896 3404 mm
920 3339 1009 3406 Lean
1030 3345 1058 3405 et
1080 3359 1151 3405 aura
1181 3341 1311 3420 Recte,
1338 3346 1367 3408 et
1419 3339 1517 3407 vebat
1539 3359 1599 3406 suo
1621 3339 1770 3440 ingenio,
1793 3337 1955 3404 mitiorem
1977 3359 2049 3405 esse
2070 3337 2249 3404 redditum.
2293 3337 2394 3422 Ergo,

392 3446 466 3494 aunt
488 3425 637 3491 amma
653 3425 787 3490 metus
831 3425 861 3491 2.
893 3426 981 3491 Tunc
996 3426 1106 3508 posuit
1122 3427 1255 3493 annuas
1276 3432 1304 3493 et
1324 3428 1366 3494 ii·
1416 3434 1455 3492 ut
1476 3427 1514 3492 in
1535 3448 1571 3492 re
1592 3424 1700 3503 dabra,
1729 3443 1913 3509 magnoque
1934 3423 2132 3504 discumina
2156 3444 2196 3489 sa
2218 3421 2306 3488 serie
2330 3423 2395 3488 dis·
2485 3443 2486 3480 r

392 3512 481 3578 berae
502 3530 611 3577 eurum
623 3511 727 3592 punc,
747 3516 775 3574 et
795 3509 883 3577 Leab
905 3517 932 3576 et
953 3509 1065 3578 liberos
1084 3511 1154 3578 eins
1171 3513 1365 3594 posteriores.
1416 3510 1541 3597 tinguit
1569 3509 1689 3577 liberos
1711 3519 1744 3578 et
1772 3531 1905 3589 uxores,
1929 3530 1971 3576 ne
1989 3517 2093 3575 totum
2115 3529 2228 3575 semen
2251 3509 2396 3574 intereat

394 3597 513 3664 Runa
537 3601 690 3662 autemut
712 3595 1019 3680 Iosepbpostremoc.
1064 3596 1094 3662 3.
1116 3595 1161 3663 Et
1177 3599 1244 3680 ipse
1263 3604 1366 3664 baru-
1416 3598 1445 3665 si
1474 3597 1550 3681 quid
1581 3596 1698 3664 hostile
1726 3603 1833 3662 tentet
1862 3597 1969 3676 Esau,
2004 3596 2063 3662 sed
2090 3615 2167 3679 pars
2194 3595 2320 3660 babeat
2350 3593 2398 3658 lu·

391 3684 451 3748 init
476 3687 548 3747 ante
575 3701 641 3761 eos,
671 3685 698 3746 et
726 3682 901 3748 incurvavit
926 3703 959 3748 ee
987 3701 1082 3764 amer
1108 3687 1225 3749 terram
1252 3689 1366 3768 sepum
1415 3682 1528 3768 gisum
1549 3693 1688 3766 tempus.
1738 3681 1851 3748 Unum
1878 3681 1941 3747 boc
1962 3691 2170 3766 praepostere
2195 3680 2335 3746 ridetur
2357 3679 2396 3744 ab

391 3768 520 3842 nnn,
542 3766 634 3832 donea
655 3771 922 3850 appropinquaret
935 3769 1034 3850 fratri
1050 3787 1117 3834 uso.
1162 3770 1192 3835 4.
1221 3769 1367 3837 Ononnit
1416 3789 1454 3835 co
1475 3769 1557 3847 fieri,
1585 3766 1671 3852 quod
1690 3767 1869 3833 Rachelem
1891 3768 2027 3851 eiusque
2046 3766 2152 3832 filium
2173 3765 2300 3850 Ioseph
2324 3764 2399 3830 alus
2485 3793 2486 3816 t

391 3874 462 3918 cero
481 3851 573 3918 Esau
593 3854 630 3917 in
646 3872 806 3918 ounreum
828 3855 906 3932 euro,
929 3859 957 3918 et
977 3855 1154 3934 makmas
1173 3861 1217 3920 eet
1237 3875 1316 3936 eum,
1338 3862 1366 3922 ct
1415 3854 1566 3921 omnibus
1595 3854 1752 3937 praefert,
1781 3873 1881 3937 quum
1910 3854 1947 3919 in
1968 3851 2052 3919 Iuda
2077 3855 2222 3918 emineat
2242 3850 2398 3918 benedic·

392 3939 521 4005 amon
541 3957 574 4001 ae
595 3958 691 4019 super
711 3938 822 4003 eodum
843 3940 919 4018 eina
949 3945 977 4004 et
997 3940 1153 4006 oceano
1172 3946 1217 4006 eet
1237 3961 1314 4021 curn¹
1338 3947 1366 4008 et
1416 3940 1515 4006 tionis
1542 3948 1647 4024 caput.
1702 3936 1768 4006 Sed
1794 3938 1835 4005 de
1863 3938 1948 4004 Iuda
1975 3939 2143 4005 excusatio
2171 3938 2208 4003 in
2236 3947 2399 4020 promptu

387 4027 547 4105 flmmurt.
578 4023 608 4088 5.
630 4021 740 4089 Postea
760 4023 872 4090 mant
888 4023 989 4090 ocutos
1005 4045 1087 4104 urae,
1109 4027 1231 4093 acidi
1251 4048 1366 4094 naues
1415 4035 1474 4107 est,
1494 4025 1579 4110 quod
1597 4023 1745 4092 nondum
1761 4025 1961 4107 patefactum
1978 4025 2084 4090 luerat
2100 4023 2282 4104 oraculum,
2302 4025 2399 4090 ouius

391 4109 571 4186 stibnos,
600 4113 630 4174 et
650 4109 750 4175 dicit:
775 4109 836 4191 Qui
864 4111 920 4175 isti
941 4110 1023 4175 tibi?
1067 4109 1113 4176 lu
1134 4112 1233 4178 dicit:
1257 4113 1366 4179 liberi
1415 4111 1512 4196 paulo
1534 4119 1610 4177 ante
1627 4117 1766 4176 mortem
1784 4111 1903 4177 certior
1919 4111 2023 4177 bouus
2041 4117 2101 4190 est,
2118 4116 2157 4175 ut
2178 4109 2278 4175 simul
2303 4111 2400 4175 ficret

391 4204 469 4262 sunt
490 4213 571 4277 quus
589 4195 718 4260 donwit
738 4194 828 4260 Deua
848 4215 936 4261 seruo
962 4201 1022 4261 tuo.
1075 4198 1104 4263 6.
1131 4195 1177 4262 Iu
1196 4199 1365 4282 appropin-
1416 4198 1509 4264 testis
1532 4218 1569 4262 ac
1590 4217 1715 4280 praeco.
1766 4196 1906 4263 Interim
1933 4195 2122 4282 negandum
2149 4217 2217 4261 non
2240 4206 2292 4261 est
2317 4197 2401 4278 quin

390 4285 565 4364 quaenunt
584 4280 717 4346 anatha
737 4281 842 4363 ipsae,
864 4281 998 4346 eliberi
1020 4303 1145 4361 mann,
1169 4290 1197 4349 et
1218 4286 1364 4350 incurva·
1416 4285 1520 4350 amcri
1551 4282 1707 4350 Raobclis
1743 4282 1883 4347 nimium
1917 4281 2094 4367 indulgeat.
2148 4281 2224 4348 Hoc
2261 4280 2401 4365 quidam

391 4372 500 4433 ceant
519 4387 560 4432 ee.
592 4366 620 4430 7.
643 4363 688 4430 at
709 4367 976 4450 appropinquavit
995 4370 1090 4433 etiarn
1111 4369 1207 4449 Lech,
1230 4376 1259 4436 et
1273 4369 1365 4436 tiberi
1415 4368 1600 4453 praeclarae
1622 4367 1755 4435 virtutis
1775 4376 1833 4447 est,
1856 4367 1942 4452 quod
1964 4389 2076 4436 semen
2098 4366 2233 4451 aliquod
2259 4387 2401 4434 servare

389 4453 475 4533 eine,
505 4455 533 4516 et
555 4452 793 4517 incurvaverunt
816 4472 868 4517 ee:
896 4459 924 4517 et
944 4453 1075 4520 subinde
1101 4455 1366 4540 appropinquavit
1416 4455 1560 4538 cupiens,
1579 4463 1704 4521 turmas
1722 4455 1834 4533 anteit,
1858 4462 1895 4518 ut
1911 4475 1948 4520 se
1965 4455 2058 4537 quasi
2075 4454 2246 4520 victimam
2266 4454 2403 4530 offerat,

391 4536 503 4620 Ioseph
531 4536 713 4616 auum,
740 4539 1098 4605 circamanentes.
1151 4541 1180 4606 8.
1200 4539 1244 4606 bn
1263 4542 1363 4608 aut:
1415 4541 1442 4607 si
1471 4542 1518 4606 ita
1539 4561 1621 4626 opus
1650 4541 1693 4607 sit
1719 4547 1752 4605 et
1780 4540 1893 4624 exigat
1921 4541 2108 4606 necessitas.
2159 4539 2276 4622 Neque
2310 4540 2402 4605 enim

443 4623 538 4700 iieti,
560 4628 654 4688 mane
675 4624 776 4688 omnis
792 4629 896 4689 tunna
912 4625 972 4690 sua
988 4644 1085 4706 qnam
1101 4625 1222 4692 obuiam
1243 4626 1362 4693 bubni?
1416 4626 1550 4692 dubium
1573 4633 1622 4692 est
1643 4625 1722 4709 quin
1745 4625 1808 4690 Dei
1831 4625 2002 4710 promissio
2024 4625 2183 4711 magistra
2210 4625 2260 4690 illi
2285 4645 2329 4690 ae
2353 4625 2402 4690 di·

456 4709 554 4774 dicit:
581 4706 621 4774 Ut
641 4709 811 4774 invenirem
827 4710 967 4793 qratiam
982 4711 1018 4775 in
1035 4711 1362 4779 miscendumst.
1415 4713 1537 4778 rectrix
1566 4711 1664 4777 iuodt
1692 4708 1819 4778 adhoc
1847 4712 2035 4778 consilium:
2067 4732 2129 4777 nec
2154 4732 2236 4776 roro
2264 4719 2403 4794 poterat

391 4793 422 4858 9.
454 4791 498 4858 Et
519 4793 602 4858 can
622 4789 730 4860 Esau:
751 4793 812 4860 Est
837 4795 916 4860 mibi
942 4796 1090 4876 muitum,
1117 4797 1218 4880 frater
1239 4800 1301 4878 mi,
1322 4800 1366 4863 sit
1415 4799 1479 4864 nisi
1501 4798 1650 4864 coelestis
1679 4797 1766 4863 vitae
1795 4796 1915 4864 fiducia
1942 4805 2071 4865 erectus
2097 4805 2167 4862 tam
2194 4797 2333 4863 fortiter·
2363 4796 2404 4863 ad

392 4884 482 4943 turnn
508 4879 589 4960 qnod
615 4885 704 4944 tunna
734 4886 786 4945 est.
839 4881 888 4946 10.
923 4882 982 4946 Ait
1008 4888 1111 4948 anem
1134 4883 1288 4950 laboaob:
1314 4885 1365 4949 Ne
1415 4891 1553 4950 mortem
1586 4902 1764 4950 cucumere.
1820 4880 1949 4950 Accidit
1982 4883 2114 4967 quidem
2151 4881 2331 4949 interdum
2366 4893 2404 4948 ut

392 4984 521 5046 quaeum
541 4965 572 5028 si
593 4985 675 5030 nuno
695 4967 802 5031 iuveni
824 4969 965 5050 mmmm
985 4969 1020 5032 in
1042 4969 1139 5036 oete
1160 4969 1239 5047 tun,
1261 4971 1365 5052 naama
1415 4978 1510 5053 pater
1531 4969 1582 5034 sui
1605 4969 1733 5050 oblitus,
1755 4969 1859 5034 vitam
1883 4978 2026 5052 exponat
2050 4968 2199 5053 periculo
2221 4989 2284 5052 pro
2308 4970 2403 5036 filiis:

392 5069 509 5114 munus
529 5068 632 5114 meum
653 5073 669 5116 e
689 5071 788 5116 mann
808 5071 891 5117 usca.-
917 5053 994 5136 qnia
1023 5055 1138 5120 &cneo
1164 5055 1232 5121 ctat
1251 5055 1365 5137 facum
1415 5055 1472 5122 sod
1494 5053 1558 5120 alia
1579 5055 1642 5120 luit
1658 5057 1742 5121 ratio
1764 5056 1870 5122 saneti
1891 5054 1997 5133 Iacob,
2020 5056 2114 5122 cuiue
2131 5054 2244 5121 animo
2259 5055 2404 5140 penitus

394 5140 481 5199 tuam
502 5155 540 5200 aa
565 5136 595 5200 si
621 5137 757 5202 videon
783 5137 897 5220 funem
921 5138 1038 5223 capeti:
1064 5145 1093 5204 et
1113 5141 1274 5222 mondus
1301 5142 1365 5206 eris
1415 5142 1517 5206 infixa
1538 5151 1609 5206 erut
1629 5141 1803 5224 promissio
1826 5141 1899 5220 Dei,
1921 5149 1960 5207 ut
1981 5141 2133 5226 neglecta
2154 5149 2243 5207 terra
2263 5141 2309 5206 in
2333 5163 2408 5208 coe-

393 5240 468 5302 erya
489 5241 545 5284 me.
592 5221 641 5286 11.
673 5221 756 5306 Oape
776 5243 889 5304 quaeso
910 5224 1143 5291 benedictionem
1164 5245 1265 5291 meam
1285 5247 1366 5309 quoe
1415 5227 1486 5292 lum
1508 5227 1697 5309 suspiceret.
1748 5224 1816 5294 Sed
1838 5247 1939 5310 quum
1962 5227 2026 5293 Dei
2054 5229 2195 5295 verbum
2225 5237 2404 5309 sequatur,

395 5305 494 5371 altato
514 5309 559 5371 eet
581 5307 653 5371 tibi:
673 5310 750 5390 qnin
767 5309 895 5375 dcnaoit
915 5309 996 5376 mibi
1016 5311 1117 5392 Deua,
1142 5313 1268 5395 atquin
1291 5317 1366 5378 nant
1416 5313 1535 5379 affectu
1554 5319 1664 5378 tamen
1687 5314 1795 5380 omnis
1815 5311 1985 5397 paululum
2008 5333 2028 5378 a
2049 5323 2139 5381 recta
2161 5314 2216 5380 via
2237 5311 2408 5382 deflectit
