5000 6208
133 439 200 504 341
792 432 1163 504 COMMENTARIUS
1184 438 1234 504 IN
1256 437 1470 506 GENESIN.
2066 446 2135 511 342

138 629 296 694 miseeent
322 627 374 694 vir
402 644 440 690 ae
468 622 600 689 mulier:
634 622 690 690 sed
719 623 784 689 fide
810 633 925 691 mutuo
954 624 1045 704 data,
1074 632 1108 690 et
1161 624 1278 705 Gedor,
1307 628 1488 706 etAddeet,
1514 633 1542 694 et
1567 627 1716 694 Midsont.
1762 630 1812 694 14.
1843 629 1889 695 Et
1917 628 2073 712 meiat,
2103 631 2134 698 'et

137 715 285 780 inveesto
318 712 382 777 Dei
420 711 552 776 nomine
587 709 685 775 simul
720 710 876 776 habitent.
931 712 1106 776 Praeterea
1158 710 1305 791 Dumoto,
1339 719 1366 778 et
1398 713 1505 779 Maso.
1558 714 1607 780 15.
1640 712 1770 792 Hortor,
1803 720 1831 781 et
1865 715 1998 793 Thema,
2031 719 2131 798 Ietur,

138 797 317 864 notandum
344 806 409 875 est,
432 796 525 861 Iseae
552 815 617 860 uon
647 796 819 880 tyranuieo
844 797 949 880 patris
969 797 1106 879 imperio
1159 798 1295 879 Nuptis,
1318 799 1508 865 etGedmod.
1542 799 1592 864 16.
1616 800 1679 864 Isti
1700 805 1773 866 eunt
1790 799 1993 882 fitiiIsmoot
2016 809 2043 868 et
2065 805 2129 869 isto

136 894 284 953 eoeetum
305 883 407 949 fuisse
425 881 465 946 ad
484 880 665 946 ducendam
687 901 836 947 uxorem:
859 882 917 949 sed
934 890 1105 966 postquem
1156 885 1284 949 nmuino
1311 905 1416 950 eorum
1438 905 1499 968 per
1527 885 1620 950 vidos
1647 905 1740 964 suos,
1770 893 1799 952 et
1820 907 1880 968 per
1906 887 2031 954 oostelto
2057 909 2127 967 suo,

136 971 282 1037 animum
316 969 358 1035 ad
390 988 462 1033 eum
495 964 614 1032 adiuuit
645 965 745 1032 libere
778 969 970 1052 sumpsisse,
1004 977 1036 1033 et
1063 989 1106 1033 ex
1156 970 1317 1035 duodecim
1328 971 1493 1052 principes
1504 991 1564 1054 per
1579 971 1725 1054 fomitius
1742 991 1829 1038 suos.
1864 972 1914 1037 17.
1927 971 1971 1037 Et
1988 974 2126 1041 utisunt

135 1057 243 1123 animo
264 1054 362 1121 fidem
384 1051 588 1136 eoniugalam
611 1051 745 1119 dedisse.
1156 1054 1464 1134 ooonioitoelsmoet
1477 1062 1597 1121 centone
1607 1058 1693 1134 anni,
1707 1061 1735 1122 et
1745 1058 1875 1141 tripinto
1885 1060 2126 1142 onnietseptnn

220 1141 265 1207 Et
286 1140 459 1208 consolatus
475 1143 568 1204 estse
586 1137 689 1205 Isiou.
726 1138 838 1220 Quum
856 1158 945 1204 nane
961 1139 1103 1222 primum
1137 1140 1380 1218 ¹onni:etodiit‚
1393 1147 1570 1208 otmortuus
1580 1147 1878 1226 estetoonprepotus
1888 1151 1934 1210 est
1945 1144 2126 1227 adpopulos

133 1228 265 1294 sedatus
297 1225 397 1292 fuerit
429 1222 520 1289 dolor
553 1245 594 1289 ex
627 1224 717 1290 obitu
750 1225 880 1304 matris,
919 1223 1104 1310 eolligimus
1154 1246 1236 1291 noos.
1277 1227 1326 1292 18.
1349 1226 1393 1291 Et
1413 1226 1628 1293 dubitauerunt
1648 1227 1687 1293 ad
1709 1227 1850 1294 ΗοοαῗῑοιΙι
1869 1249 1966 1310 usque
1987 1232 2029 1297 od
2052 1229 2127 1310 Sur,

132 1325 258 1398 quauta
279 1311 378 1378 fuerit
399 1311 469 1375 eius
488 1308 711 1376 vehementis:
734 1309 799 1375 iem
822 1311 909 1375 enim
932 1312 1011 1376 setis
1032 1310 1103 1375 lon·
1154 1331 1234 1393 puae
1255 1317 1299 1378 est
1318 1318 1388 1378 onte
1405 1312 1590 1397 Aeppptum,
1612 1313 1688 1379 dum
1701 1316 1811 1398 perpis
1827 1315 1863 1380 in
1879 1315 2005 1381 Assur:
2021 1337 2126 1382 οονανα

132 1422 210 1486 gum
240 1407 370 1481 tempus
391 1396 571 1462 effluxerat.
616 1395 705 1464 Hine
728 1397 826 1461 etiam
847 1395 1000 1481 eolligere
1017 1396 1103 1475 lieet,
1154 1397 1295 1463 munitus
1313 1399 1467 1480 fratribus
1487 1401 1558 1464 suis
1579 1397 1738 1464 dodtwuit.
1783 1399 1833 1467 19.
1857 1401 1945 1466 Istos
1965 1422 2037 1467 uero
2053 1405 2127 1467 suut

130 1502 285 1551 tenerum
307 1483 406 1549 fuisse
428 1489 461 1547 et
481 1480 613 1545 mollem
636 1481 788 1548 affeetum
809 1482 916 1548 Ieaae:
949 1503 1009 1548 uae
1031 1482 1102 1547 vul·
1151 1484 1361 1566 penerutiones
1391 1483 1487 1550 Istae
1521 1484 1584 1565 fitii
1616 1483 1794 1550 anetam.-
1825 1485 1989 1553 Adrodom
2020 1487 2128 1570 penuit

131 1573 256 1656 geritur
284 1577 423 1634 matrem
452 1587 545 1632 suam
572 1587 712 1648 amasse,
744 1568 836 1633 auius
864 1575 1002 1633 mortem
1036 1576 1103 1632 tam
1155 1567 1258 1634 Istue.
1303 1569 1355 1634 20.
1386 1568 1432 1633 Et
1459 1574 1525 1635 eret
1553 1569 1647 1634 Isdoo
1679 1571 1967 1655 puodropueurius,
1999 1573 2124 1654 quondo

131 1657 288 1723 diuturno
320 1655 410 1721 luetu
441 1660 660 1736 prosequutus
686 1661 745 1719 est.
795 1657 905 1738 Atque
936 1653 997 1719 hee
1024 1652 1103 1718 utile
1152 1655 1267 1738 oeoepit
1300 1654 1433 1720 Rideam
1462 1655 1565 1735 titiam
1593 1654 1725 1720 Betduet
1756 1657 1911 1724 Aromoei
1942 1658 1980 1723 de
2009 1657 2124 1723 Podon

129 1753 182 1808 eet
211 1741 359 1827 cognitu,
393 1760 435 1804 ne
468 1745 597 1804 sanetus
629 1747 737 1822 petras
770 1739 908 1804 immuni
937 1755 970 1805 et
996 1737 1103 1804 ferrea
1153 1739 1275 1818 Aram,
1308 1760 1442 1807 sororem
1474 1739 1587 1807 Ladon
1620 1741 1789 1818 Aromoei,
1829 1743 1892 1808 sibi
1920 1743 1955 1808 in
1988 1763 2124 1808 uoorean.

128 1827 252 1893 duritie
274 1826 376 1892 fuisse
398 1825 578 1908 fingamus:
606 1825 703 1891 sieuti
725 1824 857 1908 quidem
880 1824 1102 1890 fortitudinem
1153 1826 1204 1892 21.
1234 1825 1277 1890 Et
1305 1827 1406 1892 nouit
1428 1825 1524 1891 Istue
1554 1825 1701 1891 Iedooono
1728 1834 1866 1908 respeotu
1898 1830 2009 1894 uteris
2036 1848 2123 1905 suae,

127 1914 164 1978 in
188 1914 315 1978 feritate
336 1911 453 1976 leoent.
497 1910 639 1975 Tantum
665 1910 774 1976 danda
795 1931 894 1994 opere
915 1920 952 1977 ut
974 1909 1103 1994 mitige-
1153 1913 1230 1994 puio
1257 1912 1375 1978 eteritis
1402 1918 1484 1978 erot:
1511 1916 1705 1978 emendus
1728 1918 1772 1977 est
1792 1912 1831 1979 od
1851 1915 1921 1994 ipso
1944 1914 2075 1992 Ieteooo,
2094 1917 2128 1978 'et

127 2007 186 2065 tur
214 1997 320 2064 dolor:
353 2017 396 2062 ne
425 1996 476 2061 vel
505 1996 540 2060 in
567 1994 719 2063 fremitus
751 1997 869 2080 impios
901 2004 1102 2081 prorumpat,
1153 1999 1285 2079 οοαοοοίι
1306 1997 1406 2063 Rideo
1435 2018 1517 2062 uxor
1541 1997 1618 2063 eius.
1662 1997 1715 2063 22.
1739 1997 1782 2062 Et
1807 1997 1987 2064 collidebant
2007 2019 2041 2065 se
2061 1999 2125 2081 titii

126 2085 183 2151 vel
214 2104 304 2168 spem
332 2083 461 2147 futurae
490 2083 735 2148 resurreetionis
762 2082 888 2148 obruet.
928 2083 998 2149 Neu
1025 2103 1103 2147 vero
1153 2084 1189 2148 in
1209 2087 1294 2148 utero
1311 2083 1389 2163 eius,
1411 2087 1439 2148 et
1456 2083 1555 2148 dixit:
1574 2081 1611 2147 st
1630 2083 1684 2159 ito,
1707 2088 1743 2148 ut
1764 2085 1841 2166 quid
1862 2085 1939 2168 epo?
1962 2090 1991 2150 et
2011 2086 2068 2150 ioit
2084 2087 2128 2151 od

126 2190 310 2236 moerorem
332 2167 425 2234 haee
452 2186 587 2249 prorsus
616 2188 749 2234 exeuso:
777 2176 907 2234 tentum
934 2166 1102 2246 admoneo,
1153 2169 1407 2251 interropondum
1435 2168 1590 2234 Iedooom.
1635 2167 1686 2234 23.
1718 2168 1805 2236 Tune
1831 2171 1913 2235 die-it
1940 2169 2055 2236 Iedooo
2083 2171 2128 2236 od

125 2256 215 2338 quod
246 2265 294 2320 est
321 2251 536 2319 humanitatis
558 2273 622 2318 uon
649 2253 766 2320 debere
787 2274 921 2340 prorsus
943 2253 1102 2320 damnari.
1153 2275 1235 2332 οονα,
1260 2253 1354 2320 Duae
1373 2260 1476 2338 pentes
1497 2255 1625 2319 suntin
1646 2259 1733 2320 utero
1754 2259 1824 2334 tuo,
1845 2259 1873 2320 et
1894 2255 2083 2336 duopoputi
2105 2278 2127 2320 ο

125 2343 204 2408 Etsi
228 2348 338 2406 autem
359 2338 393 2403 id
415 2337 568 2403 vitiosum
591 2337 656 2404 fuit
676 2361 742 2405 nou
764 2359 859 2422 posse
880 2339 1024 2405 dolorem
1047 2337 1101 2404 ab·
1152 2339 1322 2406 uisceribus
1343 2344 1408 2406 tuis
1428 2339 1616 2422 separabunt
1636 2361 1682 2406 se:
1703 2344 1732 2404 et
1742 2339 1882 2422 populus
1897 2341 2015 2423 populo
2036 2341 2128 2406 rodu-

126 2436 278 2512 stergere
300 2444 343 2489 ex
365 2425 485 2499 auimo,
508 2423 610 2490 donee
631 2425 836 2508 praevaleret
858 2427 1005 2510 opposite
1026 2445 1104 2492 eeu·
1153 2427 1231 2491 stior
1247 2425 1315 2504 erit,
1339 2430 1367 2490 ot
1383 2426 1487 2490 motor
1503 2425 1613 2490 serviet
1628 2427 1752 2491 minui.
1786 2426 1838 2491 24.
1856 2424 1902 2491 Et
1920 2427 2037 2510 impteti
2053 2433 2128 2492 nont

128 2514 214 2599 iugii
246 2510 386 2577 laetitia:
416 2510 526 2576 Moses
558 2521 668 2575 tumen
701 2513 761 2577 hoe
788 2511 823 2576 iu
846 2511 909 2577 Dei
937 2511 1103 2578 benefieiis
1154 2511 1222 2576 dies
1250 2511 1318 2576 eius
1343 2515 1378 2575 ut
1399 2516 1541 2592 pareret,
1566 2516 1594 2577 et
1622 2531 1686 2578 eece
1712 2513 1828 2594 pomini
1857 2521 1953 2576 erant
1980 2513 2015 2578 in
2041 2517 2127 2577 utero

126 2607 298 2676 numeret,
332 2595 416 2680 quod
450 2594 673 2679 qualecunque
705 2596 888 2663 remedium
918 2617 1015 2663 servo
1045 2617 1103 2662 suo
1156 2597 1231 2662 eius.
1267 2596 1320 2661 25.
1342 2596 1500 2680 Epressus
1520 2601 1565 2661 est
1584 2601 1688 2662 ouum
1703 2597 1797 2679 prior
1816 2598 1927 2680 rusus,
1957 2602 2037 2664 totus
2059 2599 2126 2683 ipse

124 2683 289 2750 adhibuit.
1155 2683 1236 2747 siout
1251 2681 1390 2764 pultium
1403 2681 1558 2763 pinan-
1578 2688 1607 2748 et
1621 2687 1804 2748 oooouoount
1822 2703 1929 2749 αοναοα
1945 2685 2015 2749 eius
2024 2683 2126 2750 Esou.

1156 2768 1208 2833 26.
1231 2768 1276 2832 Et
1293 2772 1402 2851 posteo
1422 2787 1565 2850 opressus
1585 2773 1630 2834 est
1648 2768 1748 2849 freter
1768 2769 1853 2849 eius,
1874 2775 1903 2834 et
1922 2790 2037 2835 monus
2058 2771 2127 2834 eius

1155 2854 1271 2919 tenebat
1297 2853 1474 2919 ooteoneoom
1495 2852 1602 2933 Esou,
1633 2859 1660 2918 et
1680 2857 1827 2918 oooorunt
1846 2875 1954 2921 nomen
1976 2854 2122 2921 Iotuoood.

1156 2938 1252 3004 Istue
1279 2943 1383 3005 eutem
1408 2943 1475 3004 erat
1501 2939 1738 3023 seeopenorius,
1770 2940 1894 3020 quondo
1917 2942 2040 3023 peperit
2066 2961 2124 3007 eos.

474 3025 624 3092 CAPUT
649 3022 762 3091 XXV.
1154 3025 1207 3089 27.
1232 3023 1274 3089 Et
1293 3029 1451 3092 umuuut
1469 3026 1582 3106 pueri.-
1609 3025 1720 3107 etsuit
1741 3022 1833 3091 Esau
1853 3027 1905 3091 uir
1927 3027 2052 3109 peritus
2077 3047 2126 3091 ue-

1154 3111 1308 3190 nationis,
1335 3111 1386 3176 uir
1412 3111 1565 3194 opriooto:
1589 3111 1645 3176 sed
1671 3109 1808 3176 Iotuooob
1833 3116 1900 3177 erut
1927 3113 1978 3176 uio
2000 3113 2126 3196 intrper,

218 3200 246 3264 1.
269 3197 314 3264 Et
334 3197 460 3263 addidit
477 3195 650 3276 Abrohom,
672 3201 700 3261 et
716 3196 831 3277 ooeepit
851 3215 989 3274 αοονονα,
1012 3195 1104 3262 euius
1154 3215 1283 3262 manens
1304 3196 1339 3260 in
1367 3195 1584 3262 tadentooutts.
1629 3196 1680 3261 28.
1703 3194 1748 3260 Et
1775 3196 1885 3262 ditexit
1906 3197 2001 3264 Istue
2022 3197 2126 3278 Esou,

123 3304 238 3350 norrun
259 3289 327 3350 eret
350 3282 473 3348 Geturo.
506 3281 536 3346 2.
560 3281 604 3347 Et
619 3283 742 3364 peperit
764 3280 1011 3359 eiZimrom,et
1033 3280 1103 3347 Ioe-
1154 3283 1229 3364 puio
1252 3281 1371 3347 oendio
1393 3288 1465 3346 erat
1486 3281 1521 3346 in
1542 3301 1593 3346 ονε
1621 3283 1703 3362 eius,
1733 3285 1761 3346 et
1783 3281 1883 3349 Rideo
1904 3282 2050 3367 ditipedet
2073 3282 2128 3348 lo·

122 3391 205 3447 son,
226 3375 255 3435 et
271 3368 404 3445 Medon,
423 3372 450 3432 et
469 3366 614 3448 Midian,
637 3372 665 3433 et
686 3366 791 3443 neat,
813 3371 840 3432 et
863 3365 960 3433 uun.
1005 3365 1035 3431 3.
1058 3366 1103 3432 Id
1153 3367 1255 3434 tuoeod.
1299 3367 1350 3433 29.
1376 3365 1466 3434 Oooit
1493 3371 1596 3432 oedem
1624 3365 1760 3433 Iotaoeob
1786 3369 1962 3434 coctionem:
1990 3375 2018 3433 et
2044 3370 2128 3435 oenit

125 3455 242 3522 Ioeson
270 3455 377 3539 penuit
403 3452 500 3532 Sedu,
525 3457 553 3519 et
574 3452 697 3520 Dedan.
749 3451 831 3519 Fitii
860 3457 962 3519 eutem
985 3452 1102 3519 Dedan
1153 3453 1246 3519 Esou
1267 3473 1306 3519 eo
1385 3472 1412 3532 o,
1435 3457 1463 3517 ot
1483 3456 1549 3518 erut
1569 3452 1683 3518 tossen.
1725 3452 1777 3517 30.
1800 3451 1845 3518 Et
1864 3454 1948 3519 dieit
1968 3453 2060 3520 Esou
2082 3455 2127 3520 od

120 3543 256 3624 fuerunt
276 3540 487 3619 Assurim,ot
508 3538 664 3619 Letusim,
686 3543 715 3604 et
736 3538 919 3604 Leumma'on.
964 3537 994 3603 4.
1018 3536 1101 3604 Fitii
1153 3539 1304 3605 Iotoeod:
1357 3558 1394 3605 oe
1422 3559 1470 3604 me
1498 3538 1651 3603 consedere
1678 3558 1760 3604 nuno
1780 3539 1818 3604 de
1838 3540 1925 3621 ruso,
1955 3541 2026 3623 rufo
2050 3541 2125 3606 isto:

121 3647 199 3692 vero
211 3625 351 3704 Midian,
372 3623 515 3706 Heptota,
532 3624 706 3706 otHepder,
727 3623 906 3703 etHonoed,
924 3622 1099 3704 etAbidod,
1151 3626 1228 3706 quio
1250 3625 1357 3691 tessus
1377 3644 1464 3688 sum:
1491 3624 1605 3690 idoimo
1627 3629 1774 3690 oomruuat
1795 3645 1904 3690 nomen
1925 3627 1995 3690 eius
2012 3625 2123 3692 Edon.

122 3709 321 3778 etEidaato:
348 3731 452 3776 omnes
472 3711 544 3790 isti,
572 3709 635 3790 ptis·
659 3709 795 3775 Ceterae.
840 3710 869 3776 5.
895 3709 996 3776 Porro
1016 3708 1100 3776 dedit
1151 3711 1202 3776 31.
1219 3711 1306 3776 Tune
1322 3710 1407 3776 dixit
1424 3709 1575 3776 Iatrooob:
1601 3709 1702 3775 Vende
1718 3709 1773 3775 tuoo
1788 3714 1922 3793 tempore
1933 3711 2126 3795 primopeni·

121 3797 291 3863 Abrohom
317 3797 422 3863 munio
446 3817 527 3879 puae
552 3815 613 3862 suo
633 3800 738 3874 nont,
765 3797 831 3878 ipsi
853 3795 956 3862 Istae.
1001 3796 1031 3861 6.
1055 3794 1099 3861 Et
1149 3801 1254 3862 turam
1274 3799 1361 3860 ίαονα
1382 3794 1470 3860 midi.
1507 3795 1558 3861 32.
1577 3795 1622 3860 Et
1641 3795 1725 3861 dixit
1742 3795 1851 3861 Esou:
1868 3795 1947 3861 Eeoe
1968 3816 2020 3878 epo
2042 3798 2123 3862 nodo

118 3883 206 3965 titiis
242 3882 482 3948 eneoudinarum
519 3901 600 3964 quos
638 3880 764 3947 dodedot
795 3880 974 3959 Atratum,
1013 3881 1099 3947 dedit
1148 3887 1183 3947 ut
1203 3883 1338 3962 morior,
1355 3885 1383 3945 et
1403 3885 1439 3946 ut
1459 3881 1536 3962 quid
1555 3879 1634 3946 oniti
1649 3881 1922 3966 primopenituro?
1955 3880 2007 3948 33.
2026 3881 2124 3947 Dixit

121 3968 290 4035 Abrohom
311 3969 402 4046 ἄοαο,
424 3972 453 4034 et
472 3967 576 4032 emisit
595 3987 646 4032 eos
667 3966 706 4032 ud
724 3966 819 4032 Istue
836 3967 903 4049 titio
923 3986 980 4032 suo
1000 3987 1097 4049 puuon
1148 3969 1255 4051 itaque
1277 3965 1426 4032 Iotoood:
1447 3967 1532 4036 Ιανο
1559 3965 1639 4031 midi
1666 3966 1721 4031 doe
1749 3973 1888 4048 ternpore.
1934 3965 1978 4031 Et
2002 3969 2123 4033 iuravit

121 4055 228 4122 addua
259 4055 388 4132 uiueret,
420 4053 463 4118 od
502 4051 655 4118 Orienten
684 4053 728 4117 od
759 4058 874 4118 terrum
906 4053 1094 4119 orientalem
1147 4055 1192 4118 ei:
1220 4059 1248 4120 et
1279 4053 1416 4119 uendidit
1441 4053 1724 4136 primopeniturono
1755 4072 1848 4116 suom
1876 4052 1941 4134 ipsi
1973 4053 2119 4120 Iotoeod.

123 4141 154 4206 7.
181 4139 285 4206 Porro
305 4140 361 4206 isti
381 4142 455 4205 sunt
475 4139 543 4203 dies
565 4157 721 4203 annorum
741 4140 824 4204 vitoe
840 4138 1003 4205 Atratum
1020 4159 1096 4221 quos
1147 4139 1199 4205 34.
1222 4139 1267 4203 Et
1286 4137 1420 4204 Iotuocod
1447 4138 1531 4204 dedit
1553 4136 1647 4202 Esou
1666 4157 1782 4218 ponem
1803 4141 1830 4203 et
1850 4138 2010 4204 oootiouem
2030 4139 2122 4205 tenti-

121 4226 215 4304 oieit,
236 4230 355 4292 eentum
372 4225 449 4290 onni
466 4228 495 4290 et
510 4225 707 4308 septuopinto
723 4225 802 4289 unni
818 4229 846 4288 et
862 4225 1094 4307 quiotpueouni.
1146 4225 1304 4303 αοῐονααο,
1326 4228 1356 4290 et
1376 4223 1519 4301 eomedit,
1541 4228 1631 4304 utque
1647 4221 1739 4288 bibit:
1761 4227 1789 4286 et
1809 4225 1963 4302 summit,
1985 4229 2014 4290 et
2033 4224 2119 4306 odiit,

122 4313 155 4378 8.
175 4311 221 4376 Et
237 4311 318 4391 obiit,
341 4315 369 4375 et
388 4315 529 4376 munus
550 4314 594 4375 est
609 4309 774 4376 Abrohom
790 4311 824 4375 in
841 4315 989 4376 senectute
1005 4310 1094 4389 dono,
1145 4311 1384 4392 contempsitoue
1404 4309 1497 4375 Esou
1516 4308 1809 4392 primopeuiturom.

121 4417 219 4464 senece
240 4402 269 4462 et
298 4401 404 4461 satur:
434 4400 462 4462 et
488 4401 688 4479 oonprepotus
714 4400 758 4462 est
784 4396 826 4461 od
847 4395 984 4479 poputos
1010 4416 1093 4461 suos.

121 4484 155 4550 9.
180 4482 225 4546 Et
251 4482 438 4564 sepelierunt
460 4501 532 4546 eum
553 4480 649 4547 Isoao
676 4486 704 4546 ot
733 4480 852 4548 Ismoet
877 4482 939 4562 (itii
965 4482 1034 4548 eius
1060 4483 1095 4546 in
1233 4482 1261 4546 1.
1284 4481 1329 4546 Et
1356 4479 1480 4546 addidit
1501 4477 1679 4556 Abrohom,
1706 4483 1734 4544 et
1763 4479 1886 4559 aceepit.
1932 4478 2038 4546 Valde
2061 4482 2118 4546 ab·

120 4569 272 4651 spetunca
292 4567 429 4649 tapete,
452 4568 487 4631 in
508 4587 583 4650 opro
604 4566 735 4650 Epiron
754 4566 818 4647 filii
842 4565 944 4633 Soter
964 4566 1094 4646 Hittoei,
1145 4567 1281 4633 surdum
1310 4565 1440 4633 videtur
1467 4562 1551 4648 quod
1583 4562 1765 4642 Abraham,
1795 4564 1851 4646 qui
1878 4564 2015 4648 triginta
2044 4575 2117 4633 uoto

120 4658 272 4738 quaeest
291 4657 362 4720 onte
383 4652 516 4718 Mature.
553 4652 603 4717 10.
626 4652 668 4717 In
689 4671 766 4736 opro
788 4669 878 4734 paoem
898 4653 971 4718 unit
991 4652 1092 4719 Abro-
1145 4662 1222 4719 ente
1245 4651 1347 4720 Sarae
1376 4659 1513 4716 mortem
1543 4650 1639 4716 aunis
1671 4656 1818 4715 emortuo
1850 4650 1950 4716 fuisse
1982 4673 2117 4735 eorpore
2177 4667 2180 4676 ’

120 4741 198 4806 dom
221 4761 242 4804 o
260 4737 341 4821 litiis
359 4736 451 4816 Hottu,
473 4739 518 4804 idi
533 4739 671 4822 sepultus
692 4743 738 4804 est
758 4737 922 4803 matam
941 4744 970 4804 et
989 4737 1094 4804 Sarute
1146 4739 1274 4816 dieitur,
1296 4759 1335 4802 ee
1357 4736 1489 4802 demum
1511 4743 1641 4800 mortua
1664 4755 1783 4800 novum
1806 4756 1942 4801 uxorem
1964 4736 2115 4803 induent:

119 4845 207 4892 uuor
229 4825 305 4890 eius.
352 4824 402 4888 11.
425 4823 468 4888 Et
487 4824 560 4906 fuit,
575 4829 742 4906 postquam
762 4829 904 4890 oeneus
926 4829 971 4889 est
987 4825 1093 4890 Adno-
1144 4835 1232 4890 uerte
1253 4824 1287 4889 id
1307 4822 1479 4908 iudignum
1505 4821 1568 4885 fuit
1596 4822 1667 4885 eius
1695 4821 1868 4904 gravitate.
1915 4820 2008 4887 Adde
2031 4824 2114 4907 quod

119 4913 207 4990 uon
223 4909 378 4978 benedixit
393 4908 483 4976 Deus
499 4910 595 4975 Isdoe
610 4909 677 4990 filio
693 4911 771 4988 eius,
790 4915 818 4975 et
832 4909 983 4975 dubitauit
999 4909 1095 4976 Istue
1144 4909 1268 4976 Paulus
1291 4907 1400 4994 (Rem.
1423 4906 1453 4986 4,
1477 4905 1541 4994 19),
1563 4906 1662 4972 fidem
1685 4908 1754 4972 eius
1776 4907 2025 4984 commendans,
2049 4931 2115 4975 non

118 4999 212 5080 opud
236 4995 369 5061 Puteum
395 4996 527 5061 viventis
553 4995 685 5060 uidendis
705 5014 761 5060 nae.
807 4995 857 5060 12.
880 4996 969 5062 Istue
991 5001 1094 5061 autern
1143 4995 1240 5062 modo
1268 4996 1417 5061 effoetum
1438 4993 1537 5058 fuisse
1559 4992 1694 5058 vulvam
1717 4991 1820 5058 Surae
1843 4991 1922 5058 dieit
1943 5014 2042 5076 quum
2065 4996 2115 5079 gi·

115 5083 337 5169 penerotdones
358 5081 475 5148 Isunoet
493 5080 556 5162 filii
576 5080 750 5159 Abrohom,
771 5100 862 5162 quem
877 5082 1001 5164 peperit
1022 5080 1093 5146 Ho-
1143 5079 1292 5167 guendus
1314 5085 1399 5146 esset
1414 5078 1522 5144 Isaeo:
1545 5076 1602 5142 sed
1625 5078 1728 5161 ipsius
1748 5078 1853 5161 patris
1875 5098 1992 5161 eorpus
2015 5080 2115 5147 fuisse

141 5189 183 5234 ur
210 5168 366 5252 Aeppptio
394 5167 511 5234 duddo
535 5165 642 5233 Sorotu
669 5167 734 5248 ipsi
756 5166 929 5233 Adrotuom.
975 5166 1024 5232 13.
1048 5166 1094 5232 Et
1144 5177 1336 5233 emortuum.
1385 5165 1475 5248 Ergo
1503 5163 1679 5230 ridieulum
1705 5163 1768 5228 fuit
1796 5164 1919 5229 fautum
1948 5164 2114 5246 Abrahae,

116 5193 197 5320 {aee
222 5253 349 5318 nomino
375 5251 516 5334 fitiorum
545 5252 664 5318 Isnuuet
684 5272 744 5334 per
769 5253 896 5318 nomina
928 5271 1003 5332 sua,
1030 5271 1093 5333 per
1144 5254 1172 5318 si
1194 5264 1266 5336 post
1287 5250 1481 5316 viduitatem
1499 5270 1600 5315 senex
1619 5249 1692 5331 plue
1710 5268 1808 5331 quam
1831 5250 2015 5332 deerepitus
2033 5273 2115 5317 uxe-

107 5339 331 5426 vpenerutiones
352 5359 446 5404 neus:
466 5339 696 5421 prinoopenitus
717 5338 851 5418 Innuet,
876 5337 1041 5420 Nedoiott,
1064 5344 1093 5404 et
1144 5359 1214 5406 rem
1237 5337 1339 5403 duxit.
1382 5334 1511 5401 Deinde
1533 5355 1552 5400 e
1573 5333 1671 5400 Pauli
1694 5334 1802 5400 verbis
1828 5335 2005 5419 discrepet,
2029 5336 2117 5422 qued
