5000 6208
370 443 436 510 199
1031 437 1396 508 COMMENTARIUS
1418 437 1468 503 IN
1494 437 1708 504 GENESIN.
2304 425 2359 499 200
2474 499 2475 502 ,

369 640 432 712 ret,
454 651 518 716 quo
538 630 643 716 magis
664 629 897 697 inexcusabiles
913 629 1101 696 reddantur.
1142 628 1257 710 Itaque
1276 645 1342 692 non
1394 627 1527 693 valebat
1558 627 1714 710 temporis
1747 625 2008 703 circumstantia,
2041 624 2126 708 quod
2162 631 2262 689 noctu
2294 621 2359 688 illos

370 716 477 802 magis
498 716 741 798 inexemplum
769 715 856 783 trahi
884 715 979 782 dehet
1001 716 1055 782 hic
1083 713 1255 798 peculiaris
1277 710 1342 795 spi·
1393 723 1648 798 aggressusest.
1684 712 1880 796 Quanquam
1902 721 2011 778 autem
2033 707 2190 775 eiusmodi
2212 705 2359 774 audaciae

370 803 454 868 ritus
485 802 590 868 sancti
629 801 804 868 instinctus
836 822 933 886 quam
965 809 1072 870 totum
1104 799 1225 866 bellum
1258 796 1342 881 quod
1393 798 1543 882 exempla
1560 800 1593 863 in
1611 798 1756 881 profanis
1779 797 1924 862 historiis
1945 805 2133 864 occurrunt:
2157 792 2233 860 fidei
2255 800 2359 858 tamur
2474 819 2475 882 4

371 888 480 973 gessit.
526 885 622 970 Quod
649 885 691 953 ad
719 889 876 954 nuncium
904 888 1046 972 pertinet
1075 886 1131 970 qui
1153 883 1261 950 Abrae
1291 903 1342 948 re·
1391 883 1502 950 Abrae
1535 883 1674 950 adscribi
1703 883 1798 949 debet
1826 883 1909 966 quod
1940 883 2060 967 exigua
2088 901 2189 946 manu
2214 897 2359 944 numero·

368 973 540 1040 nunciavit
561 971 722 1040 Sodomae
748 973 889 1050 cladem,
918 993 984 1038 non
1011 973 1131 1055 recipio
1159 967 1244 1052 quod
1271 969 1342 1052 qui·
1392 989 1465 1034 sum
1505 970 1701 1048 exercitum,
1743 979 1776 1034 et
1815 967 1953 1034 victoria
1991 967 2167 1049 superbum
2210 963 2360 1030 invadere

370 1058 445 1125 dam
467 1061 612 1144 lingunt,
641 1059 731 1142 pium
753 1059 854 1126 fuisse
875 1059 1051 1125 hominem.
1095 1056 1263 1126 Ocniioera
1285 1073 1341 1138 po·
1391 1075 1490 1120 ansus
1512 1063 1570 1122 cst.
1610 1053 1708 1136 Quod
1730 1062 1842 1120 autem
1858 1073 1960 1138 parvo
1977 1053 2108 1136 negotio
2126 1050 2230 1116 victor
2252 1050 2359 1128 evasit,
2474 1065 2475 1074 ¹

367 1146 437 1211 tius
468 1144 545 1211 licet
575 1143 741 1210 hominem
771 1144 866 1211 domo
893 1145 1085 1228 profugum,
1119 1152 1152 1208 et
1180 1139 1339 1208 nudatum
1390 1161 1428 1206 ac
1445 1140 1606 1224 intrepide
1624 1148 1837 1224 persequutus
1851 1147 1903 1205 est
1918 1140 1974 1224 qui
1990 1139 2088 1223 longe
2104 1155 2240 1202 numero
2256 1135 2361 1221 plures
2474 1229 2475 1238 ἢ

368 1231 521 1298 omnibns
539 1231 632 1296 bonis
649 1231 778 1296 venisse
800 1230 841 1295 ad
864 1231 997 1308 Abram,
1021 1235 1058 1294 ut
1080 1225 1202 1310 aliquid
1224 1227 1340 1292 huma·
1392 1235 1493 1304 erant,
1518 1227 1581 1292 Dei
1603 1227 1728 1310 gratiae
1751 1235 1918 1309 acceptum
1940 1224 2092 1290 feremus.

366 1317 483 1382 nitatis
504 1317 643 1382 eliceret.
688 1314 813 1380 Abram
838 1316 946 1381 vocari
968 1314 1150 1391 Ehraeum,
1179 1312 1339 1394 intcrpre·
1478 1311 1528 1377 lt.
1557 1310 1602 1377 Et
1634 1329 1775 1396 epracm
1802 1316 1847 1376 est
1872 1331 1929 1376 raa
1958 1309 2116 1376 Smerde.
2167 1307 2360 1390 Quanquam
2474 1369 2475 1384 ,

367 1409 421 1466 tor
440 1422 505 1467 non
527 1401 825 1480 transfluviatilem,
849 1410 888 1466 ut
909 1399 1115 1485 quorundam
1136 1399 1201 1464 lert
1221 1397 1339 1480 opinio,
1391 1395 1514 1464 sciebat
1535 1419 1594 1462 rex
1618 1395 1778 1464 Sodomae
1800 1396 1924 1462 Abram
1952 1394 2084 1460 nonnisi
2107 1397 2141 1458 in
2162 1393 2292 1477 nepotis
2314 1393 2360 1458 sni
2474 1395 2475 1398 ’

367 1487 425 1554 sed
447 1487 524 1571 quia
551 1487 740 1572 progenitus
767 1494 840 1553 arat
859 1508 902 1553 ox
924 1485 1021 1552 Eber.
1066 1485 1129 1551 Est
1149 1484 1237 1548 enim
1259 1501 1338 1567 gen·
1390 1483 1529 1567 gratiam
1551 1482 1728 1565 sumpsisse
1757 1501 1863 1562 arma,
1894 1481 2027 1546 honoris
2052 1489 2165 1545 tamen
2187 1499 2287 1546 causa
2309 1479 2360 1545 cb-

365 1572 503 1638 tilitium
542 1592 670 1638 nomen.
721 1573 768 1637 Et
795 1572 933 1656 spiritus
963 1579 1094 1638 sanctus
1132 1567 1338 1634 benedictum
1390 1571 1478 1634 viam
1502 1567 1550 1632 illi
1572 1568 1693 1651 prodit,
1721 1577 1758 1632 ut
1780 1588 1815 1633 se
1837 1577 1965 1652 gratum
1989 1565 2150 1649 praebeat.
2195 1565 2280 1632 Nam
2305 1565 2359 1630 hu·

365 1659 450 1724 illud
471 1679 491 1724 a
512 1659 585 1724 Deo
613 1677 720 1742 genos
746 1657 921 1726 honorilice
950 1677 1063 1723 rursus
1086 1656 1140 1722 hic
1164 1653 1338 1738 praedicat.
1390 1654 1560 1720 manitatis
1582 1653 1724 1720 officium
1748 1662 1806 1732 est,
1830 1653 1928 1718 etiam
1950 1672 2033 1735 qnae
2055 1673 2122 1718 non
2146 1673 2187 1719 ox
2209 1650 2360 1736 professo,

454 1743 560 1810 urant
584 1743 735 1827 foederati
763 1763 832 1808 cum
861 1744 994 1809 Abram.
1039 1744 1186 1825 Apparet
1215 1739 1339 1805 Abram
1390 1739 1448 1805 sed
1470 1761 1511 1804 ex
1532 1760 1568 1804 re
1590 1749 1668 1804 nata
1688 1749 1722 1804 et
1743 1740 1911 1805 occasione
1932 1738 1984 1805 vel
2003 1759 2061 1820 per
2083 1736 2232 1804 accidens
2254 1737 2305 1824 (ut
2321 1738 2360 1800 lc·
2474 1773 2475 1798 2

365 1831 525 1913 temporis
556 1849 706 1896 successu
742 1828 843 1896 fuisse
879 1829 1044 1894 liberalius
1077 1833 1266 1908 exceptum,
1302 1832 1340 1889 ut
1389 1823 2043 1911 quuntur)nobiscollatasontbenelicia,
2056 1843 2238 1908 agnoscere.
2264 1824 2360 1888 Porro
2474 1817 2475 1830 ¹

367 1915 481 1981 foedus
499 1923 534 1980 et
554 1914 887 1981 amicitiamhaberet
909 1935 982 1981 cnm
1004 1921 1110 1979 terrae
1130 1910 1339 1996 principibus,
1390 1911 1451 1977 hoc
1473 1917 1578 1976 totum
1599 1911 1696 1977 cessit
1716 1911 1751 1974 in
1772 1911 1927 1975 maiorem
1949 1908 2014 1973 Dei
2034 1909 2188 1993 gloriam,
2214 1907 2302 1992 quod
2320 1911 2361 1974 ita
2474 1955 2475 1986 ,

368 2001 519 2068 lecerunt
544 1999 632 2065 enim
656 2001 805 2066 heroicae
823 2000 965 2065 hominis
985 2000 1133 2078 virtutes,
1153 2006 1189 2062 ut
1206 1997 1341 2061 minime
1391 1994 1557 2062 celebrata
1582 1995 1646 2060 fnit
1666 1995 1776 2062 Abrae
1798 1997 1944 2062 victoria.
1989 1995 2115 2060 Locum
2137 1997 2235 2060 etiam
2259 1994 2360 2080 desig·
2474 2035 2475 2050 .

367 2085 586 2170 spernendum
607 2084 773 2152 ducerent.
816 2085 889 2151 Imc
911 2106 1012 2169 quum
1033 2091 1160 2149 tantam
1183 2081 1341 2148 familiam
1392 2089 1452 2148 nat
1473 2082 1528 2147 ubi
1551 2080 1660 2147 Abrae
1688 2101 1747 2146 rcx
1771 2080 1932 2148 Sodomae
1959 2083 2117 2159 occurrit,
2146 2101 2264 2164 nempe
2285 2081 2361 2145 Val·
2474 2139 2475 2154 ,

369 2171 522 2252 haberet,
546 2171 653 2255 potuit
676 2171 747 2256 ipse
773 2191 901 2255 quoque
927 2172 1015 2236 inter
1036 2189 1130 2254 reges
1150 2167 1272 2234 habore
1293 2165 1341 2231 lo·
1392 2166 1457 2231 lem
1480 2169 1582 2266 regis:
1606 2187 1705 2250 quam
1724 2167 1771 2233 sic
1788 2175 1936 2232 vocatam
1962 2168 2061 2232 luisse
2082 2165 2192 2249 potius
2213 2166 2361 2231 existimo
2474 2219 2475 2248 ,

367 2279 459 2337 cum,
488 2258 554 2324 nisi
582 2256 697 2323 luisset
724 2265 901 2324 extraneus
928 2264 961 2322 et
990 2257 1115 2338 hospes.
1161 2251 1227 2320 Sed
1249 2253 1342 2318 Dens
1393 2272 1512 2337 aroge
1534 2252 1659 2336 ahqnc,
1689 2273 1785 2336 quam
1812 2250 1896 2335 quod
1918 2252 2021 2316 animi
2041 2273 2140 2318 causa
2164 2271 2260 2336 reges
2288 2252 2361 2318 illuc

365 2344 414 2410 ita
435 2343 505 2410 eius
526 2343 600 2426 paci
622 2343 789 2410 consulare
811 2342 916 2409 voluit
936 2361 995 2425 per
1017 2339 1195 2423 temporale
1217 2337 1341 2416 foedus,
1392 2339 1612 2406 convenirent.

366 2438 406 2496 ut
426 2447 595 2513 nunquam
623 2428 691 2495 illis
718 2427 847 2512 populis
876 2428 1060 2512 permixtus
1087 2425 1195 2490 merit.
1239 2425 1342 2490 Porro
1480 2424 1530 2490 18.
1564 2422 1608 2489 m
1640 2422 1841 2490 Melchisedec
1872 2443 1930 2488 reo
1963 2420 2068 2487 Salem
2094 2423 2237 2502 protadii.
2292 2425 2362 2493 Hoc

368 2515 527 2581 divinitus
556 2521 661 2580 totum
688 2513 750 2580 hoc
782 2513 952 2598 negotium
985 2513 1084 2596 husee
1162 2511 1342 2590 bernatum,
1392 2511 1528 2576 tertium
1549 2517 1600 2576 est
1620 2529 1661 2574 ox
1684 2509 1789 2574 trihus
1810 2510 1991 2592 praecipuis
2016 2508 2115 2574 huius
2137 2505 2292 2576 historiae
2314 2533 2362 2579 ca·

367 2601 422 2667 vel
452 2598 528 2665 inde
557 2599 717 2666 coniicero
744 2608 929 2682 promptum
959 2608 1023 2675 cst,
1052 2617 1115 2681 quc
1165 2596 1243 2662 socii
1271 2595 1342 2660 eius
1392 2595 1523 2678 pitibus,
1546 2593 1632 2678 qnod
1651 2594 1868 2661 Melchisedec
1885 2615 2051 2660 summum
2067 2592 2222 2660 ecclesiae
2238 2605 2362 2679 patrem
2474 2655 2475 2672 ,

368 2694 507 2770 quatuor
524 2705 617 2771 reges
635 2682 687 2770 (nt
706 2691 785 2750 tunc
802 2691 874 2750 crat
890 2692 1073 2767 temporum
1090 2680 1245 2767 conditio)
1264 2681 1342 2748 satis
1394 2681 1518 2747 Abram
1540 2681 1693 2746 convivio
1715 2689 1886 2762 exceptum
1909 2679 2075 2746 benedixit
2095 2679 2267 2746 sacerdotii
2284 2685 2361 2762 iure,
2474 2711 2475 2730 ι

368 2769 494 2840 validos
521 2778 555 2836 ct
586 2770 745 2836 victoriae
777 2768 896 2837 fidncia
924 2769 1069 2847 inflatos,
1102 2766 1236 2852 aggredi
1268 2787 1341 2832 curn
1394 2774 1428 2833 et
1456 2766 1597 2833 decimas
1625 2767 1666 2832 ab
1695 2787 1732 2832 ec
1761 2767 1891 2848 recepit.
1942 2766 2016 2830 Non
2045 2764 2179 2831 dubium
2209 2775 2259 2833 est
2285 2770 2362 2852 quin
2474 2791 2475 2806 ¹

368 2877 489 2942 magno
502 2857 654 2956 'periculo
675 2876 741 2921 non
764 2854 962 2921 dubitarunt.
997 2853 1096 2920 (lerte
1119 2854 1177 2919 vix
1199 2871 1342 2936 uuquam
1394 2853 1491 2918 huius
1520 2871 1648 2935 quoque
1677 2851 1764 2936 regis
1793 2872 1927 2918 occursu
1949 2852 2041 2916 Deus
2068 2849 2243 2933 celebrem,
2269 2864 2306 2918 et
2324 2854 2361 2919 ad

366 2944 404 3010 in
426 2949 566 3026 gratiam
593 2941 738 3009 advenae
764 2958 905 3025 eoasque
932 2940 1096 3024 progressi
1125 2949 1249 3018 essent,
1279 2937 1343 3003 nisi
1394 2947 1540 3021 posteros
1569 2937 1814 3003 memorabilem
1835 2936 1944 3003 Abrae
1975 2938 2146 3003 victoriam
2179 2935 2361 3006 reddiderit.
2474 2975 2475 2978 π

367 3047 488 3096 arcano
509 3027 573 3093 Dei
594 3026 746 3111 impulsu.
1093 3069 1101 3080 ·
1395 3023 1462 3089 Sed
1484 3023 1583 3089 altius
1606 3030 1639 3088 ot
1667 3022 1879 3089 excellentius
1908 3023 2100 3106 mysterium
2131 3022 2229 3089 simul
2251 3023 2363 3090 adum-

458 3113 508 3180 14.
535 3113 622 3195 Quod
650 3113 791 3196 apricus
818 3111 929 3179 dodra
951 3115 1028 3178 ascet
1046 3109 1155 3193 frater.
1201 3107 1342 3175 Causam
1394 3109 1524 3175 bratum
1553 3109 1630 3174 init:
1659 3108 1744 3173 Nam
1765 3127 1875 3208 'quum
1904 3115 2039 3175 sanctus
2060 3108 2248 3192 patriarcha
2268 3131 2362 3194 qnam

369 3201 510 3282 suscepti
533 3197 609 3264 belli
630 3198 775 3264 breviter
796 3197 952 3281 exprimit
972 3196 1097 3275 Moses,
1119 3204 1157 3260 ut
1178 3195 1343 3260 Abrame
1394 3196 1427 3260 in
1460 3214 1625 3260 summum
1657 3191 1791 3260 honcrrs
1819 3193 1957 3278 gradum
1993 3193 2156 3260 extulerat
2187 3192 2299 3273 Deus,
2332 3217 2363 3263 sc
2474 3263 2475 3270 ,

369 3285 527 3353 servitute
543 3291 718 3370 cognatum
735 3304 831 3351 suum
849 3282 998 3366 eriperet.
1032 3282 1170 3346 Interim
1187 3281 1344 3346 memoria
1394 3280 1547 3347 submisit
1567 3280 1628 3363 ipsi
1651 3279 1882 3356 Melchisedec,
1907 3299 1975 3344 non
1996 3279 2132 3345 dubium
2154 3285 2205 3345 est
2226 3281 2307 3364 quin
2327 3282 2364 3346 il·

369 3370 550 3440 tenendum
571 3376 622 3436 cst
644 3368 729 3454 qnod
751 3370 841 3453 prins
864 3368 947 3446 dixi,
977 3388 1043 3434 non
1069 3374 1192 3432 temere
1213 3373 1344 3448 arrepta
1394 3365 1463 3430 lum
1486 3364 1692 3432 constitnerit
1712 3365 1846 3432 unicum
1868 3365 1969 3431 totius
1990 3365 2144 3431 ecclesiae
2161 3375 2270 3448 caput:
2289 3387 2363 3432 nam
2474 3371 2475 3376 ’

370 3457 411 3524 ab
433 3457 489 3523 illo
510 3455 610 3522 fuisse
633 3475 740 3533 arma,
769 3453 825 3521 sed
848 3461 980 3538 sumpta
1000 3475 1042 3519 ex
1063 3473 1165 3520 mauu
1187 3450 1267 3532 Dei,
1288 3451 1345 3535 qui
1394 3453 1464 3518 sinc
1503 3451 1725 3518 controversia
1764 3450 1909 3518 solennis
1949 3449 2130 3516 benedictio
2169 3469 2267 3533 quam
2308 3454 2364 3518 sibi

370 3564 445 3612 cum
479 3550 585 3608 terrac
617 3540 784 3608 dominum
824 3541 1046 3607 constituerat.
1093 3537 1271 3621 ¹Quantum
1303 3535 1344 3602 ad
1395 3544 1533 3620 usurpat
1554 3535 1787 3615 Melchisedec,
1816 3537 2010 3621 praecipuae
2038 3534 2209 3620 dignitatis
2239 3539 2362 3623 symbo

371 3630 473 3695 verba
500 3628 631 3707 attinet,
660 3626 771 3692 nescio
799 3645 858 3693 cor
877 3625 1016 3692 verterit
1043 3632 1138 3690 vetus
1165 3624 1234 3689 inte
1276 3641 1344 3688 res:
1394 3623 1464 3687 lnm
1486 3631 1544 3688 est.
1590 3620 1628 3688 Si
1650 3623 1722 3706 quis
1743 3622 1886 3706 excipiat
1906 3622 2007 3688 fuisse
2025 3621 2235 3701 sacerdotem,
2259 3643 2363 3688 annon

370 3715 567 3780 Numerarit
585 3712 709 3779 Abram
732 3711 902 3796 expeditos
923 3731 999 3777 suos
1019 3709 1222 3776 vernaculos.
1292 3727 1344 3773 am
1394 3707 1545 3775 sacerdos
1566 3715 1639 3774 erat
1660 3707 1806 3774 Abram?
1834 3709 1924 3792 Ergo
1946 3708 2001 3774 hic
2028 3707 2123 3773 nobis
2152 3707 2273 3791 aliquid
2300 3710 2363 3776 sin·
2474 3743 2475 3790 ,

371 3799 507 3867 verbum
530 3812 592 3890 ptr,
615 3798 790 3881 evaginare
813 3798 864 3862 vel
893 3795 1032 3863 educere
1061 3796 1231 3880 significat.
1275 3793 1345 3859 Vo·
1440 3793 1509 3859 lare
1530 3791 1738 3860 commendat
1759 3792 1851 3859 Deus
1872 3793 1906 3861 in
1928 3791 2162 3860 Melchisedec:
2191 3792 2268 3859 dum
2290 3793 2364 3860 fide·
2474 3837 2475 3874 ,

373 3894 426 3952 cat
452 3891 561 3950 autern
590 3884 700 3950 Moses
728 3902 839 3949 servos
867 3881 949 3948 istos
971 3893 1094 3961 ortua,
1125 3901 1192 3947 non
1219 3880 1277 3964 qui
1303 3879 1345 3945 ad
1407 3883 1478 3946 ium
1505 3877 1653 3948 omnium
1679 3880 1765 3963 patri
1791 3900 1867 3945 enm
1894 3878 2047 3962 praefert.
2090 3878 2218 3946 Verum
2241 3879 2365 3966 singula
2474 3875 2475 3940 1

372 3989 444 4036 rem
466 3969 642 4034 militarem
663 3966 769 4035 edocti
790 3967 983 4051 formatique
1004 3976 1122 4046 essent,
1144 3974 1181 4031 ut
1198 3965 1346 4032 sentiunt
1395 3965 1497 4034 verba
1524 3964 1637 4031 ordine
1665 3964 1848 4049 expendere
1876 3964 1979 4030 satius
2007 3964 2087 4041 erit,
2116 3972 2155 4030 nt
2183 3964 2299 4032 melius
2320 3964 2364 4030 rei

374 4055 535 4142 plerique:
554 4053 610 4120 sed
628 4054 737 4138 potius
754 4051 980 4154 (meoiudicio)
998 4053 1052 4136 qui
1071 4051 1198 4118 educati
1215 4052 1347 4117 fuerant
1396 4071 1559 4119 summam
1581 4049 1698 4116 deinde
1728 4051 1929 4136 colligamus.
1974 4049 2071 4131 Quod
2094 4051 2219 4116 Abram
2241 4051 2364 4134 excepit
2474 4077 2475 4090 .

374 4142 436 4208 suh
458 4141 530 4206 cius
551 4160 666 4215 manu,
695 4149 729 4205 ct
750 4139 820 4205 cius
849 4139 1022 4222 disciplina
1043 4156 1062 4202 a
1084 4138 1193 4221 pueris
1218 4137 1345 4215 imbuti,
1396 4136 1537 4221 hospitio
1566 4156 1603 4202 ac
1631 4137 1701 4202 cius
1730 4137 1881 4214 comites,
1914 4135 2043 4219 regium
2076 4136 2150 4202 fuit:
2189 4135 2365 4203 benedictio

371 4233 410 4294 ut
428 4226 604 4293 animosius
626 4226 686 4291 sub
708 4223 773 4291 fido
795 4232 827 4290 ct
848 4225 1000 4308 auspiciis
1016 4224 1089 4290 cius
1110 4221 1284 4300 bellarent,
1315 4231 1347 4288 et
1397 4231 1508 4290 autem
1536 4220 1665 4304 proprie
1693 4220 1733 4287 ad
1762 4241 1881 4288 munus
1908 4219 2085 4288 sacerdotis
2114 4229 2246 4304 spectat.
2290 4221 2364 4287 Ideo
2474 4225 2475 4236 ¹

373 4311 504 4397 quidvis
526 4310 723 4378 discriminis
745 4309 853 4376 subire
879 4311 988 4394 parati
1016 4316 1126 4376 essent
1148 4309 1217 4374 eius
1239 4328 1346 4375 causa.
1397 4310 1444 4376 sio
1475 4309 1605 4374 contexi
1635 4306 1753 4373 dehent
1780 4307 1883 4374 Mosis
1915 4306 2031 4372 verba:
2061 4306 2278 4374 Melchisedec
2309 4327 2364 4372 rex
2474 4347 2475 4350 =

373 4399 415 4465 In
448 4404 541 4462 tanta
570 4415 649 4464 vero
680 4396 822 4461 familiae
855 4395 956 4480 copia,
984 4405 1115 4479 praeter
1153 4393 1346 4460 industriam
1398 4394 1509 4462 Salem
1531 4393 1668 4477 protulit
1691 4413 1807 4476 panem
1829 4402 1863 4457 et
1884 4393 2010 4470 vinum,
2033 4401 2067 4457 et
2089 4413 2189 4476 quum
2212 4401 2296 4459 esset
2316 4413 2364 4458 sa·
2474 4443 2475 4448 .

373 4484 477 4552 sancti
507 4483 585 4563 viri,
616 4482 682 4548 Dei
707 4480 888 4548 benedictio
914 4481 1008 4548 nobis
1040 4478 1276 4546 consideranda
1298 4487 1349 4547 est
1398 4479 1510 4548 cerdcr
1544 4478 1624 4557 Dei,
1661 4477 1827 4544 benedixit
1859 4477 1983 4557 Abrae,
2021 4479 2068 4545 sic
2101 4477 2253 4546 Madnctc
2284 4475 2365 4561 quod
2474 4483 2475 4562 l

373 4590 437 4654 qua
470 4576 601 4653 practer
634 4568 800 4652 vulgarem
832 4574 867 4633 ct
899 4568 1031 4633 solitum
1070 4587 1194 4632 morem
1233 4573 1349 4632 auctus
1398 4586 1495 4631 suum
1526 4573 1577 4630 cst
1609 4566 1737 4646 utrique
1766 4583 1924 4649 personae
1955 4562 2122 4630 tribuitur.
2168 4565 2308 4630 Lassom
2335 4571 2367 4628 et
2474 4563 2475 4614 ἶ

374 4655 492 4720 fuerat.
1398 4650 1584 4717 famelicum
1605 4650 1784 4716 exercitum
1809 4650 1900 4735 regia
1927 4649 2123 4715 liberalitate
2144 4651 2269 4716 refecit:
2293 4649 2366 4733 qnia
2474 4675 2475 4720 3

462 4739 513 4806 lb.
547 4738 592 4805 Ει
628 4739 738 4806 dicad
774 4759 816 4806 ee.
872 4736 1015 4821 Quidam
1055 4745 1225 4821 exponunt
1262 4737 1348 4820 quod
1399 4758 1478 4803 vero
1499 4733 1648 4802 sacerdos
1671 4745 1755 4814 erat,
1785 4735 1911 4801 solenni
1938 4735 2133 4818 precationis
2155 4737 2221 4801 ritu
2251 4736 2367 4818 primo·

375 4823 501 4892 Abram
522 4825 611 4890 solus
633 4846 707 4890 cnm
729 4824 913 4890 domesticis
935 4821 1037 4974 cogiis
1058 4824 1092 4887 in
1114 4822 1224 4888 hostes
1245 4823 1349 4890 irrue·
1400 4824 1547 4908 genitum
1569 4819 1635 4886 Dei
1656 4822 1773 4899 filium,
1804 4829 1837 4885 et
1864 4820 2019 4887 ccclesiae
2040 4831 2167 4904 patrem
2195 4819 2366 4887 benedixit
2474 4845 2475 4894 3

375 4911 427 4977 rita
472 4910 551 4988 Alii,
572 4910 657 4994 quod
679 4911 749 4994 ipse
770 4919 804 4975 et
825 4921 892 4976 tres
917 4908 969 4974 ios
992 4909 1073 4974 erati
1095 4909 1208 4991 partiti
1229 4908 1352 4974 luerint
1400 4910 1503 4975 Porro
1531 4907 1594 4972 etsi
1622 4907 1712 4972 hnnc
1738 4906 2001 4972 vetustissimum
2027 4907 2126 4972 fnisse
2155 4925 2277 4973 morem
2304 4923 2367 4969 non
2474 4901 2475 4966 l

376 5015 452 5064 suas
479 5005 620 5076 turmas,
649 5004 689 5062 ut
710 4996 859 5063 hostibus
886 4997 1072 5061 incuterent
1100 4994 1174 5078 plus
1204 4995 1349 5061 terroris.
1399 5013 1491 5078 nego,
1514 4999 1551 5057 ut
1571 4992 1627 5075 qui
1649 5013 1743 5076 roges
1763 5000 1866 5071 crant,
1887 4989 2066 5058 sacerdotio
2083 4991 2182 5058 sinum
2200 4993 2368 5076 iungeren-
2474 5005 2475 5022 *

376 5081 443 5149 Alii
467 5081 655 5148 hebraicam
676 5103 747 5148 esse
767 5082 914 5165 phrasim

375 5169 411 5234 in
433 5167 560 5234 medios
580 5167 699 5233 hostes.
734 5168 807 5251 Ego
829 5101 1004 5234 monadum
1026 5165 1259 5247 expositionem
1283 5185 1350 5231 nra·
1400 5165 1485 5230 rium
1508 5171 1644 5247 apparet
1669 5163 1724 5228 illo
1746 5163 1884 5230 saeculo.
1927 5163 1998 5230 Nec
2017 5184 2098 5230 vero
2119 5163 2247 5250 vulgari
2267 5161 2368 5246 elogio

377 5254 428 5340 gis
450 5253 641 5336 amplector,
670 5251 755 5337 quod
778 5274 818 5319 ex
841 5251 978 5318 diversis
1000 5249 1146 5335 partibus
1167 5250 1277 5316 hostes
1299 5253 1350 5317 in·
1399 5258 1547 5327 ornatur,
1570 5248 1647 5314 dum
1665 5249 1799 5333 spiritus
1817 5249 2042 5315 ratum-habet
2060 5250 2131 5315 eius
2148 5248 2367 5316 sacerdotium.

377 5339 540 5407 invadens
567 5339 673 5405 subito
702 5338 776 5406 illos
798 5338 983 5422 perculerit.
1027 5335 1112 5403 Nam
1134 5335 1199 5404 huc
1220 5357 1349 5422 quoquc
1401 5335 1532 5403 Scimus
1560 5355 1657 5419 quam
1687 5343 1766 5402 tunc
1795 5346 1948 5420 corrupta
1975 5335 2096 5419 ubique
2123 5335 2222 5402 luerit
2248 5333 2368 5418 religio,

958 5087 1060 5158 utant,
1086 5099 1146 5162 pro
1168 5079 1351 5164 irrumpere
1401 5089 1468 5145 tur:
1494 5079 1556 5143 hoc
1579 5088 1688 5143 tamen
1716 5079 1750 5142 in
1774 5075 1992 5144 Melchisedec
2019 5077 2119 5144 inisse
2147 5075 2367 5146 extraordina·
2474 5105 2475 5160 r
