<?xml version="1.0" encoding="UTF-8"?>
<!DOCTYPE html PUBLIC "-//W3C//DTD XHTML 1.0 Transitional//EN"
    "http://www.w3.org/TR/xhtml1/DTD/xhtml1-transitional.dtd">
<html xmlns="http://www.w3.org/1999/xhtml" xml:lang="en" lang="en">
 <head>
  <title>
</title>
<meta http-equiv="Content-Type" content="text/html;charset=utf-8" />
  <meta name='ocr-system' content='tesseract 3.04.00' />
  <meta name='ocr-capabilities' content='ocr_page ocr_carea ocr_par ocr_line ocrx_word'/>
</head>
<body>
  <div class='ocr_page' id='page_1' title='image "./ioanniscalvinio06reusgoog_0224.png"; bbox 0 0 4988 6192; ppageno 0'>
   <div class='ocr_carea' id='block_1_1' title="bbox 385 431 2372 500">
    <p class='ocr_par' dir='ltr' id='par_1_1' title="bbox 385 431 2372 500">
     <span class='ocr_line' id='line_1_1' title="bbox 385 431 2372 500; baseline 0 -1"><span class='ocrx_word' id='word_1_1' title='bbox 385 433 452 500; x_wconf 75' lang='lat'>375</span> <span class='ocrx_word' id='word_1_2' title='bbox 1043 431 1413 500; x_wconf 70' lang='lat' dir='ltr'>COMMENTARIUS</span> <span class='ocrx_word' id='word_1_3' title='bbox 1436 432 1486 497; x_wconf 89' lang='lat' dir='ltr'>IN</span> <span class='ocrx_word' id='word_1_4' title='bbox 1508 432 1722 500; x_wconf 82' lang='lat' dir='ltr'>GENESIN.</span> <span class='ocrx_word' id='word_1_5' title='bbox 2319 433 2372 499; x_wconf 76' lang='lat'>376</span> 
     </span>
    </p>
   </div>
   <div class='ocr_carea' id='block_1_2' title="bbox 386 619 2373 2161">
    <p class='ocr_par' dir='ltr' id='par_1_2' title="bbox 386 619 2373 2161">
     <span class='ocr_line' id='line_1_2' title="bbox 386 619 2370 705; baseline 0 -19"><span class='ocrx_word' id='word_1_6' title='bbox 386 640 521 704; x_wconf 89' lang='lat' dir='ltr'>prorsus</span> <span class='ocrx_word' id='word_1_7' title='bbox 542 641 664 688; x_wconf 85' lang='lat' dir='ltr'>vacuus</span> <span class='ocrx_word' id='word_1_8' title='bbox 685 631 765 702; x_wconf 89' lang='lat' dir='ltr'>erat,</span> <span class='ocrx_word' id='word_1_9' title='bbox 788 623 850 688; x_wconf 87' lang='lat' dir='ltr'>bec</span> <span class='ocrx_word' id='word_1_10' title='bbox 871 623 1035 687; x_wconf 87' lang='lat' dir='ltr'>tamenin</span> <span class='ocrx_word' id='word_1_11' title='bbox 1057 635 1149 705; x_wconf 87' lang='lat' dir='ltr'>parte</span> <span class='ocrx_word' id='word_1_12' title='bbox 1172 622 1360 705; x_wconf 78' lang='lat' dir='ltr'>coarguitur</span> <span class='ocrx_word' id='word_1_13' title='bbox 1411 627 1514 686; x_wconf 89' lang='lat' dir='ltr'>metas</span> <span class='ocrx_word' id='word_1_14' title='bbox 1537 620 1751 688; x_wconf 79' lang='lat' dir='ltr'>transsiliens.</span> <span class='ocrx_word' id='word_1_15' title='bbox 1796 619 1907 702; x_wconf 90' lang='lat' dir='ltr'>Quum</span> <span class='ocrx_word' id='word_1_16' title='bbox 1930 640 2050 686; x_wconf 87' lang='lat' dir='ltr'>noxam</span> <span class='ocrx_word' id='word_1_17' title='bbox 2083 621 2117 685; x_wconf 94' lang='lat' dir='ltr'>in</span> <span class='ocrx_word' id='word_1_18' title='bbox 2141 641 2176 686; x_wconf 90' lang='lat' dir='ltr'>se</span> <span class='ocrx_word' id='word_1_19' title='bbox 2203 621 2370 702; x_wconf 86' lang='lat' dir='ltr'>susciperet</span> 
     </span>
     <span class='ocr_line' id='line_1_3' title="bbox 387 704 2371 792; baseline -0.001 -21"><span class='ocrx_word' id='word_1_20' title='bbox 387 706 460 772; x_wconf 86' lang='lat' dir='ltr'>eius</span> <span class='ocrx_word' id='word_1_21' title='bbox 481 705 634 772; x_wconf 87' lang='lat' dir='ltr'>delectus.</span> <span class='ocrx_word' id='word_1_22' title='bbox 668 706 795 774; x_wconf 81' lang='lat' dir='ltr'>Verum</span> <span class='ocrx_word' id='word_1_23' title='bbox 816 707 878 774; x_wconf 91' lang='lat' dir='ltr'>boc</span> <span class='ocrx_word' id='word_1_24' title='bbox 901 707 1049 792; x_wconf 89' lang='lat' dir='ltr'>exemplo</span> <span class='ocrx_word' id='word_1_25' title='bbox 1072 729 1186 774; x_wconf 91' lang='lat' dir='ltr'>rursus</span> <span class='ocrx_word' id='word_1_26' title='bbox 1208 705 1360 773; x_wconf 89' lang='lat' dir='ltr'>docemur</span> <span class='ocrx_word' id='word_1_27' title='bbox 1409 704 1567 786; x_wconf 86' lang='lat' dir='ltr'>Rebecca,</span> <span class='ocrx_word' id='word_1_28' title='bbox 1590 705 1699 773; x_wconf 88' lang='lat' dir='ltr'>docuit</span> <span class='ocrx_word' id='word_1_29' title='bbox 1721 706 1832 790; x_wconf 90' lang='lat' dir='ltr'>procul</span> <span class='ocrx_word' id='word_1_30' title='bbox 1855 704 1952 773; x_wconf 90' lang='lat' dir='ltr'>dnbio</span> <span class='ocrx_word' id='word_1_31' title='bbox 1975 705 2099 772; x_wconf 91' lang='lat' dir='ltr'>nemini</span> <span class='ocrx_word' id='word_1_32' title='bbox 2116 705 2187 771; x_wconf 87' lang='lat' dir='ltr'>lieri</span> <span class='ocrx_word' id='word_1_33' title='bbox 2209 706 2371 771; x_wconf 89' lang='lat' dir='ltr'>iniuriam:</span> 
     </span>
     <span class='ocr_line' id='line_1_4' title="bbox 387 790 2371 878; baseline 0.001 -22"><span class='ocrx_word' id='word_1_34' title='bbox 387 791 581 875; x_wconf 77' lang='lat' dir='ltr'>particulari</span> <span class='ocrx_word' id='word_1_35' title='bbox 602 792 683 858; x_wconf 84' lang='lat' dir='ltr'>vitio</span> <span class='ocrx_word' id='word_1_36' title='bbox 705 814 771 858; x_wconf 88' lang='lat' dir='ltr'>uon</span> <span class='ocrx_word' id='word_1_37' title='bbox 794 815 922 876; x_wconf 83' lang='lat' dir='ltr'>semper</span> <span class='ocrx_word' id='word_1_38' title='bbox 955 794 1120 878; x_wconf 87' lang='lat' dir='ltr'>exstingui</span> <span class='ocrx_word' id='word_1_39' title='bbox 1153 793 1266 858; x_wconf 88' lang='lat' dir='ltr'>fidem:</span> <span class='ocrx_word' id='word_1_40' title='bbox 1300 813 1359 859; x_wconf 91' lang='lat' dir='ltr'>nec</span> <span class='ocrx_word' id='word_1_41' title='bbox 1410 790 1487 874; x_wconf 89' lang='lat' dir='ltr'>quie</span> <span class='ocrx_word' id='word_1_42' title='bbox 1507 792 1559 858; x_wconf 90' lang='lat' dir='ltr'>ius</span> <span class='ocrx_word' id='word_1_43' title='bbox 1581 792 1724 858; x_wconf 82' lang='lat' dir='ltr'>ebenum</span> <span class='ocrx_word' id='word_1_44' title='bbox 1742 790 1840 858; x_wconf 87' lang='lat' dir='ltr'>Iacob</span> <span class='ocrx_word' id='word_1_45' title='bbox 1857 813 1922 858; x_wconf 89' lang='lat' dir='ltr'>nou</span> <span class='ocrx_word' id='word_1_46' title='bbox 1939 791 2130 875; x_wconf 83' lang='lat' dir='ltr'>subriperet,</span> <span class='ocrx_word' id='word_1_47' title='bbox 2153 791 2209 857; x_wconf 90' lang='lat' dir='ltr'>sed</span> <span class='ocrx_word' id='word_1_48' title='bbox 2231 791 2371 859; x_wconf 85' lang='lat' dir='ltr'>benedic</span> 
     </span>
     <span class='ocr_line' id='line_1_5' title="bbox 386 875 2371 962; baseline 0.001 -21"><span class='ocrx_word' id='word_1_49' title='bbox 386 888 500 941; x_wconf 85' lang='lat' dir='ltr'>temen</span> <span class='ocrx_word' id='word_1_50' title='bbox 527 878 555 943; x_wconf 93' lang='lat' dir='ltr'>si</span> <span class='ocrx_word' id='word_1_51' title='bbox 576 877 667 944; x_wconf 90' lang='lat' dir='ltr'>Deus</span> <span class='ocrx_word' id='word_1_52' title='bbox 693 879 859 943; x_wconf 91' lang='lat' dir='ltr'>interdum</span> <span class='ocrx_word' id='word_1_53' title='bbox 889 882 992 944; x_wconf 88' lang='lat' dir='ltr'>servis</span> <span class='ocrx_word' id='word_1_54' title='bbox 1026 880 1092 944; x_wconf 88' lang='lat' dir='ltr'>suis</span> <span class='ocrx_word' id='word_1_55' title='bbox 1120 877 1287 962; x_wconf 89' lang='lat' dir='ltr'>bucusque</span> <span class='ocrx_word' id='word_1_56' title='bbox 1309 878 1360 942; x_wconf 90' lang='lat' dir='ltr'>in·</span> <span class='ocrx_word' id='word_1_57' title='bbox 1402 877 1531 942; x_wconf 90' lang='lat' dir='ltr'>tionem</span> <span class='ocrx_word' id='word_1_58' title='bbox 1550 888 1676 961; x_wconf 89' lang='lat' dir='ltr'>peteret</span> <span class='ocrx_word' id='word_1_59' title='bbox 1692 878 1823 944; x_wconf 90' lang='lat' dir='ltr'>coelesti</span> <span class='ocrx_word' id='word_1_60' title='bbox 1840 877 1970 944; x_wconf 88' lang='lat' dir='ltr'>oraculo</span> <span class='ocrx_word' id='word_1_61' title='bbox 1988 877 2050 943; x_wconf 90' lang='lat' dir='ltr'>sibi</span> <span class='ocrx_word' id='word_1_62' title='bbox 2068 875 2241 942; x_wconf 88' lang='lat' dir='ltr'>decretam.</span> <span class='ocrx_word' id='word_1_63' title='bbox 2276 877 2371 943; x_wconf 81' lang='lat' dir='ltr'>Fran-</span> 
     </span>
     <span class='ocr_line' id='line_1_6' title="bbox 387 960 2371 1048; baseline 0.002 -22"><span class='ocrx_word' id='word_1_64' title='bbox 387 960 517 1044; x_wconf 89' lang='lat' dir='ltr'>dulget,</span> <span class='ocrx_word' id='word_1_65' title='bbox 541 972 579 1028; x_wconf 90' lang='lat' dir='ltr'>ut</span> <span class='ocrx_word' id='word_1_66' title='bbox 600 964 633 1027; x_wconf 92' lang='lat' dir='ltr'>in</span> <span class='ocrx_word' id='word_1_67' title='bbox 657 985 769 1029; x_wconf 89' lang='lat' dir='ltr'>eorum</span> <span class='ocrx_word' id='word_1_68' title='bbox 791 962 929 1030; x_wconf 87' lang='lat' dir='ltr'>salutem</span> <span class='ocrx_word' id='word_1_69' title='bbox 953 973 1059 1030; x_wconf 85' lang='lat' dir='ltr'>vertat</span> <span class='ocrx_word' id='word_1_70' title='bbox 1082 962 1166 1046; x_wconf 88' lang='lat' dir='ltr'>quod</span> <span class='ocrx_word' id='word_1_71' title='bbox 1189 984 1358 1048; x_wconf 89' lang='lat' dir='ltr'>perperam</span> <span class='ocrx_word' id='word_1_72' title='bbox 1410 961 1460 1027; x_wconf 92' lang='lat' dir='ltr'>dis</span> <span class='ocrx_word' id='word_1_73' title='bbox 1483 964 1580 1028; x_wconf 89' lang='lat' dir='ltr'>etiam</span> <span class='ocrx_word' id='word_1_74' title='bbox 1603 963 1742 1029; x_wconf 88' lang='lat' dir='ltr'>honesta</span> <span class='ocrx_word' id='word_1_75' title='bbox 1763 962 1825 1029; x_wconf 85' lang='lat' dir='ltr'>fuit</span> <span class='ocrx_word' id='word_1_76' title='bbox 1846 973 1878 1028; x_wconf 93' lang='lat' dir='ltr'>et</span> <span class='ocrx_word' id='word_1_77' title='bbox 1899 962 2073 1046; x_wconf 85' lang='lat' dir='ltr'>probabilis</span> <span class='ocrx_word' id='word_1_78' title='bbox 2096 963 2271 1041; x_wconf 72' lang='lat' dir='ltr'>excusatio,</span> <span class='ocrx_word' id='word_1_79' title='bbox 2295 963 2371 1046; x_wconf 92' lang='lat' dir='ltr'>qnod</span> 
     </span>
     <span class='ocr_line' id='line_1_7' title="bbox 387 1046 2372 1133; baseline 0.003 -23"><span class='ocrx_word' id='word_1_80' title='bbox 387 1046 516 1113; x_wconf 87' lang='lat' dir='ltr'>abillis</span> <span class='ocrx_word' id='word_1_81' title='bbox 539 1049 664 1133; x_wconf 85' lang='lat' dir='ltr'>agitur,</span> <span class='ocrx_word' id='word_1_82' title='bbox 697 1047 770 1115; x_wconf 92' lang='lat' dir='ltr'>ideo</span> <span class='ocrx_word' id='word_1_83' title='bbox 792 1070 812 1114; x_wconf 93' lang='lat' dir='ltr'>a</span> <span class='ocrx_word' id='word_1_84' title='bbox 833 1049 926 1115; x_wconf 91' lang='lat' dir='ltr'>nobis</span> <span class='ocrx_word' id='word_1_85' title='bbox 955 1047 1113 1115; x_wconf 90' lang='lat' dir='ltr'>sumenda</span> <span class='ocrx_word' id='word_1_86' title='bbox 1134 1058 1183 1115; x_wconf 90' lang='lat' dir='ltr'>est</span> <span class='ocrx_word' id='word_1_87' title='bbox 1206 1047 1360 1132; x_wconf 85' lang='lat' dir='ltr'>peccandi</span> <span class='ocrx_word' id='word_1_88' title='bbox 1409 1047 1518 1128; x_wconf 86' lang='lat' dir='ltr'>Isaac,</span> <span class='ocrx_word' id='word_1_89' title='bbox 1553 1049 1616 1116; x_wconf 87' lang='lat' dir='ltr'>nisi</span> <span class='ocrx_word' id='word_1_90' title='bbox 1649 1049 1805 1133; x_wconf 90' lang='lat' dir='ltr'>deeeptus</span> <span class='ocrx_word' id='word_1_91' title='bbox 1833 1047 1929 1129; x_wconf 83' lang='lat' dir='ltr'>foret,</span> <span class='ocrx_word' id='word_1_92' title='bbox 1962 1047 2004 1113; x_wconf 90' lang='lat' dir='ltr'>ad</span> <span class='ocrx_word' id='word_1_93' title='bbox 2033 1046 2292 1114; x_wconf 81' lang='lat' dir='ltr'>labefactandam</span> <span class='ocrx_word' id='word_1_94' title='bbox 2319 1049 2372 1115; x_wconf 89' lang='lat' dir='ltr'>Dei</span> 
     </span>
     <span class='ocr_line' id='line_1_8' title="bbox 386 1132 2371 1219; baseline 0.002 -23"><span class='ocrx_word' id='word_1_95' title='bbox 386 1132 528 1198; x_wconf 89' lang='lat' dir='ltr'>licentis.</span> <span class='ocrx_word' id='word_1_96' title='bbox 580 1133 726 1200; x_wconf 85' lang='lat' dir='ltr'>Mirabili</span> <span class='ocrx_word' id='word_1_97' title='bbox 754 1135 816 1201; x_wconf 91' lang='lat' dir='ltr'>Dei</span> <span class='ocrx_word' id='word_1_98' title='bbox 846 1134 1067 1201; x_wconf 84' lang='lat' dir='ltr'>misericordia</span> <span class='ocrx_word' id='word_1_99' title='bbox 1093 1135 1214 1200; x_wconf 84' lang='lat' dir='ltr'>lactum</span> <span class='ocrx_word' id='word_1_100' title='bbox 1245 1145 1295 1201; x_wconf 91' lang='lat' dir='ltr'>est</span> <span class='ocrx_word' id='word_1_101' title='bbox 1323 1143 1358 1199; x_wconf 94' lang='lat' dir='ltr'>ut</span> <span class='ocrx_word' id='word_1_102' title='bbox 1410 1133 1602 1199; x_wconf 87' lang='lat' dir='ltr'>electionem</span> <span class='ocrx_word' id='word_1_103' title='bbox 1633 1135 1699 1200; x_wconf 91' lang='lat' dir='ltr'>iam</span> <span class='ocrx_word' id='word_1_104' title='bbox 1732 1136 1894 1200; x_wconf 77' lang='lat' dir='ltr'>accimtus</span> <span class='ocrx_word' id='word_1_105' title='bbox 1927 1141 2007 1200; x_wconf 87' lang='lat' dir='ltr'>erat.</span> <span class='ocrx_word' id='word_1_106' title='bbox 2061 1134 2150 1219; x_wconf 80' lang='lat' dir='ltr'>Ergo</span> <span class='ocrx_word' id='word_1_107' title='bbox 2182 1133 2281 1200; x_wconf 86' lang='lat' dir='ltr'>Iacob</span> <span class='ocrx_word' id='word_1_108' title='bbox 2314 1157 2371 1200; x_wconf 92' lang='lat' dir='ltr'>non</span> 
     </span>
     <span class='ocr_line' id='line_1_9' title="bbox 387 1217 2371 1304; baseline 0.002 -22"><span class='ocrx_word' id='word_1_109' title='bbox 387 1238 455 1283; x_wconf 92' lang='lat' dir='ltr'>non</span> <span class='ocrx_word' id='word_1_110' title='bbox 479 1217 636 1285; x_wconf 92' lang='lat' dir='ltr'>exciderit</span> <span class='ocrx_word' id='word_1_111' title='bbox 656 1219 754 1285; x_wconf 90' lang='lat' dir='ltr'>Iacob</span> <span class='ocrx_word' id='word_1_112' title='bbox 777 1222 922 1304; x_wconf 83' lang='lat' dir='ltr'>agretia</span> <span class='ocrx_word' id='word_1_113' title='bbox 951 1220 1142 1303; x_wconf 90' lang='lat' dir='ltr'>adoptionis.</span> <span class='ocrx_word' id='word_1_114' title='bbox 1187 1220 1271 1302; x_wconf 92' lang='lat' dir='ltr'>Quis</span> <span class='ocrx_word' id='word_1_115' title='bbox 1292 1241 1358 1285; x_wconf 92' lang='lat' dir='ltr'>non</span> <span class='ocrx_word' id='word_1_116' title='bbox 1409 1218 1599 1303; x_wconf 87' lang='lat' dir='ltr'>simpliciter</span> <span class='ocrx_word' id='word_1_117' title='bbox 1616 1220 1657 1286; x_wconf 87' lang='lat' dir='ltr'>ab</span> <span class='ocrx_word' id='word_1_118' title='bbox 1674 1241 1712 1286; x_wconf 90' lang='lat' dir='ltr'>eo</span> <span class='ocrx_word' id='word_1_119' title='bbox 1729 1219 1815 1304; x_wconf 89' lang='lat' dir='ltr'>quod</span> <span class='ocrx_word' id='word_1_120' title='bbox 1833 1226 1958 1285; x_wconf 89' lang='lat' dir='ltr'>rectum</span> <span class='ocrx_word' id='word_1_121' title='bbox 1976 1229 2026 1286; x_wconf 90' lang='lat' dir='ltr'>est</span> <span class='ocrx_word' id='word_1_122' title='bbox 2050 1218 2191 1286; x_wconf 89' lang='lat' dir='ltr'>deflectit</span> <span class='ocrx_word' id='word_1_123' title='bbox 2207 1220 2244 1284; x_wconf 95' lang='lat' dir='ltr'>in</span> <span class='ocrx_word' id='word_1_124' title='bbox 2266 1221 2371 1286; x_wconf 88' lang='lat' dir='ltr'>metris</span> 
     </span>
     <span class='ocr_line' id='line_1_10' title="bbox 386 1302 2369 1390; baseline 0.002 -23"><span class='ocrx_word' id='word_1_125' title='bbox 386 1302 449 1370; x_wconf 90' lang='lat' dir='ltr'>sibi</span> <span class='ocrx_word' id='word_1_126' title='bbox 471 1305 579 1388; x_wconf 90' lang='lat' dir='ltr'>potius</span> <span class='ocrx_word' id='word_1_127' title='bbox 600 1317 726 1371; x_wconf 88' lang='lat' dir='ltr'>metuet</span> <span class='ocrx_word' id='word_1_128' title='bbox 747 1327 845 1388; x_wconf 88' lang='lat' dir='ltr'>quem</span> <span class='ocrx_word' id='word_1_129' title='bbox 867 1305 1021 1373; x_wconf 88' lang='lat' dir='ltr'>audacior</span> <span class='ocrx_word' id='word_1_130' title='bbox 1046 1304 1224 1372; x_wconf 78' lang='lat' dir='ltr'>reddatur?</span> <span class='ocrx_word' id='word_1_131' title='bbox 1246 1304 1358 1389; x_wconf 89' lang='lat' dir='ltr'>Quum</span> <span class='ocrx_word' id='word_1_132' title='bbox 1408 1305 1613 1389; x_wconf 84' lang='lat' dir='ltr'>obsequium,</span> <span class='ocrx_word' id='word_1_133' title='bbox 1643 1303 1700 1372; x_wconf 91' lang='lat' dir='ltr'>sed</span> <span class='ocrx_word' id='word_1_134' title='bbox 1771 1306 1837 1370; x_wconf 90' lang='lat' dir='ltr'>tius</span> <span class='ocrx_word' id='word_1_135' title='bbox 1858 1305 1922 1371; x_wconf 89' lang='lat' dir='ltr'>Dei</span> <span class='ocrx_word' id='word_1_136' title='bbox 1945 1304 2044 1370; x_wconf 84' lang='lat' dir='ltr'>verbo</span> <span class='ocrx_word' id='word_1_137' title='bbox 2065 1303 2277 1390; x_wconf 87' lang='lat' dir='ltr'>obtemperet.</span> <span class='ocrx_word' id='word_1_138' title='bbox 2320 1305 2369 1370; x_wconf 86' lang='lat' dir='ltr'>ln·</span> 
     </span>
     <span class='ocr_line' id='line_1_11' title="bbox 387 1327 2369 1478; baseline 0.001 -24"><span class='ocrx_word' id='word_1_139' title='bbox 387 1397 498 1457; x_wconf 91' lang='lat' dir='ltr'>autem</span> <span class='ocrx_word' id='word_1_140' title='bbox 521 1389 722 1457; x_wconf 89' lang='lat' dir='ltr'>dubitatione</span> <span class='ocrx_word' id='word_1_141' title='bbox 739 1391 988 1469; x_wconf 72' lang='lat' dir='ltr'>,obtenebratam</span> <span class='ocrx_word' id='word_1_142' title='bbox 1006 1392 1155 1458; x_wconf 88' lang='lat' dir='ltr'>videmus</span> <span class='ocrx_word' id='word_1_143' title='bbox 1172 1392 1270 1458; x_wconf 87' lang='lat' dir='ltr'>luisse</span> <span class='ocrx_word' id='word_1_144' title='bbox 1288 1392 1358 1457; x_wconf 89' lang='lat' dir='ltr'>eins</span> <span class='ocrx_word' id='word_1_145' title='bbox 1409 1391 1508 1456; x_wconf 88' lang='lat' dir='ltr'>terim</span> <span class='ocrx_word' id='word_1_146' title='bbox 1529 1391 1611 1456; x_wconf 86' lang='lat' dir='ltr'>vitio</span> <span class='ocrx_word' id='word_1_147' title='bbox 1640 1389 1689 1478; x_wconf 90' lang='lat' dir='ltr'>(ut</span> <span class='ocrx_word' id='word_1_148' title='bbox 1717 1327 1799 1478; x_wconf 60' lang='lat' dir='ltr'>alib)</span> <span class='ocrx_word' id='word_1_149' title='bbox 1827 1411 1892 1456; x_wconf 93' lang='lat' dir='ltr'>non</span> <span class='ocrx_word' id='word_1_150' title='bbox 1920 1400 2009 1456; x_wconf 89' lang='lat' dir='ltr'>earet</span> <span class='ocrx_word' id='word_1_151' title='bbox 2037 1388 2242 1474; x_wconf 88' lang='lat' dir='ltr'>particularis</span> <span class='ocrx_word' id='word_1_152' title='bbox 2272 1412 2369 1457; x_wconf 87' lang='lat' dir='ltr'>error:</span> 
     </span>
     <span class='ocr_line' id='line_1_12' title="bbox 386 1474 2371 1562; baseline 0.002 -22"><span class='ocrx_word' id='word_1_153' title='bbox 386 1475 502 1556; x_wconf 89' lang='lat' dir='ltr'>fidem,</span> <span class='ocrx_word' id='word_1_154' title='bbox 535 1475 698 1543; x_wconf 87' lang='lat' dir='ltr'>discemus</span> <span class='ocrx_word' id='word_1_155' title='bbox 731 1498 750 1543; x_wconf 89' lang='lat' dir='ltr'>a</span> <span class='ocrx_word' id='word_1_156' title='bbox 779 1476 920 1543; x_wconf 90' lang='lat' dir='ltr'>Domino</span> <span class='ocrx_word' id='word_1_157' title='bbox 954 1486 1064 1562; x_wconf 90' lang='lat' dir='ltr'>petere</span> <span class='ocrx_word' id='word_1_158' title='bbox 1097 1478 1249 1561; x_wconf 87' lang='lat' dir='ltr'>spiritum</span> <span class='ocrx_word' id='word_1_159' title='bbox 1281 1498 1357 1561; x_wconf 90' lang='lat' dir='ltr'>pru·</span> <span class='ocrx_word' id='word_1_160' title='bbox 1409 1476 1485 1560; x_wconf 88' lang='lat' dir='ltr'>quie</span> <span class='ocrx_word' id='word_1_161' title='bbox 1513 1476 1633 1543; x_wconf 89' lang='lat' dir='ltr'>talibus</span> <span class='ocrx_word' id='word_1_162' title='bbox 1660 1475 1797 1543; x_wconf 79' lang='lat' dir='ltr'>fallaciis</span> <span class='ocrx_word' id='word_1_163' title='bbox 1827 1474 2013 1541; x_wconf 86' lang='lat' dir='ltr'>adiuvanda</span> <span class='ocrx_word' id='word_1_164' title='bbox 2041 1497 2107 1542; x_wconf 89' lang='lat' dir='ltr'>non</span> <span class='ocrx_word' id='word_1_165' title='bbox 2129 1476 2190 1541; x_wconf 86' lang='lat' dir='ltr'>fuit</span> <span class='ocrx_word' id='word_1_166' title='bbox 2209 1475 2274 1541; x_wconf 92' lang='lat' dir='ltr'>Dei</span> <span class='ocrx_word' id='word_1_167' title='bbox 2298 1477 2371 1543; x_wconf 79' lang='lat' dir='ltr'>vari·</span> 
     </span>
     <span class='ocr_line' id='line_1_13' title="bbox 388 1558 2371 1647; baseline 0.001 -23"><span class='ocrx_word' id='word_1_168' title='bbox 388 1558 531 1640; x_wconf 91' lang='lat' dir='ltr'>dentiae,</span> <span class='ocrx_word' id='word_1_169' title='bbox 561 1563 617 1644; x_wconf 93' lang='lat' dir='ltr'>qni</span> <span class='ocrx_word' id='word_1_170' title='bbox 643 1583 774 1646; x_wconf 84' lang='lat' dir='ltr'>gressus</span> <span class='ocrx_word' id='word_1_171' title='bbox 796 1583 908 1629; x_wconf 90' lang='lat' dir='ltr'>omnes</span> <span class='ocrx_word' id='word_1_172' title='bbox 930 1572 1058 1629; x_wconf 89' lang='lat' dir='ltr'>nostros</span> <span class='ocrx_word' id='word_1_173' title='bbox 1080 1562 1248 1647; x_wconf 81' lang='lat' dir='ltr'>gubernet.</span> <span class='ocrx_word' id='word_1_174' title='bbox 1294 1564 1358 1629; x_wconf 80' lang='lat' dir='ltr'>Ac·</span> <span class='ocrx_word' id='word_1_175' title='bbox 1408 1569 1467 1627; x_wconf 91' lang='lat' dir='ltr'>tas.</span> <span class='ocrx_word' id='word_1_176' title='bbox 1522 1562 1665 1628; x_wconf 86' lang='lat' dir='ltr'>Paterna</span> <span class='ocrx_word' id='word_1_177' title='bbox 1704 1561 1834 1646; x_wconf 90' lang='lat' dir='ltr'>quidem</span> <span class='ocrx_word' id='word_1_178' title='bbox 1872 1560 2053 1628; x_wconf 88' lang='lat' dir='ltr'>benedictio</span> <span class='ocrx_word' id='word_1_179' title='bbox 2093 1560 2223 1627; x_wconf 87' lang='lat' dir='ltr'>divinae</span> <span class='ocrx_word' id='word_1_180' title='bbox 2255 1563 2371 1644; x_wconf 85' lang='lat' dir='ltr'>gratiae</span> 
     </span>
     <span class='ocr_line' id='line_1_14' title="bbox 387 1645 2373 1732; baseline 0 -20"><span class='ocrx_word' id='word_1_181' title='bbox 387 1646 486 1713; x_wconf 86' lang='lat' dir='ltr'>cessit</span> <span class='ocrx_word' id='word_1_182' title='bbox 516 1647 656 1712; x_wconf 90' lang='lat' dir='ltr'>alterum</span> <span class='ocrx_word' id='word_1_183' title='bbox 689 1669 754 1712; x_wconf 93' lang='lat' dir='ltr'>non</span> <span class='ocrx_word' id='word_1_184' title='bbox 783 1648 856 1715; x_wconf 85' lang='lat' dir='ltr'>leve</span> <span class='ocrx_word' id='word_1_185' title='bbox 889 1658 1049 1715; x_wconf 84' lang='lat' dir='ltr'>erratum:</span> <span class='ocrx_word' id='word_1_186' title='bbox 1081 1670 1139 1714; x_wconf 89' lang='lat' dir='ltr'>cur</span> <span class='ocrx_word' id='word_1_187' title='bbox 1171 1651 1259 1714; x_wconf 89' lang='lat' dir='ltr'>enim</span> <span class='ocrx_word' id='word_1_188' title='bbox 1291 1669 1358 1713; x_wconf 92' lang='lat' dir='ltr'>non</span> <span class='ocrx_word' id='word_1_189' title='bbox 1408 1648 1612 1732; x_wconf 76' lang='lat' dir='ltr'>signaculum</span> <span class='ocrx_word' id='word_1_190' title='bbox 1629 1654 1716 1714; x_wconf 90' lang='lat' dir='ltr'>erat:</span> <span class='ocrx_word' id='word_1_191' title='bbox 1734 1647 1846 1726; x_wconf 83' lang='lat' dir='ltr'>fateor,</span> <span class='ocrx_word' id='word_1_192' title='bbox 1865 1645 1921 1712; x_wconf 90' lang='lat' dir='ltr'>sed</span> <span class='ocrx_word' id='word_1_193' title='bbox 1938 1654 2127 1730; x_wconf 88' lang='lat' dir='ltr'>exspectare</span> <span class='ocrx_word' id='word_1_194' title='bbox 2145 1647 2253 1730; x_wconf 88' lang='lat' dir='ltr'>potius</span> <span class='ocrx_word' id='word_1_195' title='bbox 2270 1645 2373 1713; x_wconf 89' lang='lat' dir='ltr'>debuit</span> 
     </span>
     <span class='ocr_line' id='line_1_15' title="bbox 387 1730 2371 1818; baseline 0 -21"><span class='ocrx_word' id='word_1_196' title='bbox 387 1731 495 1814; x_wconf 85' lang='lat' dir='ltr'>potius</span> <span class='ocrx_word' id='word_1_197' title='bbox 513 1731 622 1797; x_wconf 91' lang='lat' dir='ltr'>Deum</span> <span class='ocrx_word' id='word_1_198' title='bbox 644 1744 816 1800; x_wconf 85' lang='lat' dir='ltr'>reveretur</span> <span class='ocrx_word' id='word_1_199' title='bbox 837 1755 934 1818; x_wconf 90' lang='lat' dir='ltr'>quem</span> <span class='ocrx_word' id='word_1_200' title='bbox 952 1735 1055 1818; x_wconf 89' lang='lat' dir='ltr'>patris</span> <span class='ocrx_word' id='word_1_201' title='bbox 1077 1735 1160 1801; x_wconf 90' lang='lat' dir='ltr'>iram</span> <span class='ocrx_word' id='word_1_202' title='bbox 1182 1732 1356 1799; x_wconf 84' lang='lat' dir='ltr'>formidat?</span> <span class='ocrx_word' id='word_1_203' title='bbox 1409 1732 1487 1798; x_wconf 91' lang='lat' dir='ltr'>dum</span> <span class='ocrx_word' id='word_1_204' title='bbox 1508 1754 1526 1798; x_wconf 93' lang='lat' dir='ltr'>e</span> <span class='ocrx_word' id='word_1_205' title='bbox 1549 1733 1637 1800; x_wconf 88' lang='lat' dir='ltr'>coelo</span> <span class='ocrx_word' id='word_1_206' title='bbox 1658 1731 1751 1799; x_wconf 91' lang='lat' dir='ltr'>Deus</span> <span class='ocrx_word' id='word_1_207' title='bbox 1779 1730 1959 1798; x_wconf 86' lang='lat' dir='ltr'>remedium</span> <span class='ocrx_word' id='word_1_208' title='bbox 1982 1733 2126 1808; x_wconf 87' lang='lat' dir='ltr'>afferret,</span> <span class='ocrx_word' id='word_1_209' title='bbox 2155 1741 2290 1798; x_wconf 81' lang='lat' dir='ltr'>mutans</span> <span class='ocrx_word' id='word_1_210' title='bbox 2311 1734 2371 1797; x_wconf 91' lang='lat' dir='ltr'>ani·</span> 
     </span>
     <span class='ocr_line' id='line_1_16' title="bbox 388 1816 2372 1905; baseline 0.001 -22"><span class='ocrx_word' id='word_1_211' title='bbox 388 1837 448 1884; x_wconf 89' lang='lat' dir='ltr'>cur</span> <span class='ocrx_word' id='word_1_212' title='bbox 468 1838 534 1883; x_wconf 91' lang='lat' dir='ltr'>non</span> <span class='ocrx_word' id='word_1_213' title='bbox 554 1816 603 1882; x_wconf 92' lang='lat' dir='ltr'>illi</span> <span class='ocrx_word' id='word_1_214' title='bbox 625 1819 660 1883; x_wconf 92' lang='lat' dir='ltr'>in</span> <span class='ocrx_word' id='word_1_215' title='bbox 683 1829 825 1883; x_wconf 89' lang='lat' dir='ltr'>mentem</span> <span class='ocrx_word' id='word_1_216' title='bbox 849 1821 955 1900; x_wconf 85' lang='lat' dir='ltr'>venit,</span> <span class='ocrx_word' id='word_1_217' title='bbox 984 1828 1113 1905; x_wconf 88' lang='lat' dir='ltr'>turpem</span> <span class='ocrx_word' id='word_1_218' title='bbox 1142 1827 1274 1887; x_wconf 87' lang='lat' dir='ltr'>sanctae</span> <span class='ocrx_word' id='word_1_219' title='bbox 1295 1818 1359 1885; x_wconf 93' lang='lat' dir='ltr'>Dei</span> <span class='ocrx_word' id='word_1_220' title='bbox 1408 1839 1498 1883; x_wconf 89' lang='lat' dir='ltr'>mum</span> <span class='ocrx_word' id='word_1_221' title='bbox 1517 1819 1619 1901; x_wconf 91' lang='lat' dir='ltr'>patris</span> <span class='ocrx_word' id='word_1_222' title='bbox 1636 1819 1739 1896; x_wconf 87' lang='lat' dir='ltr'>Isaeo,</span> <span class='ocrx_word' id='word_1_223' title='bbox 1761 1828 1794 1883; x_wconf 89' lang='lat' dir='ltr'>et</span> <span class='ocrx_word' id='word_1_224' title='bbox 1811 1818 1959 1902; x_wconf 81' lang='lat' dir='ltr'>linguam</span> <span class='ocrx_word' id='word_1_225' title='bbox 1976 1819 2046 1884; x_wconf 90' lang='lat' dir='ltr'>eius</span> <span class='ocrx_word' id='word_1_226' title='bbox 2062 1817 2260 1903; x_wconf 83' lang='lat' dir='ltr'>gubernans,</span> <span class='ocrx_word' id='word_1_227' title='bbox 2284 1839 2372 1901; x_wconf 86' lang='lat' dir='ltr'>quam</span> 
     </span>
     <span class='ocr_line' id='line_1_17' title="bbox 387 1901 2372 1990; baseline 0.001 -23"><span class='ocrx_word' id='word_1_228' title='bbox 387 1902 552 1986; x_wconf 84' lang='lat' dir='ltr'>adoptioni</span> <span class='ocrx_word' id='word_1_229' title='bbox 563 1905 724 1970; x_wconf 87' lang='lat' dir='ltr'>maculam</span> <span class='ocrx_word' id='word_1_230' title='bbox 736 1904 896 1989; x_wconf 88' lang='lat' dir='ltr'>adspergi,</span> <span class='ocrx_word' id='word_1_231' title='bbox 914 1905 992 1971; x_wconf 92' lang='lat' dir='ltr'>dum</span> <span class='ocrx_word' id='word_1_232' title='bbox 1011 1905 1180 1990; x_wconf 88' lang='lat' dir='ltr'>redempta</span> <span class='ocrx_word' id='word_1_233' title='bbox 1190 1904 1358 1972; x_wconf 90' lang='lat' dir='ltr'>mendacio</span> <span class='ocrx_word' id='word_1_234' title='bbox 1408 1901 1559 1971; x_wconf 89' lang='lat' dir='ltr'>illicitum</span> <span class='ocrx_word' id='word_1_235' title='bbox 1588 1903 1709 1988; x_wconf 89' lang='lat' dir='ltr'>aliquid</span> <span class='ocrx_word' id='word_1_236' title='bbox 1736 1910 1872 1969; x_wconf 88' lang='lat' dir='ltr'>tentare.</span> <span class='ocrx_word' id='word_1_237' title='bbox 1917 1902 2002 1969; x_wconf 89' lang='lat' dir='ltr'>Nem</span> <span class='ocrx_word' id='word_1_238' title='bbox 2029 1903 2216 1970; x_wconf 83' lang='lat' dir='ltr'>sisseleam</span> <span class='ocrx_word' id='word_1_239' title='bbox 2239 1906 2299 1987; x_wconf 89' lang='lat' dir='ltr'>qui</span> <span class='ocrx_word' id='word_1_240' title='bbox 2318 1905 2372 1969; x_wconf 90' lang='lat' dir='ltr'>lin·</span> 
     </span>
     <span class='ocr_line' id='line_1_18' title="bbox 388 1987 2371 2074; baseline 0.002 -23"><span class='ocrx_word' id='word_1_241' title='bbox 388 1987 542 2055; x_wconf 83' lang='lat' dir='ltr'>videtur?</span> <span class='ocrx_word' id='word_1_242' title='bbox 564 1988 649 2054; x_wconf 90' lang='lat' dir='ltr'>Nem</span> <span class='ocrx_word' id='word_1_243' title='bbox 677 1991 829 2073; x_wconf 88' lang='lat' dir='ltr'>quemvis</span> <span class='ocrx_word' id='word_1_244' title='bbox 850 1991 884 2055; x_wconf 93' lang='lat' dir='ltr'>in</span> <span class='ocrx_word' id='word_1_245' title='bbox 912 2000 1037 2057; x_wconf 88' lang='lat' dir='ltr'>rectum</span> <span class='ocrx_word' id='word_1_246' title='bbox 1064 1993 1164 2057; x_wconf 87' lang='lat' dir='ltr'>linem</span> <span class='ocrx_word' id='word_1_247' title='bbox 1187 2000 1357 2074; x_wconf 85' lang='lat' dir='ltr'>spectaret,</span> <span class='ocrx_word' id='word_1_248' title='bbox 1409 2010 1508 2073; x_wconf 89' lang='lat' dir='ltr'>gnam</span> <span class='ocrx_word' id='word_1_249' title='bbox 1529 1990 1680 2057; x_wconf 78' lang='lat' dir='ltr'>venalem</span> <span class='ocrx_word' id='word_1_250' title='bbox 1703 1989 1921 2072; x_wconf 85' lang='lat' dir='ltr'>prostitueret,</span> <span class='ocrx_word' id='word_1_251' title='bbox 1945 1988 2103 2056; x_wconf 89' lang='lat' dir='ltr'>cohibitus</span> <span class='ocrx_word' id='word_1_252' title='bbox 2126 2009 2147 2054; x_wconf 90' lang='lat' dir='ltr'>e</span> <span class='ocrx_word' id='word_1_253' title='bbox 2168 1990 2288 2073; x_wconf 89' lang='lat' dir='ltr'>spiritu</span> <span class='ocrx_word' id='word_1_254' title='bbox 2309 1990 2371 2070; x_wconf 85' lang='lat' dir='ltr'>luit,</span> 
     </span>
     <span class='ocr_line' id='line_1_19' title="bbox 386 2072 2372 2161; baseline 0.001 -23"><span class='ocrx_word' id='word_1_255' title='bbox 386 2072 516 2159; x_wconf 91' lang='lat' dir='ltr'>obliquo</span> <span class='ocrx_word' id='word_1_256' title='bbox 554 2083 664 2141; x_wconf 69' lang='lat' dir='ltr'>mmeu</span> <span class='ocrx_word' id='word_1_257' title='bbox 703 2077 767 2140; x_wconf 88' lang='lat' dir='ltr'>isto</span> <span class='ocrx_word' id='word_1_258' title='bbox 802 2076 952 2143; x_wconf 91' lang='lat' dir='ltr'>cuniculo</span> <span class='ocrx_word' id='word_1_259' title='bbox 983 2077 1126 2161; x_wconf 88' lang='lat' dir='ltr'>irrepere</span> <span class='ocrx_word' id='word_1_260' title='bbox 1158 2097 1222 2142; x_wconf 91' lang='lat' dir='ltr'>non</span> <span class='ocrx_word' id='word_1_261' title='bbox 1255 2077 1369 2143; x_wconf 82' lang='lat' dir='ltr'>licuit&#39;</span> <span class='ocrx_word' id='word_1_262' title='bbox 1408 2085 1447 2139; x_wconf 89' lang='lat' dir='ltr'>ut</span> <span class='ocrx_word' id='word_1_263' title='bbox 1468 2083 1599 2158; x_wconf 90' lang='lat' dir='ltr'>praeter</span> <span class='ocrx_word' id='word_1_264' title='bbox 1619 2076 1721 2141; x_wconf 91' lang='lat' dir='ltr'>animi</span> <span class='ocrx_word' id='word_1_265' title='bbox 1742 2075 1794 2140; x_wconf 89' lang='lat' dir='ltr'>sui</span> <span class='ocrx_word' id='word_1_266' title='bbox 1816 2094 1949 2139; x_wconf 88' lang='lat' dir='ltr'>sensum</span> <span class='ocrx_word' id='word_1_267' title='bbox 1970 2074 2174 2141; x_wconf 89' lang='lat' dir='ltr'>benediceret</span> <span class='ocrx_word' id='word_1_268' title='bbox 2199 2075 2304 2142; x_wconf 83' lang='lat' dir='ltr'>electo</span> <span class='ocrx_word' id='word_1_269' title='bbox 2323 2097 2372 2158; x_wconf 85' lang='lat' dir='ltr'>po</span> 
     </span>
    </p>
   </div>
   <div class='ocr_carea' id='block_1_3' title="bbox 387 2157 2462 2248">
    <p class='ocr_par' dir='ltr' id='par_1_3' title="bbox 387 2157 2462 2248">
     <span class='ocr_line' id='line_1_20' title="bbox 387 2157 2462 2248; baseline 0.002 -26"><span class='ocrx_word' id='word_1_270' title='bbox 387 2158 519 2225; x_wconf 91' lang='lat' dir='ltr'>Interea</span> <span class='ocrx_word' id='word_1_271' title='bbox 540 2181 607 2225; x_wconf 90' lang='lat' dir='ltr'>non</span> <span class='ocrx_word' id='word_1_272' title='bbox 629 2159 765 2228; x_wconf 92' lang='lat' dir='ltr'>dubium</span> <span class='ocrx_word' id='word_1_273' title='bbox 787 2172 837 2228; x_wconf 91' lang='lat' dir='ltr'>est</span> <span class='ocrx_word' id='word_1_274' title='bbox 859 2161 938 2244; x_wconf 91' lang='lat' dir='ltr'>quin</span> <span class='ocrx_word' id='word_1_275' title='bbox 961 2161 1042 2229; x_wconf 90' lang='lat' dir='ltr'>fides</span> <span class='ocrx_word' id='word_1_276' title='bbox 1062 2162 1149 2228; x_wconf 88' lang='lat' dir='ltr'>inter</span> <span class='ocrx_word' id='word_1_277' title='bbox 1171 2163 1234 2228; x_wconf 90' lang='lat' dir='ltr'>ista</span> <span class='ocrx_word' id='word_1_278' title='bbox 1255 2163 1356 2246; x_wconf 91' lang='lat' dir='ltr'>impe·</span> <span class='ocrx_word' id='word_1_279' title='bbox 1407 2161 1503 2243; x_wconf 92' lang='lat' dir='ltr'>pulo,</span> <span class='ocrx_word' id='word_1_280' title='bbox 1533 2182 1630 2244; x_wconf 92' lang='lat' dir='ltr'>quem</span> <span class='ocrx_word' id='word_1_281' title='bbox 1652 2159 1751 2227; x_wconf 87' lang='lat' dir='ltr'>exitio</span> <span class='ocrx_word' id='word_1_282' title='bbox 1772 2160 1931 2227; x_wconf 83' lang='lat' dir='ltr'>devovere</span> <span class='ocrx_word' id='word_1_283' title='bbox 1952 2160 2084 2244; x_wconf 88' lang='lat' dir='ltr'>optabat</span> <span class='ocrx_word' id='word_1_284' title='bbox 2108 2157 2211 2245; x_wconf 92' lang='lat' dir='ltr'>(Num</span> <span class='ocrx_word' id='word_1_285' title='bbox 2232 2160 2369 2248; x_wconf 78' lang='lat'><strong>22‚12):</strong></span> <span class='ocrx_word' id='word_1_286' title='bbox 2459 2195 2462 2206; x_wconf 95' lang='lat'><em>·</em></span> 
     </span>
    </p>
   </div>
   <div class='ocr_carea' id='block_1_4' title="bbox 384 2243 2372 3016">
    <p class='ocr_par' dir='ltr' id='par_1_4' title="bbox 385 2243 2372 2930">
     <span class='ocr_line' id='line_1_21' title="bbox 387 2243 2372 2330; baseline 0.002 -21"><span class='ocrx_word' id='word_1_287' title='bbox 387 2243 533 2310; x_wconf 84' lang='lat' dir='ltr'>dimonte</span> <span class='ocrx_word' id='word_1_288' title='bbox 565 2246 762 2312; x_wconf 84' lang='lat' dir='ltr'>excelluerit.</span> <span class='ocrx_word' id='word_1_289' title='bbox 818 2245 906 2329; x_wconf 93' lang='lat' dir='ltr'>Quid</span> <span class='ocrx_word' id='word_1_290' title='bbox 938 2249 1026 2312; x_wconf 91' lang='lat' dir='ltr'>enirn</span> <span class='ocrx_word' id='word_1_291' title='bbox 1058 2248 1121 2312; x_wconf 84' lang='lat' dir='ltr'>luit</span> <span class='ocrx_word' id='word_1_292' title='bbox 1152 2269 1268 2315; x_wconf 89' lang='lat' dir='ltr'>causae</span> <span class='ocrx_word' id='word_1_293' title='bbox 1300 2269 1358 2315; x_wconf 90' lang='lat' dir='ltr'>eur</span> <span class='ocrx_word' id='word_1_294' title='bbox 1408 2253 1529 2329; x_wconf 88' lang='lat' dir='ltr'>quanto</span> <span class='ocrx_word' id='word_1_295' title='bbox 1550 2247 1716 2330; x_wconf 89' lang='lat' dir='ltr'>potentius</span> <span class='ocrx_word' id='word_1_296' title='bbox 1738 2245 1826 2312; x_wconf 90' lang='lat' dir='ltr'>idem</span> <span class='ocrx_word' id='word_1_297' title='bbox 1847 2246 1983 2329; x_wconf 88' lang='lat' dir='ltr'>spiritus</span> <span class='ocrx_word' id='word_1_298' title='bbox 2001 2246 2146 2330; x_wconf 84' lang='lat' dir='ltr'>linguam</span> <span class='ocrx_word' id='word_1_299' title='bbox 2164 2247 2269 2312; x_wconf 86' lang='lat' dir='ltr'>sancti</span> <span class='ocrx_word' id='word_1_300' title='bbox 2289 2247 2372 2314; x_wconf 84' lang='lat' dir='ltr'>Isaac</span> 
     </span>
     <span class='ocr_line' id='line_1_22' title="bbox 385 2329 2371 2417; baseline 0.003 -24"><span class='ocrx_word' id='word_1_301' title='bbox 385 2329 475 2395; x_wconf 88' lang='lat' dir='ltr'>nuda</span> <span class='ocrx_word' id='word_1_302' title='bbox 497 2341 530 2395; x_wconf 90' lang='lat' dir='ltr'>et</span> <span class='ocrx_word' id='word_1_303' title='bbox 552 2331 586 2396; x_wconf 90' lang='lat' dir='ltr'>in</span> <span class='ocrx_word' id='word_1_304' title='bbox 608 2332 748 2413; x_wconf 91' lang='lat' dir='ltr'>speciem</span> <span class='ocrx_word' id='word_1_305' title='bbox 778 2332 890 2397; x_wconf 90' lang='lat' dir='ltr'>inauie</span> <span class='ocrx_word' id='word_1_306' title='bbox 916 2333 1020 2416; x_wconf 89' lang='lat' dir='ltr'>patris</span> <span class='ocrx_word' id='word_1_307' title='bbox 1049 2341 1124 2398; x_wconf 84' lang='lat' dir='ltr'>vota</span> <span class='ocrx_word' id='word_1_308' title='bbox 1146 2333 1247 2417; x_wconf 89' lang='lat' dir='ltr'>quieti</span> <span class='ocrx_word' id='word_1_309' title='bbox 1268 2355 1356 2412; x_wconf 88' lang='lat' dir='ltr'>suae,</span> <span class='ocrx_word' id='word_1_310' title='bbox 1407 2331 1569 2410; x_wconf 90' lang='lat' dir='ltr'>flexisset,</span> <span class='ocrx_word' id='word_1_311' title='bbox 1598 2332 1653 2415; x_wconf 89' lang='lat' dir='ltr'>qui</span> <span class='ocrx_word' id='word_1_312' title='bbox 1683 2332 1903 2398; x_wconf 88' lang='lat' dir='ltr'>mercenarius</span> <span class='ocrx_word' id='word_1_313' title='bbox 1925 2352 1991 2396; x_wconf 92' lang='lat' dir='ltr'>nou</span> <span class='ocrx_word' id='word_1_314' title='bbox 2020 2338 2090 2397; x_wconf 89' lang='lat' dir='ltr'>eret</span> <span class='ocrx_word' id='word_1_315' title='bbox 2116 2331 2291 2414; x_wconf 89' lang='lat' dir='ltr'>prophete,</span> <span class='ocrx_word' id='word_1_316' title='bbox 2322 2330 2371 2399; x_wconf 85' lang='lat' dir='ltr'>sed</span> 
     </span>
     <span class='ocr_line' id='line_1_23' title="bbox 385 2416 2372 2503; baseline 0.002 -23"><span class='ocrx_word' id='word_1_317' title='bbox 385 2437 451 2498; x_wconf 90' lang='lat' dir='ltr'>qua</span> <span class='ocrx_word' id='word_1_318' title='bbox 472 2429 551 2482; x_wconf 87' lang='lat' dir='ltr'>tunc</span> <span class='ocrx_word' id='word_1_319' title='bbox 572 2417 765 2498; x_wconf 89' lang='lat' dir='ltr'>potiebatur,</span> <span class='ocrx_word' id='word_1_320' title='bbox 788 2417 972 2484; x_wconf 87' lang='lat' dir='ltr'>domesticis</span> <span class='ocrx_word' id='word_1_321' title='bbox 994 2418 1180 2498; x_wconf 89' lang='lat' dir='ltr'>commodis,</span> <span class='ocrx_word' id='word_1_322' title='bbox 1205 2420 1357 2503; x_wconf 88' lang='lat' dir='ltr'>propriae</span> <span class='ocrx_word' id='word_1_323' title='bbox 1408 2418 1479 2482; x_wconf 90' lang='lat' dir='ltr'>Deo</span> <span class='ocrx_word' id='word_1_324' title='bbox 1512 2416 1651 2483; x_wconf 87' lang='lat' dir='ltr'>fideliter</span> <span class='ocrx_word' id='word_1_325' title='bbox 1683 2417 1816 2500; x_wconf 89' lang='lat' dir='ltr'>obsequi</span> <span class='ocrx_word' id='word_1_326' title='bbox 1849 2417 1999 2500; x_wconf 88' lang='lat' dir='ltr'>cupiens,</span> <span class='ocrx_word' id='word_1_327' title='bbox 2038 2425 2167 2482; x_wconf 90' lang='lat' dir='ltr'>tantum</span> <span class='ocrx_word' id='word_1_328' title='bbox 2201 2439 2313 2483; x_wconf 90' lang='lat' dir='ltr'>errore</span> <span class='ocrx_word' id='word_1_329' title='bbox 2340 2419 2372 2483; x_wconf 91' lang='lat' dir='ltr'>in</span> 
     </span>
     <span class='ocr_line' id='line_1_24' title="bbox 386 2499 2371 2588; baseline 0.002 -23"><span class='ocrx_word' id='word_1_330' title='bbox 386 2500 526 2584; x_wconf 91' lang='lat' dir='ltr'>denique</span> <span class='ocrx_word' id='word_1_331' title='bbox 559 2503 647 2567; x_wconf 86' lang='lat' dir='ltr'>vitae</span> <span class='ocrx_word' id='word_1_332' title='bbox 679 2501 882 2585; x_wconf 83' lang='lat' dir='ltr'>praeferret?</span> <span class='ocrx_word' id='word_1_333' title='bbox 916 2499 1105 2571; x_wconf 84' lang='lat' dir='ltr'>Secundum</span> <span class='ocrx_word' id='word_1_334' title='bbox 1138 2525 1272 2571; x_wconf 90' lang='lat' dir='ltr'>carnem</span> <span class='ocrx_word' id='word_1_335' title='bbox 1304 2525 1357 2572; x_wconf 87' lang='lat' dir='ltr'>res</span> <span class='ocrx_word' id='word_1_336' title='bbox 1408 2503 1603 2569; x_wconf 86' lang='lat' dir='ltr'>contrariam</span> <span class='ocrx_word' id='word_1_337' title='bbox 1631 2512 1757 2586; x_wconf 84' lang='lat' dir='ltr'>partem</span> <span class='ocrx_word' id='word_1_338' title='bbox 1784 2501 1993 2586; x_wconf 84' lang='lat' dir='ltr'>repiebatur?</span> <span class='ocrx_word' id='word_1_339' title='bbox 2017 2500 2113 2584; x_wconf 89' lang='lat' dir='ltr'>Quen</span> <span class='ocrx_word' id='word_1_340' title='bbox 2136 2523 2214 2568; x_wconf 90' lang='lat' dir='ltr'>uum</span> <span class='ocrx_word' id='word_1_341' title='bbox 2241 2505 2371 2588; x_wconf 89' lang='lat' dir='ltr'>ergoiu</span> 
     </span>
     <span class='ocr_line' id='line_1_25' title="bbox 385 2523 2371 2673; baseline 0.002 -23"><span class='ocrx_word' id='word_1_342' title='bbox 385 2587 581 2671; x_wconf 86' lang='lat' dir='ltr'>imaginarie</span> <span class='ocrx_word' id='word_1_343' title='bbox 599 2599 668 2653; x_wconf 90' lang='lat' dir='ltr'>erat</span> <span class='ocrx_word' id='word_1_344' title='bbox 685 2589 787 2672; x_wconf 88' lang='lat' dir='ltr'>petris</span> <span class='ocrx_word' id='word_1_345' title='bbox 805 2587 997 2669; x_wconf 91' lang='lat' dir='ltr'>benedictio,</span> <span class='ocrx_word' id='word_1_346' title='bbox 1020 2591 1113 2656; x_wconf 91' lang='lat' dir='ltr'>ouius</span> <span class='ocrx_word' id='word_1_347' title='bbox 1131 2597 1197 2655; x_wconf 90' lang='lat' dir='ltr'>tam</span> <span class='ocrx_word' id='word_1_348' title='bbox 1219 2589 1357 2673; x_wconf 89' lang='lat' dir='ltr'>cupidus</span> <span class='ocrx_word' id='word_1_349' title='bbox 1408 2609 1536 2654; x_wconf 90' lang='lat' dir='ltr'>summa</span> <span class='ocrx_word' id='word_1_350' title='bbox 1558 2588 1605 2654; x_wconf 93' lang='lat' dir='ltr'>rei</span> <span class='ocrx_word' id='word_1_351' title='bbox 1628 2588 1707 2654; x_wconf 86' lang='lat' dir='ltr'>fides</span> <span class='ocrx_word' id='word_1_352' title='bbox 1729 2587 1894 2670; x_wconf 87' lang='lat' dir='ltr'>praeluxit</span> <span class='ocrx_word' id='word_1_353' title='bbox 1915 2596 2028 2654; x_wconf 89' lang='lat' dir='ltr'>sancto</span> <span class='ocrx_word' id='word_1_354' title='bbox 2045 2523 2151 2666; x_wconf 80' lang='lat' dir='ltr'>Iacob,</span> <span class='ocrx_word' id='word_1_355' title='bbox 2186 2587 2247 2655; x_wconf 87' lang='lat' dir='ltr'>bac</span> <span class='ocrx_word' id='word_1_356' title='bbox 2269 2599 2371 2655; x_wconf 91' lang='lat' dir='ltr'>tamen</span> 
     </span>
     <span class='ocr_line' id='line_1_26' title="bbox 385 2672 2372 2759; baseline 0.002 -23"><span class='ocrx_word' id='word_1_357' title='bbox 385 2672 457 2749; x_wconf 83' lang='lat' dir='ltr'>fuit,</span> <span class='ocrx_word' id='word_1_358' title='bbox 480 2679 517 2738; x_wconf 90' lang='lat' dir='ltr'>ut</span> <span class='ocrx_word' id='word_1_359' title='bbox 537 2672 643 2740; x_wconf 73' lang='lat' dir='ltr'>eciem</span> <span class='ocrx_word' id='word_1_360' title='bbox 664 2685 697 2738; x_wconf 90' lang='lat' dir='ltr'>et</span> <span class='ocrx_word' id='word_1_361' title='bbox 718 2675 831 2740; x_wconf 85' lang='lat' dir='ltr'>volens</span> <span class='ocrx_word' id='word_1_362' title='bbox 852 2696 887 2740; x_wconf 91' lang='lat' dir='ltr'>se</span> <span class='ocrx_word' id='word_1_363' title='bbox 909 2675 1080 2759; x_wconf 83' lang='lat' dir='ltr'>proliceret</span> <span class='ocrx_word' id='word_1_364' title='bbox 1097 2676 1133 2740; x_wconf 90' lang='lat' dir='ltr'>iu</span> <span class='ocrx_word' id='word_1_365' title='bbox 1151 2696 1270 2759; x_wconf 84' lang='lat' dir='ltr'>magna</span> <span class='ocrx_word' id='word_1_366' title='bbox 1291 2675 1356 2741; x_wconf 88' lang='lat' dir='ltr'>dis·</span> <span class='ocrx_word' id='word_1_367' title='bbox 1407 2674 1444 2738; x_wconf 94' lang='lat' dir='ltr'>in</span> <span class='ocrx_word' id='word_1_368' title='bbox 1465 2685 1560 2756; x_wconf 90' lang='lat' dir='ltr'>parte</span> <span class='ocrx_word' id='word_1_369' title='bbox 1581 2673 1774 2739; x_wconf 89' lang='lat' dir='ltr'>temeritatis</span> <span class='ocrx_word' id='word_1_370' title='bbox 1796 2673 1925 2755; x_wconf 87' lang='lat' dir='ltr'>culpam</span> <span class='ocrx_word' id='word_1_371' title='bbox 1947 2673 2096 2752; x_wconf 89' lang='lat' dir='ltr'>sustinet,</span> <span class='ocrx_word' id='word_1_372' title='bbox 2118 2673 2204 2757; x_wconf 92' lang='lat' dir='ltr'>quod</span> <span class='ocrx_word' id='word_1_373' title='bbox 2223 2676 2288 2740; x_wconf 90' lang='lat' dir='ltr'>Dei</span> <span class='ocrx_word' id='word_1_374' title='bbox 2311 2697 2372 2758; x_wconf 83' lang='lat' dir='ltr'>pro</span> 
     </span>
     <span class='ocr_line' id='line_1_27' title="bbox 386 2755 2369 2844; baseline 0.001 -21"><span class='ocrx_word' id='word_1_375' title='bbox 386 2758 533 2824; x_wconf 89' lang='lat' dir='ltr'>crimina.</span> <span class='ocrx_word' id='word_1_376' title='bbox 568 2756 734 2840; x_wconf 77' lang='lat' dir='ltr'>Quorsum</span> <span class='ocrx_word' id='word_1_377' title='bbox 753 2759 823 2836; x_wconf 90' lang='lat' dir='ltr'>boc,</span> <span class='ocrx_word' id='word_1_378' title='bbox 842 2761 906 2825; x_wconf 91' lang='lat' dir='ltr'>nisi</span> <span class='ocrx_word' id='word_1_379' title='bbox 924 2761 1000 2844; x_wconf 86' lang='lat' dir='ltr'>quia</span> <span class='ocrx_word' id='word_1_380' title='bbox 1017 2760 1157 2844; x_wconf 90' lang='lat' dir='ltr'>simplici</span> <span class='ocrx_word' id='word_1_381' title='bbox 1175 2761 1239 2827; x_wconf 91' lang='lat' dir='ltr'>Dei</span> <span class='ocrx_word' id='word_1_382' title='bbox 1257 2762 1357 2827; x_wconf 87' lang='lat' dir='ltr'>verbo</span> <span class='ocrx_word' id='word_1_383' title='bbox 1408 2757 1571 2824; x_wconf 88' lang='lat' dir='ltr'>videntiae</span> <span class='ocrx_word' id='word_1_384' title='bbox 1588 2758 1748 2838; x_wconf 88' lang='lat' dir='ltr'>diffidens,</span> <span class='ocrx_word' id='word_1_385' title='bbox 1766 2755 1807 2823; x_wconf 90' lang='lat' dir='ltr'>ad</span> <span class='ocrx_word' id='word_1_386' title='bbox 1824 2757 2079 2825; x_wconf 88' lang='lat' dir='ltr'>benedictionem</span> <span class='ocrx_word' id='word_1_387' title='bbox 2098 2759 2201 2842; x_wconf 88' lang='lat' dir='ltr'>petris</span> <span class='ocrx_word' id='word_1_388' title='bbox 2220 2781 2369 2844; x_wconf 91' lang='lat' dir='ltr'>occupau-</span> 
     </span>
     <span class='ocr_line' id='line_1_28' title="bbox 385 2842 1792 2930; baseline 0 -21"><span class='ocrx_word' id='word_1_389' title='bbox 385 2842 484 2909; x_wconf 89' lang='lat' dir='ltr'>fidem</span> <span class='ocrx_word' id='word_1_390' title='bbox 502 2843 670 2924; x_wconf 89' lang='lat' dir='ltr'>adhibens,</span> <span class='ocrx_word' id='word_1_391' title='bbox 693 2865 785 2928; x_wconf 90' lang='lat' dir='ltr'>spem</span> <span class='ocrx_word' id='word_1_392' title='bbox 804 2844 1024 2912; x_wconf 81' lang='lat' dir='ltr'>absconditam</span> <span class='ocrx_word' id='word_1_393' title='bbox 1041 2846 1147 2930; x_wconf 88' lang='lat' dir='ltr'>pluris</span> <span class='ocrx_word' id='word_1_394' title='bbox 1164 2845 1242 2913; x_wconf 85' lang='lat' dir='ltr'>feeit</span> <span class='ocrx_word' id='word_1_395' title='bbox 1259 2868 1356 2930; x_wconf 90' lang='lat' dir='ltr'>quam</span> <span class='ocrx_word' id='word_1_396' title='bbox 1408 2843 1484 2911; x_wconf 89' lang='lat' dir='ltr'>darn</span> <span class='ocrx_word' id='word_1_397' title='bbox 1506 2844 1619 2910; x_wconf 81' lang='lat' dir='ltr'>fraude</span> <span class='ocrx_word' id='word_1_398' title='bbox 1640 2844 1792 2927; x_wconf 87' lang='lat' dir='ltr'>obrepsit.</span> 
     </span>
    </p>

    <p class='ocr_par' dir='ltr' id='par_1_5' title="bbox 384 2928 2371 3016">
     <span class='ocr_line' id='line_1_29' title="bbox 384 2928 2371 3016; baseline 0 -22"><span class='ocrx_word' id='word_1_399' title='bbox 384 2928 559 3012; x_wconf 89' lang='lat' dir='ltr'>optabilem</span> <span class='ocrx_word' id='word_1_400' title='bbox 586 2938 708 2995; x_wconf 90' lang='lat' dir='ltr'>statum</span> <span class='ocrx_word' id='word_1_401' title='bbox 738 2952 800 3015; x_wconf 91' lang='lat' dir='ltr'>quo</span> <span class='ocrx_word' id='word_1_402' title='bbox 829 2930 1020 2997; x_wconf 82' lang='lat' dir='ltr'>fruebatur?</span> <span class='ocrx_word' id='word_1_403' title='bbox 1049 2930 1144 2998; x_wconf 85' lang='lat' dir='ltr'>Adde</span> <span class='ocrx_word' id='word_1_404' title='bbox 1171 2932 1257 3016; x_wconf 90' lang='lat' dir='ltr'>quod</span> <span class='ocrx_word' id='word_1_405' title='bbox 1288 2934 1356 2998; x_wconf 91' lang='lat' dir='ltr'>irae</span> <span class='ocrx_word' id='word_1_406' title='bbox 1496 2930 1545 2996; x_wconf 84' lang='lat'>19.</span> <span class='ocrx_word' id='word_1_407' title='bbox 1575 2929 1643 3015; x_wconf 79' lang='lat' dir='ltr'>Ego</span> <span class='ocrx_word' id='word_1_408' title='bbox 1670 2950 1741 2997; x_wconf 83' lang='lat' dir='ltr'>sum</span> <span class='ocrx_word' id='word_1_409' title='bbox 1763 2929 1866 2996; x_wconf 82' lang='lat' dir='ltr'>Esou.</span> <span class='ocrx_word' id='word_1_410' title='bbox 1910 2929 2010 2996; x_wconf 89' lang='lat' dir='ltr'>Prius</span> <span class='ocrx_word' id='word_1_411' title='bbox 2038 2928 2172 2996; x_wconf 89' lang='lat' dir='ltr'>timidus</span> <span class='ocrx_word' id='word_1_412' title='bbox 2201 2939 2236 2996; x_wconf 90' lang='lat' dir='ltr'>et</span> <span class='ocrx_word' id='word_1_413' title='bbox 2264 2931 2371 2996; x_wconf 89' lang='lat' dir='ltr'>anxius</span> 
     </span>
    </p>
   </div>
   <div class='ocr_carea' id='block_1_5' title="bbox 384 3014 2463 3099">
    <p class='ocr_par' dir='ltr' id='par_1_6' title="bbox 384 3014 2463 3099">
     <span class='ocr_line' id='line_1_30' title="bbox 384 3014 2463 3099; baseline 0.001 -20"><span class='ocrx_word' id='word_1_414' title='bbox 384 3031 541 3099; x_wconf 83' lang='lat' dir='ltr'>paternae</span> <span class='ocrx_word' id='word_1_415' title='bbox 563 3025 669 3083; x_wconf 90' lang='lat' dir='ltr'>metus</span> <span class='ocrx_word' id='word_1_416' title='bbox 693 3037 735 3080; x_wconf 89' lang='lat' dir='ltr'>ex</span> <span class='ocrx_word' id='word_1_417' title='bbox 759 3037 836 3082; x_wconf 83' lang='lat' dir='ltr'>vero</span> <span class='ocrx_word' id='word_1_418' title='bbox 859 3015 924 3082; x_wconf 90' lang='lat' dir='ltr'>Dei</span> <span class='ocrx_word' id='word_1_419' title='bbox 946 3018 1062 3084; x_wconf 89' lang='lat' dir='ltr'>timore</span> <span class='ocrx_word' id='word_1_420' title='bbox 1084 3017 1256 3084; x_wconf 86' lang='lat' dir='ltr'>oriebatur.</span> <span class='ocrx_word' id='word_1_421' title='bbox 1288 3017 1355 3084; x_wconf 81' lang='lat' dir='ltr'>Ve-</span> <span class='ocrx_word' id='word_1_422' title='bbox 1409 3022 1479 3081; x_wconf 87' lang='lat' dir='ltr'>eret</span> <span class='ocrx_word' id='word_1_423' title='bbox 1499 3014 1614 3082; x_wconf 89' lang='lat' dir='ltr'>Iacob:</span> <span class='ocrx_word' id='word_1_424' title='bbox 1642 3037 1730 3082; x_wconf 92' lang='lat' dir='ltr'>nunc</span> <span class='ocrx_word' id='word_1_425' title='bbox 1757 3014 1903 3098; x_wconf 89' lang='lat' dir='ltr'>deposito</span> <span class='ocrx_word' id='word_1_426' title='bbox 1925 3024 2015 3081; x_wconf 88' lang='lat' dir='ltr'>metu</span> <span class='ocrx_word' id='word_1_427' title='bbox 2037 3015 2192 3082; x_wconf 85' lang='lat' dir='ltr'>audacter</span> <span class='ocrx_word' id='word_1_428' title='bbox 2214 3027 2248 3082; x_wconf 91' lang='lat' dir='ltr'>et</span> <span class='ocrx_word' id='word_1_429' title='bbox 2269 3037 2372 3082; x_wconf 87' lang='lat' dir='ltr'>secure</span> <span class='ocrx_word' id='word_1_430' title='bbox 2462 3019 2463 3042; x_wconf 72' lang='lat'>³</span> 
     </span>
    </p>
   </div>
   <div class='ocr_carea' id='block_1_6' title="bbox 384 3098 2373 4041">
    <p class='ocr_par' dir='ltr' id='par_1_7' title="bbox 384 3098 2372 3699">
     <span class='ocr_line' id='line_1_31' title="bbox 384 3098 2371 3187; baseline 0 -22"><span class='ocrx_word' id='word_1_431' title='bbox 384 3101 449 3165; x_wconf 89' lang='lat' dir='ltr'>reri</span> <span class='ocrx_word' id='word_1_432' title='bbox 471 3122 506 3166; x_wconf 92' lang='lat' dir='ltr'>se</span> <span class='ocrx_word' id='word_1_433' title='bbox 528 3100 606 3167; x_wconf 88' lang='lat' dir='ltr'>dicit</span> <span class='ocrx_word' id='word_1_434' title='bbox 626 3123 667 3166; x_wconf 89' lang='lat' dir='ltr'>ne</span> <span class='ocrx_word' id='word_1_435' title='bbox 688 3103 751 3167; x_wconf 92' lang='lat' dir='ltr'>sibi</span> <span class='ocrx_word' id='word_1_436' title='bbox 772 3102 1032 3169; x_wconf 86' lang='lat' dir='ltr'>meledictionem</span> <span class='ocrx_word' id='word_1_437' title='bbox 1055 3111 1208 3172; x_wconf 88' lang='lat' dir='ltr'>accersat.</span> <span class='ocrx_word' id='word_1_438' title='bbox 1253 3103 1356 3187; x_wconf 85' lang='lat' dir='ltr'>Atqui</span> <span class='ocrx_word' id='word_1_439' title='bbox 1408 3101 1576 3167; x_wconf 89' lang='lat' dir='ltr'>mentitur.</span> <span class='ocrx_word' id='word_1_440' title='bbox 1620 3099 1696 3183; x_wconf 89' lang='lat' dir='ltr'>Quo</span> <span class='ocrx_word' id='word_1_441' title='bbox 1723 3101 1871 3184; x_wconf 90' lang='lat' dir='ltr'>exemplo</span> <span class='ocrx_word' id='word_1_442' title='bbox 1899 3098 2067 3180; x_wconf 89' lang='lat' dir='ltr'>docemur,</span> <span class='ocrx_word' id='word_1_443' title='bbox 2101 3102 2156 3168; x_wconf 93' lang='lat' dir='ltr'>ubi</span> <span class='ocrx_word' id='word_1_444' title='bbox 2185 3102 2259 3185; x_wconf 91' lang='lat' dir='ltr'>quis</span> <span class='ocrx_word' id='word_1_445' title='bbox 2280 3099 2371 3166; x_wconf 86' lang='lat' dir='ltr'>semel</span> 
     </span>
     <span class='ocr_line' id='line_1_32' title="bbox 385 3185 2371 3272; baseline 0.002 -22"><span class='ocrx_word' id='word_1_446' title='bbox 385 3207 453 3251; x_wconf 90' lang='lat' dir='ltr'>non</span> <span class='ocrx_word' id='word_1_447' title='bbox 483 3195 652 3271; x_wconf 88' lang='lat' dir='ltr'>tantopere</span> <span class='ocrx_word' id='word_1_448' title='bbox 681 3209 700 3252; x_wconf 88' lang='lat' dir='ltr'>a</span> <span class='ocrx_word' id='word_1_449' title='bbox 727 3189 852 3254; x_wconf 86' lang='lat' dir='ltr'>verbali</span> <span class='ocrx_word' id='word_1_450' title='bbox 879 3189 1100 3272; x_wconf 90' lang='lat' dir='ltr'>increpatione</span> <span class='ocrx_word' id='word_1_451' title='bbox 1126 3188 1186 3255; x_wconf 90' lang='lat' dir='ltr'>sibi</span> <span class='ocrx_word' id='word_1_452' title='bbox 1215 3190 1355 3270; x_wconf 90' lang='lat' dir='ltr'>timeret,</span> <span class='ocrx_word' id='word_1_453' title='bbox 1407 3185 1571 3271; x_wconf 85' lang='lat' dir='ltr'>legitimos</span> <span class='ocrx_word' id='word_1_454' title='bbox 1591 3186 1689 3253; x_wconf 90' lang='lat' dir='ltr'>officii</span> <span class='ocrx_word' id='word_1_455' title='bbox 1710 3187 1793 3252; x_wconf 87' lang='lat' dir='ltr'>fines</span> <span class='ocrx_word' id='word_1_456' title='bbox 1813 3195 2037 3271; x_wconf 85' lang='lat' dir='ltr'>transgressus</span> <span class='ocrx_word' id='word_1_457' title='bbox 2060 3197 2126 3265; x_wconf 89' lang='lat' dir='ltr'>est,</span> <span class='ocrx_word' id='word_1_458' title='bbox 2160 3186 2289 3253; x_wconf 92' lang='lat' dir='ltr'>nullum</span> <span class='ocrx_word' id='word_1_459' title='bbox 2309 3207 2371 3253; x_wconf 87' lang='lat' dir='ltr'>esee</span> 
     </span>
     <span class='ocr_line' id='line_1_33' title="bbox 386 3271 2371 3372; baseline 0 -36"><span class='ocrx_word' id='word_1_460' title='bbox 386 3272 449 3337; x_wconf 89' lang='lat' dir='ltr'>nisi</span> <span class='ocrx_word' id='word_1_461' title='bbox 467 3273 570 3354; x_wconf 91' lang='lat' dir='ltr'>pluris</span> <span class='ocrx_word' id='word_1_462' title='bbox 586 3273 707 3339; x_wconf 87' lang='lat' dir='ltr'>feceret</span> <span class='ocrx_word' id='word_1_463' title='bbox 727 3272 905 3357; x_wconf 89' lang='lat' dir='ltr'>depositam</span> <span class='ocrx_word' id='word_1_464' title='bbox 924 3275 958 3340; x_wconf 92' lang='lat' dir='ltr'>in</span> <span class='ocrx_word' id='word_1_465' title='bbox 976 3296 1076 3340; x_wconf 88' lang='lat' dir='ltr'>manu</span> <span class='ocrx_word' id='word_1_466' title='bbox 1094 3275 1195 3359; x_wconf 87' lang='lat' dir='ltr'>patris</span> <span class='ocrx_word' id='word_1_467' title='bbox 1214 3276 1355 3360; x_wconf 88' lang='lat' dir='ltr'>gretiam</span> <span class='ocrx_word' id='word_1_468' title='bbox 1407 3271 1558 3339; x_wconf 89' lang='lat' dir='ltr'>licentiae</span> <span class='ocrx_word' id='word_1_469' title='bbox 1586 3271 1728 3339; x_wconf 89' lang='lat' dir='ltr'>modum.</span> <span class='ocrx_word' id='word_1_470' title='bbox 1773 3271 1883 3352; x_wconf 80' lang='lat' dir='ltr'>Quare</span> <span class='ocrx_word' id='word_1_471' title='bbox 1912 3272 1997 3337; x_wconf 93' lang='lat' dir='ltr'>nibil</span> <span class='ocrx_word' id='word_1_472' title='bbox 2018 3271 2135 3340; x_wconf 88' lang='lat' dir='ltr'>melius</span> <span class='ocrx_word' id='word_1_473' title='bbox 2164 3293 2265 3372; x_wconf 81' lang='lat' dir='ltr'>quarn</span> <span class='ocrx_word' id='word_1_474' title='bbox 2287 3283 2322 3337; x_wconf 91' lang='lat' dir='ltr'>ut</span> <span class='ocrx_word' id='word_1_475' title='bbox 2341 3293 2371 3336; x_wconf 89' lang='lat' dir='ltr'>se</span> 
     </span>
     <span class='ocr_line' id='line_1_34' title="bbox 386 3357 2371 3445; baseline 0 -24"><span class='ocrx_word' id='word_1_476' title='bbox 386 3378 483 3441; x_wconf 91' lang='lat' dir='ltr'>quam</span> <span class='ocrx_word' id='word_1_477' title='bbox 513 3358 602 3424; x_wconf 91' lang='lat' dir='ltr'>mille</span> <span class='ocrx_word' id='word_1_478' title='bbox 630 3358 725 3423; x_wconf 84' lang='lat' dir='ltr'>vitas.</span> <span class='ocrx_word' id='word_1_479' title='bbox 777 3360 840 3425; x_wconf 91' lang='lat' dir='ltr'>Dei</span> <span class='ocrx_word' id='word_1_480' title='bbox 869 3381 947 3444; x_wconf 87' lang='lat' dir='ltr'>ergo</span> <span class='ocrx_word' id='word_1_481' title='bbox 975 3362 1098 3426; x_wconf 89' lang='lat' dir='ltr'>intuitu</span> <span class='ocrx_word' id='word_1_482' title='bbox 1124 3369 1267 3444; x_wconf 88' lang='lat' dir='ltr'>patrem,</span> <span class='ocrx_word' id='word_1_483' title='bbox 1300 3360 1356 3445; x_wconf 90' lang='lat' dir='ltr'>qui</span> <span class='ocrx_word' id='word_1_484' title='bbox 1407 3357 1542 3442; x_wconf 88' lang='lat' dir='ltr'>quisque</span> <span class='ocrx_word' id='word_1_485' title='bbox 1584 3357 1753 3423; x_wconf 88' lang='lat' dir='ltr'>contineat</span> <span class='ocrx_word' id='word_1_486' title='bbox 1789 3358 1878 3423; x_wconf 89' lang='lat' dir='ltr'>intra</span> <span class='ocrx_word' id='word_1_487' title='bbox 1919 3357 2080 3424; x_wconf 86' lang='lat' dir='ltr'>cancellos</span> <span class='ocrx_word' id='word_1_488' title='bbox 2117 3359 2180 3424; x_wconf 81' lang='lat' dir='ltr'>sibu</span> <span class='ocrx_word' id='word_1_489' title='bbox 2222 3357 2371 3426; x_wconf 82' lang='lat' dir='ltr'>divinitus</span> 
     </span>
     <span class='ocr_line' id='line_1_35' title="bbox 385 3431 2370 3596; baseline -0.001 -88"><span class='ocrx_word' id='word_1_490' title='bbox 385 3443 475 3508; x_wconf 88' lang='lat' dir='ltr'>illius</span> <span class='ocrx_word' id='word_1_491' title='bbox 504 3444 653 3510; x_wconf 89' lang='lat' dir='ltr'>minister</span> <span class='ocrx_word' id='word_1_492' title='bbox 681 3453 766 3522; x_wconf 88' lang='lat' dir='ltr'>eret,</span> <span class='ocrx_word' id='word_1_493' title='bbox 796 3445 914 3511; x_wconf 89' lang='lat' dir='ltr'>timuit.</span> <span class='ocrx_word' id='word_1_494' title='bbox 958 3446 1044 3511; x_wconf 87' lang='lat' dir='ltr'>Nem</span> <span class='ocrx_word' id='word_1_495' title='bbox 1072 3468 1172 3531; x_wconf 90' lang='lat' dir='ltr'>quum</span> <span class='ocrx_word' id='word_1_496' title='bbox 1193 3446 1357 3513; x_wconf 88' lang='lat' dir='ltr'>Dominus</span> <span class='ocrx_word' id='word_1_497' title='bbox 1406 3444 1631 3596; x_wconf 68' lang='lat' dir='ltr'>qsrraeseriptos,</span> <span class='ocrx_word' id='word_1_498' title='bbox 1651 3465 1710 3510; x_wconf 92' lang='lat' dir='ltr'>neo</span> <span class='ocrx_word' id='word_1_499' title='bbox 1728 3443 1802 3527; x_wconf 88' lang='lat' dir='ltr'>plus</span> <span class='ocrx_word' id='word_1_500' title='bbox 1819 3443 1975 3508; x_wconf 73' lang='lat' dir='ltr'>tenmndo</span> <span class='ocrx_word' id='word_1_501' title='bbox 1993 3464 2090 3527; x_wconf 86' lang='lat' dir='ltr'>quam</span> <span class='ocrx_word' id='word_1_502' title='bbox 2109 3443 2230 3522; x_wconf 83' lang='lat' dir='ltr'>ineest,</span> <span class='ocrx_word' id='word_1_503' title='bbox 2249 3431 2370 3509; x_wconf 80' lang='lat' dir='ltr'>ianuam</span> 
     </span>
     <span class='ocr_line' id='line_1_36' title="bbox 386 3526 1357 3615; baseline 0.005 -21"><span class='ocrx_word' id='word_1_504' title='bbox 386 3526 497 3595; x_wconf 88' lang='lat' dir='ltr'>videet</span> <span class='ocrx_word' id='word_1_505' title='bbox 524 3550 584 3594; x_wconf 92' lang='lat' dir='ltr'>nos</span> <span class='ocrx_word' id='word_1_506' title='bbox 605 3529 640 3594; x_wconf 93' lang='lat' dir='ltr'>in</span> <span class='ocrx_word' id='word_1_507' title='bbox 669 3539 757 3594; x_wconf 89' lang='lat' dir='ltr'>terre</span> <span class='ocrx_word' id='word_1_508' title='bbox 783 3542 928 3614; x_wconf 88' lang='lat' dir='ltr'>reptare,</span> <span class='ocrx_word' id='word_1_509' title='bbox 955 3553 1013 3615; x_wconf 92' lang='lat' dir='ltr'>per</span> <span class='ocrx_word' id='word_1_510' title='bbox 1043 3531 1211 3599; x_wconf 89' lang='lat' dir='ltr'>bominum</span> <span class='ocrx_word' id='word_1_511' title='bbox 1240 3553 1357 3599; x_wconf 89' lang='lat' dir='ltr'>manus</span> 
     </span>
     <span class='ocr_line' id='line_1_37' title="bbox 387 3611 2372 3699; baseline 0 -21"><span class='ocrx_word' id='word_1_512' title='bbox 387 3635 447 3681; x_wconf 90' lang='lat' dir='ltr'>nos</span> <span class='ocrx_word' id='word_1_513' title='bbox 469 3612 510 3680; x_wconf 90' lang='lat' dir='ltr'>ed</span> <span class='ocrx_word' id='word_1_514' title='bbox 533 3637 567 3681; x_wconf 90' lang='lat' dir='ltr'>se</span> <span class='ocrx_word' id='word_1_515' title='bbox 591 3614 729 3682; x_wconf 86' lang='lat' dir='ltr'>deducit.</span> <span class='ocrx_word' id='word_1_516' title='bbox 1406 3635 1504 3699; x_wconf 89' lang='lat' dir='ltr'>seque</span> <span class='ocrx_word' id='word_1_517' title='bbox 1525 3614 1726 3680; x_wconf 89' lang='lat' dir='ltr'>mendaciter</span> <span class='ocrx_word' id='word_1_518' title='bbox 1746 3615 1906 3694; x_wconf 89' lang='lat' dir='ltr'>insinuat,</span> <span class='ocrx_word' id='word_1_519' title='bbox 1929 3615 2020 3698; x_wconf 87' lang='lat' dir='ltr'>prius</span> <span class='ocrx_word' id='word_1_520' title='bbox 2041 3611 2198 3680; x_wconf 86' lang='lat' dir='ltr'>admonui</span> <span class='ocrx_word' id='word_1_521' title='bbox 2218 3624 2372 3698; x_wconf 89' lang='lat' dir='ltr'>qnatenus</span> 
     </span>
    </p>

    <p class='ocr_par' dir='ltr' id='par_1_8' title="bbox 386 3699 2373 4041">
     <span class='ocr_line' id='line_1_38' title="bbox 473 3699 2370 3786; baseline 0 -22"><span class='ocrx_word' id='word_1_522' title='bbox 473 3699 524 3765; x_wconf 88' lang='lat'>13.</span> <span class='ocrx_word' id='word_1_523' title='bbox 549 3699 652 3783; x_wconf 81' lang='lat' dir='ltr'>Super</span> <span class='ocrx_word' id='word_1_524' title='bbox 667 3719 716 3765; x_wconf 86' lang='lat' dir='ltr'>me</span> <span class='ocrx_word' id='word_1_525' title='bbox 733 3699 956 3767; x_wconf 77' lang='lat' dir='ltr'>situralods&#39;ctio</span> <span class='ocrx_word' id='word_1_526' title='bbox 972 3707 1037 3781; x_wconf 84' lang='lat' dir='ltr'>tuo,</span> <span class='ocrx_word' id='word_1_527' title='bbox 1053 3700 1105 3784; x_wconf 77' lang='lat' dir='ltr'>fili</span> <span class='ocrx_word' id='word_1_528' title='bbox 1122 3703 1176 3769; x_wconf 87' lang='lat' dir='ltr'>mi.</span> <span class='ocrx_word' id='word_1_529' title='bbox 1210 3702 1357 3769; x_wconf 89' lang='lat' dir='ltr'>Rursum</span> <span class='ocrx_word' id='word_1_530' title='bbox 1406 3700 1441 3766; x_wconf 93' lang='lat' dir='ltr'>id</span> <span class='ocrx_word' id='word_1_531' title='bbox 1463 3720 1538 3768; x_wconf 90' lang='lat' dir='ltr'>cum</span> <span class='ocrx_word' id='word_1_532' title='bbox 1559 3699 1624 3766; x_wconf 90' lang='lat' dir='ltr'>fide</span> <span class='ocrx_word' id='word_1_533' title='bbox 1644 3709 1778 3786; x_wconf 77' lang='lat' dir='ltr'>pugnet.</span> <span class='ocrx_word' id='word_1_534' title='bbox 1822 3699 1937 3783; x_wconf 87' lang='lat' dir='ltr'>Neque</span> <span class='ocrx_word' id='word_1_535' title='bbox 1961 3701 2049 3766; x_wconf 87' lang='lat' dir='ltr'>cuim</span> <span class='ocrx_word' id='word_1_536' title='bbox 2071 3699 2199 3766; x_wconf 88' lang='lat' dir='ltr'>obstitit</span> <span class='ocrx_word' id='word_1_537' title='bbox 2220 3700 2282 3767; x_wconf 91' lang='lat' dir='ltr'>hoc</span> <span class='ocrx_word' id='word_1_538' title='bbox 2303 3720 2370 3784; x_wconf 88' lang='lat' dir='ltr'>par·</span> 
     </span>
     <span class='ocr_line' id='line_1_39' title="bbox 386 3783 2373 3871; baseline 0 -21"><span class='ocrx_word' id='word_1_539' title='bbox 386 3783 441 3851; x_wconf 91' lang='lat' dir='ltr'>bic</span> <span class='ocrx_word' id='word_1_540' title='bbox 462 3795 573 3869; x_wconf 90' lang='lat' dir='ltr'>peccet</span> <span class='ocrx_word' id='word_1_541' title='bbox 594 3787 758 3866; x_wconf 87' lang='lat' dir='ltr'>Rebecca,</span> <span class='ocrx_word' id='word_1_542' title='bbox 787 3785 874 3870; x_wconf 90' lang='lat' dir='ltr'>quod</span> <span class='ocrx_word' id='word_1_543' title='bbox 901 3788 947 3854; x_wconf 91' lang='lat' dir='ltr'>ita</span> <span class='ocrx_word' id='word_1_544' title='bbox 973 3788 1143 3871; x_wconf 90' lang='lat' dir='ltr'>praecipiti</span> <span class='ocrx_word' id='word_1_545' title='bbox 1164 3790 1232 3856; x_wconf 83' lang='lat' dir='ltr'>uelo</span> <span class='ocrx_word' id='word_1_546' title='bbox 1255 3788 1357 3868; x_wconf 90' lang='lat' dir='ltr'>ardet,</span> <span class='ocrx_word' id='word_1_547' title='bbox 1407 3785 1542 3852; x_wconf 72' lang='lat' dir='ltr'>boulara</span> <span class='ocrx_word' id='word_1_548' title='bbox 1565 3786 1681 3852; x_wconf 85' lang='lat' dir='ltr'>vitium</span> <span class='ocrx_word' id='word_1_549' title='bbox 1703 3795 1736 3850; x_wconf 91' lang='lat' dir='ltr'>et</span> <span class='ocrx_word' id='word_1_550' title='bbox 1757 3784 1895 3851; x_wconf 88' lang='lat' dir='ltr'>deflexio</span> <span class='ocrx_word' id='word_1_551' title='bbox 1917 3806 1937 3850; x_wconf 93' lang='lat' dir='ltr'>e</span> <span class='ocrx_word' id='word_1_552' title='bbox 1958 3794 2047 3852; x_wconf 90' lang='lat' dir='ltr'>recta</span> <span class='ocrx_word' id='word_1_553' title='bbox 2068 3786 2135 3865; x_wconf 86' lang='lat' dir='ltr'>via,</span> <span class='ocrx_word' id='word_1_554' title='bbox 2165 3788 2247 3871; x_wconf 91' lang='lat' dir='ltr'>quin</span> <span class='ocrx_word' id='word_1_555' title='bbox 2270 3796 2373 3851; x_wconf 70' lang='lat' dir='ltr'>minen</span> 
     </span>
     <span class='ocr_line' id='line_1_40' title="bbox 386 3870 2372 3956; baseline -0.001 -21"><span class='ocrx_word' id='word_1_556' title='bbox 386 3878 425 3936; x_wconf 90' lang='lat' dir='ltr'>ut</span> <span class='ocrx_word' id='word_1_557' title='bbox 447 3893 515 3937; x_wconf 92' lang='lat' dir='ltr'>non</span> <span class='ocrx_word' id='word_1_558' title='bbox 537 3872 717 3955; x_wconf 89' lang='lat' dir='ltr'>expendat,</span> <span class='ocrx_word' id='word_1_559' title='bbox 739 3870 811 3937; x_wconf 91' lang='lat' dir='ltr'>Deo</span> <span class='ocrx_word' id='word_1_560' title='bbox 840 3871 1016 3955; x_wconf 86' lang='lat' dir='ltr'>improbari</span> <span class='ocrx_word' id='word_1_561' title='bbox 1037 3873 1122 3956; x_wconf 90' lang='lat' dir='ltr'>quod</span> <span class='ocrx_word' id='word_1_562' title='bbox 1143 3876 1229 3940; x_wconf 87' lang='lat' dir='ltr'>male</span> <span class='ocrx_word' id='word_1_563' title='bbox 1252 3885 1357 3940; x_wconf 90' lang='lat' dir='ltr'>tenta·</span> <span class='ocrx_word' id='word_1_564' title='bbox 1406 3871 1488 3938; x_wconf 86' lang='lat' dir='ltr'>fides</span> <span class='ocrx_word' id='word_1_565' title='bbox 1511 3893 1555 3936; x_wconf 85' lang='lat' dir='ltr'>ex</span> <span class='ocrx_word' id='word_1_566' title='bbox 1580 3870 1711 3939; x_wconf 85' lang='lat' dir='ltr'>oraculo</span> <span class='ocrx_word' id='word_1_567' title='bbox 1739 3871 1839 3937; x_wconf 89' lang='lat' dir='ltr'>semel</span> <span class='ocrx_word' id='word_1_568' title='bbox 1868 3879 2025 3955; x_wconf 87' lang='lat' dir='ltr'>concepte</span> <span class='ocrx_word' id='word_1_569' title='bbox 2052 3891 2186 3937; x_wconf 89' lang='lat' dir='ltr'>cursum</span> <span class='ocrx_word' id='word_1_570' title='bbox 2214 3881 2372 3952; x_wconf 90' lang='lat' dir='ltr'>utcunque</span> 
     </span>
     <span class='ocr_line' id='line_1_41' title="bbox 386 3955 2373 4041; baseline 0.001 -21"><span class='ocrx_word' id='word_1_571' title='bbox 386 3965 457 4021; x_wconf 90' lang='lat' dir='ltr'>tum</span> <span class='ocrx_word' id='word_1_572' title='bbox 477 3958 691 4041; x_wconf 88' lang='lat' dir='ltr'>persequitur.</span> <span class='ocrx_word' id='word_1_573' title='bbox 727 3955 847 4023; x_wconf 83' lang='lat' dir='ltr'>Secura</span> <span class='ocrx_word' id='word_1_574' title='bbox 864 3957 1099 4024; x_wconf 87' lang='lat' dir='ltr'>maledictionis</span> <span class='ocrx_word' id='word_1_575' title='bbox 1118 3981 1253 4026; x_wconf 88' lang='lat' dir='ltr'>reamse</span> <span class='ocrx_word' id='word_1_576' title='bbox 1271 3961 1356 4026; x_wconf 85' lang='lat' dir='ltr'>facit.</span> <span class='ocrx_word' id='word_1_577' title='bbox 1407 3965 1542 4024; x_wconf 89' lang='lat' dir='ltr'>teneret.</span> <span class='ocrx_word' id='word_1_578' title='bbox 1587 3956 1685 4038; x_wconf 88' lang='lat' dir='ltr'>Quod</span> <span class='ocrx_word' id='word_1_579' title='bbox 1706 3955 1830 4022; x_wconf 90' lang='lat' dir='ltr'>reditus</span> <span class='ocrx_word' id='word_1_580' title='bbox 1852 3956 2052 4023; x_wconf 88' lang='lat' dir='ltr'>celeritatem</span> <span class='ocrx_word' id='word_1_581' title='bbox 2075 3977 2254 4035; x_wconf 86' lang='lat' dir='ltr'>excusans,</span> <span class='ocrx_word' id='word_1_582' title='bbox 2277 3959 2373 4022; x_wconf 83' lang='lat' dir='ltr'>feram</span> 
     </span>
    </p>
   </div>
   <div class='ocr_carea' id='block_1_7' title="bbox 387 4040 2461 4131">
    <p class='ocr_par' dir='ltr' id='par_1_9' title="bbox 387 4040 2461 4131">
     <span class='ocr_line' id='line_1_42' title="bbox 387 4040 2461 4131; baseline -0.002 -22"><span class='ocrx_word' id='word_1_583' title='bbox 387 4041 484 4109; x_wconf 88' lang='lat' dir='ltr'>Unda</span> <span class='ocrx_word' id='word_1_584' title='bbox 516 4054 625 4108; x_wconf 90' lang='lat' dir='ltr'>eutem</span> <span class='ocrx_word' id='word_1_585' title='bbox 654 4049 722 4108; x_wconf 91' lang='lat' dir='ltr'>tam</span> <span class='ocrx_word' id='word_1_586' title='bbox 743 4043 860 4126; x_wconf 85' lang='lat' dir='ltr'>supine</span> <span class='ocrx_word' id='word_1_587' title='bbox 891 4042 1110 4109; x_wconf 88' lang='lat' dir='ltr'>confidentia?</span> <span class='ocrx_word' id='word_1_588' title='bbox 1144 4046 1236 4112; x_wconf 92' lang='lat' dir='ltr'>nullo</span> <span class='ocrx_word' id='word_1_589' title='bbox 1269 4045 1358 4111; x_wconf 91' lang='lat' dir='ltr'>enim</span> <span class='ocrx_word' id='word_1_590' title='bbox 1407 4044 1470 4110; x_wconf 89' lang='lat' dir='ltr'>eibi</span> <span class='ocrx_word' id='word_1_591' title='bbox 1491 4063 1510 4108; x_wconf 90' lang='lat' dir='ltr'>a</span> <span class='ocrx_word' id='word_1_592' title='bbox 1531 4041 1604 4107; x_wconf 90' lang='lat' dir='ltr'>Deo</span> <span class='ocrx_word' id='word_1_593' title='bbox 1626 4040 1767 4108; x_wconf 91' lang='lat' dir='ltr'>oblatam</span> <span class='ocrx_word' id='word_1_594' title='bbox 1790 4042 1884 4120; x_wconf 89' lang='lat' dir='ltr'>dicit,</span> <span class='ocrx_word' id='word_1_595' title='bbox 1912 4044 2055 4126; x_wconf 86' lang='lat' dir='ltr'>apposite</span> <span class='ocrx_word' id='word_1_596' title='bbox 2077 4042 2117 4107; x_wconf 89' lang='lat' dir='ltr'>ad</span> <span class='ocrx_word' id='word_1_597' title='bbox 2140 4044 2290 4128; x_wconf 85' lang='lat' dir='ltr'>regulam</span> <span class='ocrx_word' id='word_1_598' title='bbox 2313 4043 2372 4125; x_wconf 82' lang='lat' dir='ltr'>pie</span> <span class='ocrx_word' id='word_1_599' title='bbox 2460 4109 2461 4131; x_wconf 14' lang='grc' dir='ltr'>χ</span> 
     </span>
    </p>
   </div>
   <div class='ocr_carea' id='block_1_8' title="bbox 385 4124 2375 4473">
    <p class='ocr_par' dir='ltr' id='par_1_10' title="bbox 385 4124 2375 4473">
     <span class='ocr_line' id='line_1_43' title="bbox 387 4124 2375 4214; baseline -0.002 -20"><span class='ocrx_word' id='word_1_600' title='bbox 387 4128 451 4194; x_wconf 89' lang='lat' dir='ltr'>Dei</span> <span class='ocrx_word' id='word_1_601' title='bbox 473 4127 628 4193; x_wconf 89' lang='lat' dir='ltr'>mandato</span> <span class='ocrx_word' id='word_1_602' title='bbox 649 4130 818 4209; x_wconf 87' lang='lat' dir='ltr'>instructa,</span> <span class='ocrx_word' id='word_1_603' title='bbox 843 4129 1011 4196; x_wconf 90' lang='lat' dir='ltr'>consilium</span> <span class='ocrx_word' id='word_1_604' title='bbox 1035 4152 1076 4195; x_wconf 90' lang='lat' dir='ltr'>ex</span> <span class='ocrx_word' id='word_1_605' title='bbox 1098 4151 1156 4196; x_wconf 90' lang='lat' dir='ltr'>suo</span> <span class='ocrx_word' id='word_1_606' title='bbox 1178 4131 1284 4214; x_wconf 89' lang='lat' dir='ltr'>capite</span> <span class='ocrx_word' id='word_1_607' title='bbox 1305 4153 1356 4198; x_wconf 86' lang='lat' dir='ltr'>ce·</span> <span class='ocrx_word' id='word_1_608' title='bbox 1407 4131 1483 4193; x_wconf 90' lang='lat' dir='ltr'>tatis</span> <span class='ocrx_word' id='word_1_609' title='bbox 1505 4127 1662 4211; x_wconf 88' lang='lat' dir='ltr'>loquitur,</span> <span class='ocrx_word' id='word_1_610' title='bbox 1690 4137 1801 4212; x_wconf 87' lang='lat' dir='ltr'>peccet</span> <span class='ocrx_word' id='word_1_611' title='bbox 1822 4126 2035 4195; x_wconf 88' lang='lat' dir='ltr'>nibilominus</span> <span class='ocrx_word' id='word_1_612' title='bbox 2056 4127 2143 4212; x_wconf 91' lang='lat' dir='ltr'>quod</span> <span class='ocrx_word' id='word_1_613' title='bbox 2163 4149 2296 4196; x_wconf 86' lang='lat' dir='ltr'>aeorum</span> <span class='ocrx_word' id='word_1_614' title='bbox 2318 4124 2375 4192; x_wconf 89' lang='lat' dir='ltr'>Dei</span> 
     </span>
     <span class='ocr_line' id='line_1_44' title="bbox 385 4212 2375 4300; baseline -0.002 -21"><span class='ocrx_word' id='word_1_615' title='bbox 385 4228 489 4298; x_wconf 89' lang='lat' dir='ltr'>perat.</span> <span class='ocrx_word' id='word_1_616' title='bbox 524 4212 630 4279; x_wconf 88' lang='lat' dir='ltr'>Nemo</span> <span class='ocrx_word' id='word_1_617' title='bbox 653 4227 763 4280; x_wconf 67' lang='lat' dir='ltr'>emen</span> <span class='ocrx_word' id='word_1_618' title='bbox 785 4214 891 4280; x_wconf 85' lang='lat' dir='ltr'>zelum</span> <span class='ocrx_word' id='word_1_619' title='bbox 914 4215 1009 4290; x_wconf 89' lang='lat' dir='ltr'>bunc,</span> <span class='ocrx_word' id='word_1_620' title='bbox 1034 4217 1182 4299; x_wconf 85' lang='lat' dir='ltr'>quamvis</span> <span class='ocrx_word' id='word_1_621' title='bbox 1203 4237 1355 4300; x_wconf 89' lang='lat' dir='ltr'>praepos·</span> <span class='ocrx_word' id='word_1_622' title='bbox 1407 4234 1524 4280; x_wconf 89' lang='lat' dir='ltr'>nomon</span> <span class='ocrx_word' id='word_1_623' title='bbox 1545 4214 1614 4279; x_wconf 90' lang='lat' dir='ltr'>suis</span> <span class='ocrx_word' id='word_1_624' title='bbox 1632 4213 1808 4280; x_wconf 86' lang='lat' dir='ltr'>mendaciis</span> <span class='ocrx_word' id='word_1_625' title='bbox 1826 4214 2009 4298; x_wconf 89' lang='lat' dir='ltr'>permiscet.</span> <span class='ocrx_word' id='word_1_626' title='bbox 2042 4213 2104 4292; x_wconf 89' lang='lat' dir='ltr'>Ita,</span> <span class='ocrx_word' id='word_1_627' title='bbox 2127 4214 2185 4280; x_wconf 93' lang='lat' dir='ltr'>ubi</span> <span class='ocrx_word' id='word_1_628' title='bbox 2204 4214 2375 4281; x_wconf 70' lang='lat' dir='ltr'>averiaco</span> 
     </span>
     <span class='ocr_line' id='line_1_45' title="bbox 386 4297 2374 4385; baseline -0.003 -19"><span class='ocrx_word' id='word_1_629' title='bbox 386 4311 494 4366; x_wconf 88' lang='lat' dir='ltr'>terum</span> <span class='ocrx_word' id='word_1_630' title='bbox 522 4309 591 4364; x_wconf 89' lang='lat' dir='ltr'>tem</span> <span class='ocrx_word' id='word_1_631' title='bbox 615 4321 655 4365; x_wconf 87' lang='lat' dir='ltr'>ex</span> <span class='ocrx_word' id='word_1_632' title='bbox 685 4302 805 4383; x_wconf 87' lang='lat' dir='ltr'>pietate</span> <span class='ocrx_word' id='word_1_633' title='bbox 827 4321 922 4384; x_wconf 88' lang='lat' dir='ltr'>quem</span> <span class='ocrx_word' id='word_1_634' title='bbox 945 4323 986 4366; x_wconf 88' lang='lat' dir='ltr'>ex</span> <span class='ocrx_word' id='word_1_635' title='bbox 1015 4302 1147 4385; x_wconf 92' lang='lat' dir='ltr'>speciali</span> <span class='ocrx_word' id='word_1_636' title='bbox 1182 4302 1273 4369; x_wconf 86' lang='lat' dir='ltr'>verbi</span> <span class='ocrx_word' id='word_1_637' title='bbox 1295 4303 1358 4368; x_wconf 92' lang='lat' dir='ltr'>Dei</span> <span class='ocrx_word' id='word_1_638' title='bbox 1408 4299 1587 4365; x_wconf 89' lang='lat' dir='ltr'>discessum</span> <span class='ocrx_word' id='word_1_639' title='bbox 1610 4307 1677 4380; x_wconf 92' lang='lat' dir='ltr'>est,</span> <span class='ocrx_word' id='word_1_640' title='bbox 1699 4320 1782 4383; x_wconf 89' lang='lat' dir='ltr'>quae</span> <span class='ocrx_word' id='word_1_641' title='bbox 1804 4299 1876 4366; x_wconf 93' lang='lat' dir='ltr'>Deo</span> <span class='ocrx_word' id='word_1_642' title='bbox 1898 4299 1932 4364; x_wconf 92' lang='lat' dir='ltr'>iu</span> <span class='ocrx_word' id='word_1_643' title='bbox 1954 4300 2096 4382; x_wconf 89' lang='lat' dir='ltr'>speciem</span> <span class='ocrx_word' id='word_1_644' title='bbox 2119 4297 2267 4366; x_wconf 82' lang='lat' dir='ltr'>defertur</span> <span class='ocrx_word' id='word_1_645' title='bbox 2289 4317 2374 4364; x_wconf 83' lang='lat' dir='ltr'>rere-</span> 
     </span>
     <span class='ocr_line' id='line_1_46' title="bbox 386 4383 2375 4473; baseline -0.003 -22"><span class='ocrx_word' id='word_1_646' title='bbox 386 4385 572 4452; x_wconf 83' lang='lat' dir='ltr'>reverentie</span> <span class='ocrx_word' id='word_1_647' title='bbox 611 4387 791 4469; x_wconf 82' lang='lat' dir='ltr'>profectum</span> <span class='ocrx_word' id='word_1_648' title='bbox 830 4407 900 4452; x_wconf 90' lang='lat' dir='ltr'>esse</span> <span class='ocrx_word' id='word_1_649' title='bbox 939 4386 1083 4471; x_wconf 86' lang='lat' dir='ltr'>negabit.</span> <span class='ocrx_word' id='word_1_650' title='bbox 1137 4387 1224 4454; x_wconf 87' lang='lat' dir='ltr'>Nam</span> <span class='ocrx_word' id='word_1_651' title='bbox 1258 4410 1358 4473; x_wconf 90' lang='lat' dir='ltr'>quum</span> <span class='ocrx_word' id='word_1_652' title='bbox 1408 4384 1627 4465; x_wconf 90' lang='lat' dir='ltr'>rentia,nihil</span> <span class='ocrx_word' id='word_1_653' title='bbox 1650 4384 1805 4451; x_wconf 90' lang='lat' dir='ltr'>aliudest</span> <span class='ocrx_word' id='word_1_654' title='bbox 1829 4386 2070 4469; x_wconf 76' lang='lat' dir='ltr'>quampluries</span> <span class='ocrx_word' id='word_1_655' title='bbox 2092 4385 2163 4451; x_wconf 89' lang='lat' dir='ltr'>eius</span> <span class='ocrx_word' id='word_1_656' title='bbox 2187 4383 2375 4469; x_wconf 84' lang='lat' dir='ltr'>profanatio.</span> 
     </span>
    </p>
   </div>
   <div class='ocr_carea' id='block_1_9' title="bbox 1435 3523 2462 3613">
    <p class='ocr_par' dir='ltr' id='par_1_11' title="bbox 1435 3523 2462 3613">
     <span class='ocr_line' id='line_1_47' title="bbox 1435 3523 2462 3613; baseline -0.002 -19"><span class='ocrx_word' id='word_1_657' title='bbox 1435 3536 1551 3594; x_wconf 88' lang='lat' dir='ltr'>atanae</span> <span class='ocrx_word' id='word_1_658' title='bbox 1574 3530 1707 3611; x_wconf 87' lang='lat' dir='ltr'>aperiet.</span> <span class='ocrx_word' id='word_1_659' title='bbox 1751 3528 1849 3611; x_wconf 91' lang='lat' dir='ltr'>Quod</span> <span class='ocrx_word' id='word_1_660' title='bbox 1872 3527 2129 3596; x_wconf 90' lang='lat' dir='ltr'>benedictionem</span> <span class='ocrx_word' id='word_1_661' title='bbox 2151 3529 2266 3596; x_wconf 84' lang='lat' dir='ltr'>frande</span> <span class='ocrx_word' id='word_1_662' title='bbox 2288 3528 2370 3613; x_wconf 89' lang='lat' dir='ltr'>petit,</span> <span class='ocrx_word' id='word_1_663' title='bbox 2461 3523 2462 3606; x_wconf 69' lang='lat' dir='ltr'>J</span> 
     </span>
    </p>
   </div>
   <div class='ocr_carea' id='block_1_10' title="bbox 385 4467 2460 4570">
    <p class='ocr_par' dir='ltr' id='par_1_12' title="bbox 385 4467 2460 4570">
     <span class='ocr_line' id='line_1_48' title="bbox 385 4467 2460 4570; baseline -0.003 -33"><span class='ocrx_word' id='word_1_664' title='bbox 385 4471 517 4538; x_wconf 91' lang='lat' dir='ltr'>oraculo</span> <span class='ocrx_word' id='word_1_665' title='bbox 549 4470 714 4536; x_wconf 87' lang='lat' dir='ltr'>admonita</span> <span class='ocrx_word' id='word_1_666' title='bbox 746 4480 831 4538; x_wconf 90' lang='lat' dir='ltr'>esset</span> <span class='ocrx_word' id='word_1_667' title='bbox 864 4470 1022 4555; x_wconf 90' lang='lat' dir='ltr'>potiorem</span> <span class='ocrx_word' id='word_1_668' title='bbox 1051 4491 1160 4538; x_wconf 89' lang='lat' dir='ltr'>coram</span> <span class='ocrx_word' id='word_1_669' title='bbox 1190 4473 1358 4540; x_wconf 88' lang='lat' dir='ltr'>Decesse</span> <span class='ocrx_word' id='word_1_670' title='bbox 1409 4469 1507 4552; x_wconf 89' lang='lat' dir='ltr'>Quod</span> <span class='ocrx_word' id='word_1_671' title='bbox 1534 4491 1724 4555; x_wconf 89' lang='lat' dir='ltr'>prosperum</span> <span class='ocrx_word' id='word_1_672' title='bbox 1754 4490 1938 4537; x_wconf 89' lang='lat' dir='ltr'>successum</span> <span class='ocrx_word' id='word_1_673' title='bbox 1967 4471 2123 4537; x_wconf 88' lang='lat' dir='ltr'>habuerit</span> <span class='ocrx_word' id='word_1_674' title='bbox 2150 4471 2297 4549; x_wconf 84' lang='lat' dir='ltr'>venetio,</span> <span class='ocrx_word' id='word_1_675' title='bbox 2320 4467 2376 4532; x_wconf 90' lang='lat' dir='ltr'>Dei</span> <span class='ocrx_word' id='word_1_676' title='bbox 2459 4539 2460 4570; x_wconf 24' lang='grc'>1</span> 
     </span>
    </p>
   </div>
   <div class='ocr_carea' id='block_1_11' title="bbox 385 4553 2380 5238">
    <p class='ocr_par' dir='ltr' id='par_1_13' title="bbox 385 4553 2380 5238">
     <span class='ocr_line' id='line_1_49' title="bbox 385 4553 2378 4644; baseline 0 -23"><span class='ocrx_word' id='word_1_677' title='bbox 385 4556 499 4637; x_wconf 89' lang='lat' dir='ltr'>Iacob,</span> <span class='ocrx_word' id='word_1_678' title='bbox 526 4575 665 4626; x_wconf 87' lang='lat' dir='ltr'>arcanae</span> <span class='ocrx_word' id='word_1_679' title='bbox 694 4558 764 4623; x_wconf 88' lang='lat' dir='ltr'>eius</span> <span class='ocrx_word' id='word_1_680' title='bbox 796 4557 943 4624; x_wconf 91' lang='lat' dir='ltr'>electioni</span> <span class='ocrx_word' id='word_1_681' title='bbox 977 4556 1166 4641; x_wconf 89' lang='lat' dir='ltr'>posthabuit</span> <span class='ocrx_word' id='word_1_682' title='bbox 1200 4558 1358 4644; x_wconf 89' lang='lat' dir='ltr'>quidquid</span> <span class='ocrx_word' id='word_1_683' title='bbox 1408 4553 1633 4639; x_wconf 75' lang='lat' dir='ltr'>providentiae</span> <span class='ocrx_word' id='word_1_684' title='bbox 1651 4553 1750 4621; x_wconf 90' lang='lat' dir='ltr'>tribui</span> <span class='ocrx_word' id='word_1_685' title='bbox 1767 4577 1906 4640; x_wconf 91' lang='lat' dir='ltr'>aequum</span> <span class='ocrx_word' id='word_1_686' title='bbox 1924 4567 1983 4636; x_wconf 90' lang='lat' dir='ltr'>est,</span> <span class='ocrx_word' id='word_1_687' title='bbox 2002 4577 2044 4622; x_wconf 92' lang='lat' dir='ltr'>ne</span> <span class='ocrx_word' id='word_1_688' title='bbox 2061 4554 2146 4641; x_wconf 90' lang='lat' dir='ltr'>quod</span> <span class='ocrx_word' id='word_1_689' title='bbox 2164 4556 2378 4641; x_wconf 86' lang='lat' dir='ltr'>imaginemur</span> 
     </span>
     <span class='ocr_line' id='line_1_50' title="bbox 385 4637 2378 4726; baseline -0.002 -21"><span class='ocrx_word' id='word_1_690' title='bbox 385 4642 516 4708; x_wconf 82' lang='lat' dir='ltr'>visibile</span> <span class='ocrx_word' id='word_1_691' title='bbox 538 4643 662 4708; x_wconf 87' lang='lat' dir='ltr'>eratin</span> <span class='ocrx_word' id='word_1_692' title='bbox 685 4642 817 4720; x_wconf 91' lang='lat' dir='ltr'>mundo,</span> <span class='ocrx_word' id='word_1_693' title='bbox 841 4654 873 4708; x_wconf 89' lang='lat' dir='ltr'>et</span> <span class='ocrx_word' id='word_1_694' title='bbox 895 4643 981 4726; x_wconf 89' lang='lat' dir='ltr'>quod</span> <span class='ocrx_word' id='word_1_695' title='bbox 1004 4644 1359 4712; x_wconf 80' lang='lat' dir='ltr'>natureerensusdic·</span> <span class='ocrx_word' id='word_1_696' title='bbox 1408 4642 1578 4707; x_wconf 81' lang='lat' dir='ltr'>fortuitum</span> <span class='ocrx_word' id='word_1_697' title='bbox 1610 4642 1746 4707; x_wconf 91' lang='lat' dir='ltr'>bonum:</span> <span class='ocrx_word' id='word_1_698' title='bbox 1781 4642 1839 4708; x_wconf 90' lang='lat' dir='ltr'>sed</span> <span class='ocrx_word' id='word_1_699' title='bbox 1871 4663 1970 4724; x_wconf 91' lang='lat' dir='ltr'>quum</span> <span class='ocrx_word' id='word_1_700' title='bbox 2004 4645 2074 4708; x_wconf 89' lang='lat' dir='ltr'>eins</span> <span class='ocrx_word' id='word_1_701' title='bbox 2103 4642 2179 4707; x_wconf 92' lang='lat' dir='ltr'>boni</span> <span class='ocrx_word' id='word_1_702' title='bbox 2209 4640 2295 4726; x_wconf 86' lang='lat' dir='ltr'>quod</span> <span class='ocrx_word' id='word_1_703' title='bbox 2322 4637 2378 4706; x_wconf 92' lang='lat' dir='ltr'>sibi</span> 
     </span>
     <span class='ocr_line' id='line_1_51' title="bbox 387 4723 2379 4812; baseline -0.002 -20"><span class='ocrx_word' id='word_1_704' title='bbox 387 4726 487 4792; x_wconf 86' lang='lat' dir='ltr'>tabat.</span> <span class='ocrx_word' id='word_1_705' title='bbox 543 4727 632 4811; x_wconf 84' lang='lat' dir='ltr'>Ergo</span> <span class='ocrx_word' id='word_1_706' title='bbox 666 4728 727 4794; x_wconf 94' lang='lat' dir='ltr'>boc</span> <span class='ocrx_word' id='word_1_707' title='bbox 759 4728 909 4812; x_wconf 90' lang='lat' dir='ltr'>exemplo</span> <span class='ocrx_word' id='word_1_708' title='bbox 940 4727 1108 4794; x_wconf 90' lang='lat' dir='ltr'>docemur:</span> <span class='ocrx_word' id='word_1_709' title='bbox 1145 4738 1183 4794; x_wconf 91' lang='lat' dir='ltr'>ut</span> <span class='ocrx_word' id='word_1_710' title='bbox 1215 4729 1358 4796; x_wconf 87' lang='lat' dir='ltr'>modeste</span> <span class='ocrx_word' id='word_1_711' title='bbox 1408 4749 1474 4793; x_wconf 91' lang='lat' dir='ltr'>non</span> <span class='ocrx_word' id='word_1_712' title='bbox 1506 4727 1657 4812; x_wconf 89' lang='lat' dir='ltr'>contigit,</span> <span class='ocrx_word' id='word_1_713' title='bbox 1696 4726 1780 4792; x_wconf 87' lang='lat' dir='ltr'>lelso</span> <span class='ocrx_word' id='word_1_714' title='bbox 1814 4728 1923 4793; x_wconf 89' lang='lat' dir='ltr'>Deum</span> <span class='ocrx_word' id='word_1_715' title='bbox 1954 4749 2024 4794; x_wconf 89' lang='lat' dir='ltr'>esse</span> <span class='ocrx_word' id='word_1_716' title='bbox 2055 4734 2205 4793; x_wconf 88' lang='lat' dir='ltr'>autorem</span> <span class='ocrx_word' id='word_1_717' title='bbox 2236 4723 2379 4792; x_wconf 87' lang='lat' dir='ltr'>obtendit</span> 
     </span>
     <span class='ocr_line' id='line_1_52' title="bbox 388 4809 2378 4898; baseline -0.001 -21"><span class='ocrx_word' id='word_1_718' title='bbox 388 4813 525 4897; x_wconf 89' lang='lat' dir='ltr'>quisque</span> <span class='ocrx_word' id='word_1_719' title='bbox 548 4824 579 4878; x_wconf 88' lang='lat' dir='ltr'>et</span> <span class='ocrx_word' id='word_1_720' title='bbox 602 4813 737 4880; x_wconf 86' lang='lat' dir='ltr'>sollicite</span> <span class='ocrx_word' id='word_1_721' title='bbox 765 4813 909 4880; x_wconf 87' lang='lat' dir='ltr'>ambulet</span> <span class='ocrx_word' id='word_1_722' title='bbox 931 4816 964 4879; x_wconf 95' lang='lat' dir='ltr'>in</span> <span class='ocrx_word' id='word_1_723' title='bbox 988 4835 1142 4881; x_wconf 90' lang='lat' dir='ltr'>mensura</span> <span class='ocrx_word' id='word_1_724' title='bbox 1162 4835 1240 4882; x_wconf 89' lang='lat' dir='ltr'>suae</span> <span class='ocrx_word' id='word_1_725' title='bbox 1264 4835 1358 4883; x_wconf 84' lang='lat' dir='ltr'>voca·</span> <span class='ocrx_word' id='word_1_726' title='bbox 1409 4812 1517 4891; x_wconf 88' lang='lat' dir='ltr'>Iacob,</span> <span class='ocrx_word' id='word_1_727' title='bbox 1540 4812 1637 4896; x_wconf 92' lang='lat' dir='ltr'>idque</span> <span class='ocrx_word' id='word_1_728' title='bbox 1655 4812 1696 4878; x_wconf 93' lang='lat' dir='ltr'>ad</span> <span class='ocrx_word' id='word_1_729' title='bbox 1718 4814 1900 4896; x_wconf 83' lang='lat' dir='ltr'>ceptionem</span> <span class='ocrx_word' id='word_1_730' title='bbox 1923 4833 2016 4879; x_wconf 86' lang='lat' dir='ltr'>suem</span> <span class='ocrx_word' id='word_1_731' title='bbox 2038 4812 2225 4898; x_wconf 83' lang='lat' dir='ltr'>tegendam,</span> <span class='ocrx_word' id='word_1_732' title='bbox 2246 4809 2378 4896; x_wconf 89' lang='lat' dir='ltr'>periurii</span> 
     </span>
     <span class='ocr_line' id='line_1_53' title="bbox 388 4898 1715 4984; baseline -0.002 -20"><span class='ocrx_word' id='word_1_733' title='bbox 388 4899 501 4964; x_wconf 87' lang='lat' dir='ltr'>tionis:</span> <span class='ocrx_word' id='word_1_734' title='bbox 537 4918 596 4965; x_wconf 88' lang='lat' dir='ltr'>nee</span> <span class='ocrx_word' id='word_1_735' title='bbox 625 4899 712 4964; x_wconf 89' lang='lat' dir='ltr'>ultra</span> <span class='ocrx_word' id='word_1_736' title='bbox 737 4899 890 4984; x_wconf 88' lang='lat' dir='ltr'>progredi</span> <span class='ocrx_word' id='word_1_737' title='bbox 920 4899 1038 4966; x_wconf 89' lang='lat' dir='ltr'>audeat</span> <span class='ocrx_word' id='word_1_738' title='bbox 1066 4921 1165 4984; x_wconf 90' lang='lat' dir='ltr'>quam</span> <span class='ocrx_word' id='word_1_739' title='bbox 1194 4900 1358 4968; x_wconf 88' lang='lat' dir='ltr'>Dominus</span> <span class='ocrx_word' id='word_1_740' title='bbox 1410 4898 1507 4983; x_wconf 80' lang='lat' dir='ltr'>culpe</span> <span class='ocrx_word' id='word_1_741' title='bbox 1529 4918 1594 4964; x_wconf 90' lang='lat' dir='ltr'>non</span> <span class='ocrx_word' id='word_1_742' title='bbox 1617 4907 1715 4964; x_wconf 87' lang='lat' dir='ltr'>caret.</span> 
     </span>
     <span class='ocr_line' id='line_1_54' title="bbox 388 4983 2380 5068; baseline -0.005 -17"><span class='ocrx_word' id='word_1_743' title='bbox 388 4983 491 5052; x_wconf 80' lang='lat' dir='ltr'>verbo</span> <span class='ocrx_word' id='word_1_744' title='bbox 512 5005 570 5048; x_wconf 90' lang='lat' dir='ltr'>sno</span> <span class='ocrx_word' id='word_1_745' title='bbox 592 4985 761 5068; x_wconf 88' lang='lat' dir='ltr'>permittit.</span> <span class='ocrx_word' id='word_1_746' title='bbox 1495 4983 1547 5048; x_wconf 82' lang='lat'>21.</span> <span class='ocrx_word' id='word_1_747' title='bbox 1566 4984 1800 5067; x_wconf 79' lang='lat' dir='ltr'>Appropirrquo</span> <span class='ocrx_word' id='word_1_748' title='bbox 1815 5003 1899 5050; x_wconf 81' lang='lat' dir='ltr'>uene</span> <span class='ocrx_word' id='word_1_749' title='bbox 1917 4988 1946 5049; x_wconf 83' lang='lat' dir='ltr'>el</span> <span class='ocrx_word' id='word_1_750' title='bbox 1957 4983 2107 5067; x_wconf 80' lang='lat' dir='ltr'>palpabo.</span> <span class='ocrx_word' id='word_1_751' title='bbox 2141 4983 2229 5050; x_wconf 88' lang='lat' dir='ltr'>Hine</span> <span class='ocrx_word' id='word_1_752' title='bbox 2248 4991 2380 5067; x_wconf 87' lang='lat' dir='ltr'>apparet</span> 
     </span>
     <span class='ocr_line' id='line_1_55' title="bbox 477 5063 2380 5155; baseline -0.001 -22"><span class='ocrx_word' id='word_1_753' title='bbox 477 5069 526 5134; x_wconf 83' lang='lat'>14.</span> <span class='ocrx_word' id='word_1_754' title='bbox 545 5068 589 5134; x_wconf 83' lang='lat' dir='ltr'>Et</span> <span class='ocrx_word' id='word_1_755' title='bbox 599 5071 750 5152; x_wconf 72' lang='lat' dir='ltr'>perrexit,</span> <span class='ocrx_word' id='word_1_756' title='bbox 769 5076 797 5136; x_wconf 85' lang='lat' dir='ltr'>et</span> <span class='ocrx_word' id='word_1_757' title='bbox 813 5072 935 5151; x_wconf 83' lang='lat' dir='ltr'>occepit.</span> <span class='ocrx_word' id='word_1_758' title='bbox 967 5068 1165 5155; x_wconf 78' lang='lat' dir='ltr'>Quanquam</span> <span class='ocrx_word' id='word_1_759' title='bbox 1182 5071 1360 5138; x_wconf 84' lang='lat' dir='ltr'>verisimile</span> <span class='ocrx_word' id='word_1_760' title='bbox 1410 5079 1594 5153; x_wconf 88' lang='lat' dir='ltr'>suspectam</span> <span class='ocrx_word' id='word_1_761' title='bbox 1622 5069 1723 5136; x_wconf 83' lang='lat' dir='ltr'>luisse</span> <span class='ocrx_word' id='word_1_762' title='bbox 1750 5068 1896 5135; x_wconf 79' lang='lat' dir='ltr'>fraudem</span> <span class='ocrx_word' id='word_1_763' title='bbox 1925 5069 1978 5153; x_wconf 90' lang='lat' dir='ltr'>pio</span> <span class='ocrx_word' id='word_1_764' title='bbox 2005 5069 2091 5150; x_wconf 83' lang='lat' dir='ltr'>viro,</span> <span class='ocrx_word' id='word_1_765' title='bbox 2117 5068 2255 5153; x_wconf 91' lang='lat' dir='ltr'>ideoque</span> <span class='ocrx_word' id='word_1_766' title='bbox 2287 5063 2380 5136; x_wconf 81' lang='lat' dir='ltr'>vacil-</span> 
     </span>
     <span class='ocr_line' id='line_1_56' title="bbox 388 5152 2380 5238; baseline -0.003 -15"><span class='ocrx_word' id='word_1_767' title='bbox 388 5168 454 5235; x_wconf 87' lang='lat' dir='ltr'>est‚</span> <span class='ocrx_word' id='word_1_768' title='bbox 487 5176 553 5220; x_wconf 92' lang='lat' dir='ltr'>non</span> <span class='ocrx_word' id='word_1_769' title='bbox 583 5155 653 5220; x_wconf 90' lang='lat' dir='ltr'>sola</span> <span class='ocrx_word' id='word_1_770' title='bbox 680 5156 794 5222; x_wconf 90' lang='lat' dir='ltr'>matris</span> <span class='ocrx_word' id='word_1_771' title='bbox 822 5157 995 5222; x_wconf 88' lang='lat' dir='ltr'>autoritate</span> <span class='ocrx_word' id='word_1_772' title='bbox 1029 5168 1226 5224; x_wconf 88' lang='lat' dir='ltr'>commotum</span> <span class='ocrx_word' id='word_1_773' title='bbox 1260 5157 1360 5224; x_wconf 84' lang='lat' dir='ltr'>fuisse</span> <span class='ocrx_word' id='word_1_774' title='bbox 1408 5155 1504 5222; x_wconf 87' lang='lat' dir='ltr'>lasse.</span> <span class='ocrx_word' id='word_1_775' title='bbox 1541 5152 1653 5236; x_wconf 89' lang='lat' dir='ltr'>Quare</span> <span class='ocrx_word' id='word_1_776' title='bbox 1673 5152 1918 5222; x_wconf 72' lang='lat' dir='ltr'>videmurne</span> <span class='ocrx_word' id='word_1_777' title='bbox 1939 5153 2129 5234; x_wconf 89' lang='lat' dir='ltr'>benedictio,</span> <span class='ocrx_word' id='word_1_778' title='bbox 2152 5175 2235 5238; x_wconf 88' lang='lat' dir='ltr'>quae</span> <span class='ocrx_word' id='word_1_779' title='bbox 2260 5153 2380 5219; x_wconf 89' lang='lat' dir='ltr'>nullam</span> 
     </span>
    </p>
   </div>
   <div class='ocr_carea' id='block_1_12' title="bbox 386 5238 2458 5412">
    <p class='ocr_par' dir='ltr' id='par_1_14' title="bbox 386 5238 2458 5412">
     <span class='ocr_line' id='line_1_57' title="bbox 387 5238 2458 5327; baseline -0.003 -19"><span class='ocrx_word' id='word_1_780' title='bbox 387 5241 496 5322; x_wconf 87' lang='lat' dir='ltr'>Iacob,</span> <span class='ocrx_word' id='word_1_781' title='bbox 519 5250 555 5306; x_wconf 91' lang='lat' dir='ltr'>ut</span> <span class='ocrx_word' id='word_1_782' title='bbox 577 5240 623 5304; x_wconf 93' lang='lat' dir='ltr'>illi</span> <span class='ocrx_word' id='word_1_783' title='bbox 647 5260 769 5306; x_wconf 88' lang='lat' dir='ltr'>morem</span> <span class='ocrx_word' id='word_1_784' title='bbox 792 5255 929 5326; x_wconf 85' lang='lat' dir='ltr'>gereret,</span> <span class='ocrx_word' id='word_1_785' title='bbox 950 5242 1008 5308; x_wconf 91' lang='lat' dir='ltr'>sed</span> <span class='ocrx_word' id='word_1_786' title='bbox 1030 5242 1210 5310; x_wconf 88' lang='lat' dir='ltr'>rationibus</span> <span class='ocrx_word' id='word_1_787' title='bbox 1233 5263 1360 5327; x_wconf 89' lang='lat' dir='ltr'>quoqne</span> <span class='ocrx_word' id='word_1_788' title='bbox 1409 5240 1487 5307; x_wconf 88' lang='lat' dir='ltr'>fidei</span> <span class='ocrx_word' id='word_1_789' title='bbox 1508 5239 1665 5306; x_wconf 84' lang='lat' dir='ltr'>fulturam</span> <span class='ocrx_word' id='word_1_790' title='bbox 1688 5239 1795 5307; x_wconf 87' lang='lat' dir='ltr'>babet.</span> <span class='ocrx_word' id='word_1_791' title='bbox 1833 5238 1898 5308; x_wconf 84' lang='lat' dir='ltr'>Sed</span> <span class='ocrx_word' id='word_1_792' title='bbox 1920 5239 1967 5306; x_wconf 88' lang='lat' dir='ltr'>ita</span> <span class='ocrx_word' id='word_1_793' title='bbox 1989 5239 2113 5325; x_wconf 88' lang='lat' dir='ltr'>placuit</span> <span class='ocrx_word' id='word_1_794' title='bbox 2136 5238 2208 5306; x_wconf 90' lang='lat' dir='ltr'>Deo</span> <span class='ocrx_word' id='word_1_795' title='bbox 2226 5255 2381 5326; x_wconf 88' lang='lat' dir='ltr'>peragere</span> <span class='ocrx_word' id='word_1_796' title='bbox 2457 5277 2458 5280; x_wconf 60' lang='lat'><em>=</em></span> 
     </span>
     <span class='ocr_line' id='line_1_58' title="bbox 386 5325 2458 5412; baseline -0.002 -19"><span class='ocrx_word' id='word_1_797' title='bbox 386 5327 489 5393; x_wconf 83' lang='lat' dir='ltr'>fuisse</span> <span class='ocrx_word' id='word_1_798' title='bbox 517 5346 726 5409; x_wconf 87' lang='lat' dir='ltr'>persuasum:</span> <span class='ocrx_word' id='word_1_799' title='bbox 755 5329 897 5410; x_wconf 86' lang='lat' dir='ltr'>peccavit</span> <span class='ocrx_word' id='word_1_800' title='bbox 927 5337 1052 5405; x_wconf 67' lang='lat' dir='ltr'>nmen,</span> <span class='ocrx_word' id='word_1_801' title='bbox 1081 5330 1261 5396; x_wconf 88' lang='lat' dir='ltr'>vocationis</span> <span class='ocrx_word' id='word_1_802' title='bbox 1282 5350 1360 5396; x_wconf 90' lang='lat' dir='ltr'>suae</span> <span class='ocrx_word' id='word_1_803' title='bbox 1411 5349 1493 5412; x_wconf 89' lang='lat' dir='ltr'>opus</span> <span class='ocrx_word' id='word_1_804' title='bbox 1515 5347 1610 5392; x_wconf 92' lang='lat' dir='ltr'>suum</span> <span class='ocrx_word' id='word_1_805' title='bbox 1632 5345 1692 5410; x_wconf 91' lang='lat' dir='ltr'>per</span> <span class='ocrx_word' id='word_1_806' title='bbox 1713 5347 1848 5392; x_wconf 91' lang='lat' dir='ltr'>manum</span> <span class='ocrx_word' id='word_1_807' title='bbox 1870 5325 1979 5406; x_wconf 88' lang='lat' dir='ltr'>Isaeo,</span> <span class='ocrx_word' id='word_1_808' title='bbox 2002 5335 2040 5392; x_wconf 91' lang='lat' dir='ltr'>ut</span> <span class='ocrx_word' id='word_1_809' title='bbox 2061 5327 2169 5410; x_wconf 88' lang='lat' dir='ltr'>ipsum</span> <span class='ocrx_word' id='word_1_810' title='bbox 2193 5335 2303 5392; x_wconf 69' lang='lat' dir='ltr'>emen</span> <span class='ocrx_word' id='word_1_811' title='bbox 2325 5325 2382 5388; x_wconf 90' lang='lat' dir='ltr'>mi·</span> <span class='ocrx_word' id='word_1_812' title='bbox 2457 5355 2458 5358; x_wconf 36' lang='lat'>¹</span> 
     </span>
    </p>
   </div>
   <div class='ocr_carea' id='block_1_13' title="bbox 0 0 2503 6192">
    <p class='ocr_par' dir='ltr' id='par_1_15' title="bbox 0 0 2503 6192">
     <span class='ocr_line' id='line_1_59' title="bbox 0 0 2503 6192; baseline 0 0"><span class='ocrx_word' id='word_1_813' title='bbox 0 0 2503 6192; x_wconf 95' lang='lat' dir='ltr'> </span> 
     </span>
    </p>
   </div>
  </div>
 </body>
</html>
