5000 6208
376 436 443 504 319
1035 431 1404 502 COMMENTARIUS
1425 433 1476 499 IN
1498 431 1711 501 annuunt.
2311 429 2375 496 320

378 623 492 692 mem
513 622 698 706 promissio:
729 641 789 689 neo
814 619 987 704 quidquam
1009 641 1098 688 nune
1119 633 1249 705 praetor
1269 640 1348 687 oon·
1397 619 1587 700 aonoubina,
1606 619 1663 686 sed
1680 620 1756 704 quia
1772 620 1966 688 seeundaria
1982 629 2053 688 erat
2070 643 2162 702 uxor,
2182 645 2245 690 nun
2264 631 2373 690 autem

377 708 594 776 firmationem
623 707 754 791 aeoopit.
799 705 838 773 Si
859 707 980 773 virtute
1002 729 1061 772 sua
1081 707 1277 790 promeritus
1298 713 1349 772 eat
1398 705 1661 783 materfamilias,
1701 726 1785 789 quae
1816 707 1975 774 banorum
2015 708 2202 775 sotietatem
2235 709 2373 776 haberet

377 793 545 861 Abraham
574 799 699 858 tantam
726 792 1039 876 oompensatiunem,
1069 792 1164 858 irrita
1193 792 1256 857 erit
1284 793 1347 858 Dei
1397 813 1472 858 oum
1496 792 1576 858 viro.
1613 791 1727 875 Neque
1749 801 1859 858 tamen
1877 792 1958 860 siin
1976 795 2085 860 animo
2107 793 2373 861 habuitNaohor

376 879 483 964 gratia
514 899 597 961 quas
630 899 706 944 eum
738 879 916 963 praevenit.
967 878 1057 962 Ergo
1085 885 1123 943 ut
1150 877 1275 944 stabilis
1304 877 1348 944 sit
1398 874 1573 944 seeundum
1597 876 1715 944 duoere
1744 899 1897 956 uxorem,
1930 877 2003 944 ideo
2031 880 2209 964 legitimam
2240 881 2374 965 polyga-

375 965 442 1031 Dei
462 963 585 1032 veritas
602 964 637 1028 in
654 963 799 1048 gratuita
821 964 891 1030 eius
912 963 1059 1030 bonitate
1080 962 1224 1044 fundata,
1247 961 1348 1030 statui
1397 963 1499 1028 miam
1536 962 1658 1029 effeeit:
1695 962 1752 1029 sed
1785 985 1827 1030 ex
1859 963 1997 1030 aliorum
2036 965 2272 1032 eonsuetudine
2311 966 2374 1033 sibi

376 1069 511 1201 guespae
539 1060 607 1199 ιιῗιἶ
617 1050 725 1199 vous?
747 1070 902 1202 lide'rtldllis
918 1049 1116 1199 mercedemd
1130 1048 1348 1200 qmdbgmid
1397 1048 1524 1200 halmal]
1554 1069 1625 1200 usqe
1653 1049 1798 1131 putavit,
1830 1050 1915 1134 quod
1942 1071 1983 1116 ex
2012 1052 2156 1134 pessima
2186 1052 2373 1136 oorruptela

398 1155 526 1202 unaur.
608 1155 651 1200 on
678 1157 701 1199 u
789 1157 823 1200 m
931 1155 1009 1201 suae
1051 1156 1093 1202 eu
1116 1155 1169 1200 em
1198 1154 1332 1200 useure
1398 1155 1479 1200 nau
1537 1154 1616 1200 era.

375 1221 484 1302 Deus,
512 1219 565 1288 vel
593 1221 702 1304 aliqua
728 1242 771 1287 ex
791 1227 885 1304 parte
914 1220 1057 1300 minuat,
1083 1218 1141 1286 sed
1160 1227 1289 1286 tantum
1311 1229 1349 1284 ut

366 1312 451 1374 'suos
471 1305 653 1372 animated
671 1314 758 1373 reete
775 1305 895 1392 agendi
910 1305 1067 1384 studium,
1090 1304 1147 1371 ubi
1164 1326 1224 1371 sua
1240 1305 1347 1372 olfieia
1452 1379 1456 1388 ,

374 1393 424 1458 illi
445 1391 492 1459 sie
513 1392 641 1475 plaeere
662 1391 861 1477 intelligunt,
881 1401 921 1458 ιιι
943 1391 1091 1458 mercede
1110 1390 1210 1457 etiam
1233 1390 1346 1475 digne·

375 1488 448 1545 tur:
470 1476 552 1544 nihil
573 1487 685 1544 tamen
706 1477 798 1561 quasi
819 1476 964 1543 debitum
986 1476 1125 1554 solvens,
1149 1476 1206 1542 sed
1224 1495 1346 1543 meroe·
1725 1472 1875 1542 CAPUT
1896 1475 2032 1543 XXIII.

374 1563 426 1631 dis
454 1563 587 1630 titulum
615 1563 788 1647 imponens
816 1563 885 1630 suis
913 1562 1095 1630 benefieiis:
1126 1572 1222 1646 atque
1251 1563 1286 1627 in
1308 1582 1346 1628 eo

374 1648 460 1714 nihil
477 1657 528 1716 ιιι
544 1648 648 1714 disere
670 1650 786 1715 antiae.
816 1649 876 1715 Bis
895 1649 982 1715 enim
1001 1669 1036 1715 se
1053 1649 1221 1715 liberalem
1238 1655 1347 1714 osten-
1486 1647 1515 1712 1.
1534 1644 1613 1712 aaa
1632 1651 1736 1712 mutem
1755 1646 1822 1712 uita
1841 1644 1947 1713 Sarute
1968 1651 2088 1713 eertum
2108 1648 2187 1715 anni
2207 1653 2236 1714 et
2255 1649 2372 1733 uipurti

375 1734 425 1801 dit
446 1735 621 1813 Dominus,
644 1671 722 1800 dum
744 1733 893 1801 stimulos
914 1733 956 1799 ad
977 1734 1029 1819 pie
1051 1731 1230 1802 vivendum
1252 1733 1347 1800 nobis
1397 1733 1476 1801 anni
1493 1736 1521 1796 ιι
1541 1736 1655 1817 septem
1674 1731 1768 1797 anni:
1787 1733 1868 1797 anni
1883 1733 1966 1799 uitae
1984 1731 2099 1800 sarm
2134 1733 2164 1799 2.
2184 1733 2229 1800 za
2244 1739 2371 1802 medua
2470 1811 2471 1830 χ

374 1820 494 1887 addere
512 1820 635 1901 volens,
654 1820 695 1886 ad
713 1841 811 1904 opera
828 1827 942 1886 nostra
963 1820 1119 1885 transfert
1135 1817 1221 1902 quod
1237 1839 1347 1885 meras
1397 1825 1444 1886 est
1466 1816 1572 1883 ιιιαι
1592 1818 1627 1884 in
1650 1814 1900 1884 Οίιιιιιινιιιε
1921 1819 1995 1902 ipsa
2015 1823 2061 1885 est
2078 1819 2206 1886 Ηιιιιιι
2226 1821 2262 1886 in
2283 1825 2371 1886 terra

375 1906 608 1974 beneliosntiaa
637 1905 804 1996 proprium
833 1911 914 1972 erat.
958 1904 1135 1989 Perpetem
1162 1903 1265 1990 igitur
1289 1925 1347 1987 pa-
1400 1903 1556 1972 Olrenuan.
1600 1901 1644 1968 Et
1670 1903 1753 1968 uenit
1779 1901 1944 1968 Abraham
1970 1905 2013 1970 ad
2033 1905 2247 1988 pleimundum
2273 1926 2370 1989 nuper

376 1992 482 2075 pistae
504 1989 662 2076 benignas
679 1991 760 2056 istas
777 1989 843 2055 Dei
858 1990 1080 2069 invitationes,
1103 1989 1221 2074 quibus
1243 2004 1349 2074 torpo-
1400 1987 1522 2070 aaut,
1553 1993 1583 2054 et
1614 1990 1657 2055 ad
1688 1988 1854 2072 lrtpmtdum
1881 2008 1959 2056 eom
2011 1989 2041 2056 3.
2075 1989 2199 2058 Deinde
2229 1992 2371 2057 surreeit

374 2098 444 2144 rem
466 2086 614 2144 nostrum
637 2076 800 2160 surrigere
820 2077 903 2156 vult,
925 2076 959 2142 in
981 2076 1146 2143 diversum
1165 2077 1265 2142 linem
1283 2083 1347 2141 tor-
1397 2074 1564 2143 ananam
1584 2093 1607 2140 a
1625 2073 1709 2157 faeie
1729 2073 1846 2140 mortui
1865 2075 1927 2155 sui,
1949 2079 1977 2141 et
1997 2075 2143 2158 loquutus
2159 2083 2205 2142 est
2220 2076 2265 2142 ad
2284 2076 2370 2158 filios

374 2168 489 2246 quent:
518 2170 555 2228 ut
583 2162 651 2228 suis
679 2162 805 2228 meritis
833 2169 965 2247 arroget
993 2161 1090 2228 homo
1111 2160 1198 2244 quod
1220 2181 1347 2228 merum
1398 2159 1488 2239 Hella,
1506 2160 1640 2226 diceudo.
1668 2160 1700 2225 4.
1721 2158 1909 2244 Pereprinus
1925 2165 1953 2227 et
1969 2161 2089 2226 ιιιιιιι
2105 2182 2177 2228 sum
2193 2160 2371 2229 ιοιίιαιιιιι

374 2259 424 2316 ιιι
446 2246 577 2314 divinae
598 2247 805 2313 liberalitatis
825 2267 957 2313 munus.
1396 2247 1468 2314 date
1482 2245 1562 2311 ami
1578 2245 1796 2311 hoereditatem
1817 2245 1975 2328 sepumdri
1990 2245 2153 2328 sedunam,
2175 2252 2204 2314 el
2219 2248 2370 2329 sepeliam

461 2333 512 2399 17.
535 2332 752 2399 Haereditadit
771 2352 874 2399 sernen
894 2337 983 2398 tuum
999 2335 1124 2415 portam
1145 2332 1234 2398 inin.
1273 2329 1347 2416 sig-
1396 2336 1554 2398 mortuum
1584 2350 1688 2397 neeum
1715 2350 1737 2394 a
1764 2331 1848 2413 faeie
1879 2351 1957 2397 mea.
2007 2332 2037 2399 5.
2069 2331 2113 2398 Et
2143 2333 2370 2414 responderunt

373 2419 486 2486 nilioat
506 2417 661 2485 Abrahae
682 2416 826 2484 subolem
848 2417 992 2484 hostium
1017 2438 1151 2483 suorum
1179 2418 1345 2485 viotrioem
1394 2417 1457 2500 nat
1474 2415 1556 2482 Han
1577 2417 1620 2482 ad
1640 2415 1805 2482 Annam
1832 2416 1959 2483 dicendo
1980 2419 2019 2497 ei,
2063 2417 2093 2484 6.
2117 2417 2208 2484 Audi
2229 2439 2296 2498 nos,
2317 2420 2369 2486 do

373 2507 458 2571 lore:
481 2523 560 2573 uam
577 2510 611 2570 et
629 2504 665 2568 in
681 2503 784 2587 portis
802 2510 897 2570 erent
913 2503 1169 2588 propugnacula,
1191 2511 1225 2568 et
1241 2503 1276 2568 iu
1294 2503 1345 2569 his
1396 2503 1480 2568 mine
1500 2503 1555 2581 mi,
1580 2500 1733 2584 Princeps
1755 2499 1818 2567 Dei
1838 2521 1871 2568 es
1891 2503 1926 2568 in
1946 2505 2046 2570 medio
2067 2505 2180 2570 nostri:
2207 2505 2244 2569 in
2264 2505 2369 2571 eleetis

373 2589 495 2657 iudieia
522 2589 764 2656 exerasbantur.
808 2587 1006 2671 Quanquam
1035 2596 1145 2654 autem
1172 2609 1269 2671 saepe
1290 2587 1346 2654 Iu·
1396 2587 1571 2672 sepukluis
1590 2589 1708 2654 nasuta
1723 2587 1819 2669 sepeli
1839 2593 1995 2654 ιιινιιιιι
2015 2593 2120 2655 tuum:
2141 2609 2230 2655 nemo
2245 2609 2263 2654 e
2280 2590 2369 2656 rudis

374 2675 465 2742 daeis
490 2695 607 2760 passus
632 2681 682 2742 est
711 2675 803 2740 Deus
830 2674 1003 2758 tyrannide
1032 2672 1191 2739 dominari
1219 2674 1345 2740 hostes:
1395 2671 1592 2758 ammarum
1612 2693 1705 2740 meum
1719 2671 1893 2756 ριοιὶιιιιι
1908 2696 1931 2740 a
1950 2679 1980 2740 te
1998 2693 2037 2740 ne
2058 2675 2193 2758 sepelias
2213 2681 2370 2742 ιιιινιιιιιιιι

372 2761 421 2828 sia
443 2768 555 2828 tamen
576 2757 762 2826 moderatus
779 2767 829 2826 ost
847 2778 922 2828 suus
944 2759 1115 2838 vindictas,
1138 2766 1178 2824 ut
1198 2760 1346 2842 superior
1396 2764 1494 2824 urum.
1540 2758 1570 2824 7.
1601 2759 1691 2825 Tune
1715 2758 1855 2824 surrevit
1874 2757 2054 2839 Abraham,
2083 2765 2111 2826 et
2134 2761 2313 2828 ineumauit
2336 2781 2369 2826 se

373 2846 507 2913 tandem
535 2853 621 2913 esset
647 2846 729 2912 haee
757 2846 937 2931 promissio.
983 2844 1086 2911 Porro
1114 2846 1273 2911 memoria
1300 2853 1347 2910 te-
1391 2844 1513 2928 populo
1538 2849 1653 2923 unae,
1684 2843 1764 2924 filiis
1786 2843 1877 2910 Ηιιι.
1921 2845 1951 2911 8.
1981 2843 2026 2910 Ia
2051 2844 2200 2929 loquutus
2225 2851 2272 2912 est
2300 2867 2370 2913 ιιιιι

373 2931 520 2999 nendum
537 2929 692 3016 estquod
710 2931 750 2997 de
768 2931 903 2997 seminis
921 2930 1049 2996 unitate
1069 2929 1160 3014 prius
1182 2951 1225 2996 ex
1243 2930 1346 2997 Paulo
1398 2931 1460 3011 eis,
1492 2929 1635 2996 diendo:
1666 2927 1704 2995 m·
1726 2933 1772 2994 est
1800 2930 1833 2995 in
1864 2931 1984 2996 animis
2013 2931 2126 2998 uestris
2151 2935 2191 2997 ut
2219 2933 2370 3014 sepeliam

373 3017 528 3085 ιίιιιιιιίι
547 3017 626 3084 hino
644 3017 731 3082 euim
750 3016 933 3102 oolligimus
950 3037 1018 3081 non
1036 3014 1233 3098 quibuslibet
1243 3017 1346 3083 Abra·
1397 3019 1554 3083 ιιιοιιιιιιιι
1574 3035 1675 3080 meum
1697 3036 1718 3080 o
1738 3013 1821 3097 faeie
1841 3035 1920 3096 mea,
1941 3017 2049 3082 audite
2069 3035 2125 3096 me,
2147 3017 2370 3085 umectam

373 3104 437 3170 hae
466 3102 544 3170 filiis
575 3101 633 3168 sed
665 3101 796 3168 Christo
828 3101 975 3187 promitti
1006 3101 1173 3168 viatoriam
1206 3110 1240 3166 et
1274 3101 1345 3169 eius
1391 3122 1456 3185 pro
1475 3121 1524 3166 nte
1548 3101 1635 3184 apud
1655 3098 1785 3182 Ephron
1810 3101 1913 3182 tilium
1935 3099 2046 3167 Soleae.
2090 3101 2120 3168 9.
2151 3101 2191 3170 Ut
2209 3103 2261 3168 det
2291 3103 2370 3168 mdi

373 3189 539 3267 membris,
558 3195 718 3271 quatenus
734 3187 940 3254 intersesub
952 3207 1017 3253 unu
1034 3188 1139 3271 eapite
1157 3187 1341 3254 oohooront.
1397 3187 1575 3268 ιιιιιιιιιιιι
1595 3185 1749 3266 duplicem
1769 3205 1849 3268 quae
1869 3194 1920 3252 est
1940 3188 1971 3252 ei
1991 3187 2027 3252 in
2045 3185 2109 3269 ,itte
2126 3189 2199 3272 apri
2219 3189 2293 3254 sui:
2314 3209 2369 3256 ar·

372 3273 448 3340 Nisi
468 3274 557 3339 enim
577 3279 745 3339 manemus
765 3281 877 3339 nutam
896 3273 1040 3357 aliquam
1057 3292 1139 3424 Rae
1155 3272 1244 3340 iuter
1260 3271 1341 3358 legi·
1396 3276 1485 3357 penio
1500 3272 1594 3356 pleno
1613 3271 1664 3337 det
1684 3291 1754 3337 eam
1773 3271 1853 3337 ιιιιιι·
1873 3273 1909 3338 in
1928 3273 2032 3339 medio
2051 3273 2147 3340 vestm
2166 3274 2202 3339 in
2225 3273 2371 3342 metat

374 3363 472 3425 timos
500 3367 534 3424 et
562 3357 738 3443 degeneres
766 3358 921 3425 Abrahae
949 3357 1034 3425 filios
1087 3357 1241 3438 'uernat,
1294 3379 1347 3424 ro-
1397 3363 1491 3424 tatem
1515 3355 1678 3440 sepuledri.
1724 3357 1774 3424 10.
1796 3355 1842 3423 El
1869 3356 2002 3442 Epiron
2025 3357 2182 3425 daditobat
2207 3361 2243 3435 in
2271 3361 2371 3427 medio

372 3446 497 3512 miserm
518 3444 599 3510 haeo
620 3443 792 3526 promissio
815 3451 883 3509 tam
904 3443 1088 3510 Ismaelitas
1110 3451 1144 3510 et
1163 3442 1346 3524 Idumaeos,
1395 3444 1536 3526 liliorum
1553 3441 1651 3509 Helle:
1671 3445 1700 3508 et
1716 3443 1875 3525 respondit
1891 3442 2021 3527 Ephron
2038 3443 2186 3512 Estiones
2201 3445 2246 3512 ad
2262 3446 2372 3513 Abru-

373 3551 471 3616 quam
497 3529 653 3615 populum
680 3529 784 3595 Israel
811 3528 1080 3612 eomprehendet:
1117 3530 1208 3613 atqui
1238 3530 1347 3596 unitas
1397 3529 1658 3596 dominatoribus
1671 3528 1810 3610 filiorum
1820 3528 1911 3610 Ηιιι,
1928 3529 2108 3596 monulus
2118 3531 2372 3616 anniuminpre·

373 3615 527 3700 populia
555 3615 662 3698 eapite
689 3613 859 3698 dependet.
903 3613 983 3681 Ideo
1012 3614 1192 3698 prophetae
1220 3616 1347 3698 quoties
1396 3615 2068 3696 dientiumportameiur'tatisauae,dieendo.
2088 3615 2375 3696 laurentianum

374 3711 480 3768 ratam
508 3701 615 3767 fauere
647 3699 761 3766 volunt
788 3700 874 3766 hene
896 3699 961 3766 Dei
989 3700 1256 3784 promissionem,
1285 3701 1348 3768 hoo
1396 3701 1452 3781 mi,
1471 3700 1551 3767 audi
1570 3719 1629 3780 me,
1651 3699 1778 3785 Aprum
1798 3700 1870 3766 dedi
1890 3701 1956 3780 tibi,
1977 3705 2006 3767 et
2025 3703 2205 3782 apameam
2226 3723 2308 3785 quae
2329 3707 2375 3769 est

374 3787 575 3872 prineipium
596 3792 746 3866 sumunt,
768 3785 855 3869 quod
876 3787 937 3853 sub
959 3785 1088 3852 Davide
1109 3787 1292 3853 ooalesoent
1312 3789 1347 3852 in
1398 3788 1434 3852 in
1454 3805 1504 3864 ιο,
1531 3784 1588 3851 lidi
1615 3785 1687 3851 dedi
1715 3806 1784 3851 eom
1809 3786 1844 3852 in
1872 3787 1971 3852 amalis
1995 3787 2133 3868 fillonem
2155 3788 2273 3871 populi
2300 3789 2375 3868 mei,

375 3895 479 3938 unum
500 3891 618 3954 eorpus
636 3871 691 3954 qui
713 3871 784 3936 sino
806 3871 864 3937 illo
894 3871 992 3938 divisi
1013 3879 1099 3937 sunt.
1143 3871 1284 3956 Reliqua
1305 3893 1346 3939 ex
1397 3871 1472 3939 dedi
1490 3871 1562 3937 lidi:
1583 3871 1679 3958 sepeli
1699 3875 1854 3938 mortuum
1874 3877 1972 3938 tuum
2010 3872 2061 3938 12.
2079 3871 2124 3938 Er
2144 3874 2325 3940 mauu
2340 3894 2375 3939 se

373 3959 480 4042 eapite
502 3956 692 4023 duadeoimo
714 3965 876 4041 petantur.
1397 3956 1561 4022 Adranam
1588 3976 1692 4022 ιιναιιι
1712 3957 1828 4039 populo
1855 3961 1972 4024 terrae.-
2015 3958 2065 4024 13.
2088 3958 2133 4024 Et
2160 3959 2309 4041 loquutus
2330 3963 2376 4026 est

461 4042 512 4110 19.
536 4042 581 4108 Et
601 4047 811 4124 perrexerunt
830 4043 955 4124 pariter
980 4043 1017 4108 in
1038 4041 1235 4109 Beer-sebai.
1279 4043 1346 4108 Re·
1395 4043 1438 4108 ad
1455 4041 1587 4124 Epiron
1603 4044 1639 4108 iu
1659 4041 1792 4108 uumerus
1807 4043 1921 4128 populi
1942 4049 2052 4125 terrae,
2072 4044 2211 4125 ιίιιιιιι,
2243 4045 2376 4112 Venam-

375 4129 459 4213 petit
475 4129 594 4210 Moses,
616 4137 786 4211 postquam
809 4128 891 4194 dura
913 4127 970 4193 illa
987 4137 1021 4193 et
1037 4127 1217 4193 inoredibili
1241 4135 1346 4193 teuta-
1397 4133 1500 4195 tamen
1520 4128 1551 4194 si
1572 4132 1624 4193 tu:
1644 4129 1767 4193 retinam
1788 4130 1905 4195 audias
1925 4149 1990 4196 nte:
2005 4129 2085 4197 dada
2105 4135 2269 4216 arpentum
2291 4131 2374 4217 apri,

375 4216 464 4281 tione
497 4213 671 4280 delunotus
700 4221 751 4278 est
780 4213 965 4295 Abraham,
997 4214 1140 4297 quietam
1169 4214 1219 4278 illi
1247 4214 1346 4281 luisse
1396 4235 1471 4296 eope
1489 4236 1511 4279 a
1531 4233 1591 4293 nee,
1622 4217 1651 4279 et
1676 4214 1825 4296 sepeliam
1848 4221 2004 4282 ιιιιιιιιιιιιι
2030 4236 2132 4282 meum
2151 4217 2206 4283 idi.
2252 4217 2306 4284 14
2331 4217 2376 4284 H

375 4301 548 4366 stationem
565 4300 601 4364 in
618 4298 831 4365 Beersebah.
860 4299 957 4365 Hano
976 4300 1197 4366 uenationem
1215 4309 1347 4382 atquae
1396 4299 1556 4382 respondit
1572 4297 1704 4380 Epluon
1725 4299 1768 4365 od
1788 4299 1967 4382 Adranam,
1988 4302 2115 4369 aleam
2136 4303 2182 4368 ei:
2227 4303 2278 4369 15.
2305 4303 2375 4370 Do·

374 4384 703 4538 ιιὲιιῖιιιιιι
725 4384 1346 4555 amastrianensis
1396 4385 2193 4554 mmmmm
2211 4389 2376 4540 m

376 4577 475 4640 quam
494 4554 647 4622 reduetus
664 4563 715 4621 est
732 4576 773 4621 ex
791 4556 905 4622 mortis
923 4555 1060 4640 abyssis,
1084 4576 1151 4621 non
1169 4576 1235 4622 uno
1252 4555 1347 4623 mado
1397 4561 1485 4622 tuum
1512 4555 1616 4638 sepeli.
1663 4556 1713 4622 16.
1737 4555 1781 4622 Et
1806 4557 1937 4623 obedivit
1957 4557 2124 4624 Aduolans
2145 4560 2213 4640 ipsi
2230 4559 2376 4642 Eptermr,

375 4643 474 4708 luisse
506 4641 735 4707 exhilaratum.
786 4639 843 4708 Sia
873 4641 961 4706 onim
988 4661 1064 4706 eum
1092 4642 1185 4707 Deus
1214 4643 1347 4708 refluere
1396 4647 1426 4708 et
1445 4643 1595 4723 appendit
1614 4641 1779 4708 Abraham
1799 4643 1864 4724 ipsi
1881 4643 2013 4724 Epiron
2041 4649 2203 4726 arpentum
2228 4647 2316 4728 parad
2333 4646 2377 4710 lo

376 4727 490 4805 voluit,
512 4737 549 4793 ut
570 4737 655 4793 esset
676 4726 770 4811 quasi
792 4746 898 4792 novus
920 4726 1026 4792 homo.
1062 4724 1260 4810 Quanquam
1282 4727 1348 4794 alia
1398 4732 1516 4811 quatuo
1530 4728 1636 4810 suerat
1653 4729 1688 4792 in
1707 4727 1839 4794 auribres
1853 4728 1996 4810 tiliorum
2014 4728 2106 4808 Ηιιι,
2129 4730 2377 4814 quadrimatum

377 4814 417 4879 de
445 4833 544 4879 eausa
571 4820 719 4879 reeenset
740 4811 849 4877 Moses
878 4812 1066 4896 progeniem
1097 4811 1242 4891 Naohor,
1271 4813 1348 4896 quia
1397 4814 1491 4880 sielos
1518 4818 1677 4896 arpenteos
1701 4819 1893 4880 nauseantes
1914 4835 1976 4897 per
2009 4820 2199 4882 mereamres.
2246 4817 2301 4882 17.
2333 4815 2379 4881 Et

377 4898 501 4965 soilieet
522 4897 598 4962 inde
621 4917 757 4962 uxorem
786 4905 977 4979 sumpturus
1004 4905 1089 4963 esset
1110 4896 1213 4964 Isaeo.
1257 4899 1348 4964 Raro
1397 4899 1597 4980 confirmatus
1624 4904 1668 4964 est
1696 4921 1770 4983 aper
1799 4899 1945 4980 Ephron,
1979 4902 2037 4984 qui
2063 4902 2194 4967 eratin
2223 4905 2378 4986 melaena
2470 4909 2471 4916 ’

374 4984 466 5050 enim
488 4986 527 5049 lit
546 4984 581 5048 in
603 4983 774 5067 seripturis
802 4982 997 5048 feminarum
1019 4985 1159 5049 mentio:
1187 4992 1222 5049 ιι
1243 4985 1347 5050 oredi-
1397 4985 1524 5067 dupliei,
1547 4985 1602 5066 qui
1619 4990 1692 5051 arat
1709 5005 1812 5051 ιιιιιιι
1830 4984 1971 5051 Mature:
1992 5007 2067 5071 aper
2083 4991 2112 5052 et
2128 4987 2276 5070 spelunea
2295 5008 2380 5070 quae
2470 5029 2471 5072 ;

376 5071 441 5138 bile
463 5079 513 5136 est
534 5069 644 5153 plures
666 5068 751 5134 filias
773 5067 873 5134 fuisse
894 5070 1022 5151 genitas
1044 5068 1105 5152 ipsi
1128 5069 1275 5150 Naohor,
1305 5092 1347 5138 ex
1397 5075 1463 5136 erat
1485 5072 1519 5135 in
1539 5092 1586 5150 eo,
1614 5075 1642 5135 et
1668 5071 1769 5136 manis
1796 5071 1889 5136 arbor
1915 5092 1994 5154 quae
2021 5078 2089 5138 erat
2109 5072 2143 5137 in
2165 5094 2255 5158 apro,
2295 5091 2379 5156 quae
2470 5073 2471 5152 ᾗ

376 5156 494 5240 quibus
520 5177 587 5220 unu
616 5163 743 5220 tantum
771 5153 920 5222 Bebeuoa
948 5153 1001 5219 hio
1026 5155 1167 5238 ponitur.
1217 5153 1347 5222 Gonou—
1398 5166 1469 5221 erat
1489 5157 1524 5221 in
1551 5157 1636 5220 mnni
1661 5156 1792 5221 termino
1820 5156 1889 5222 eius
1910 5177 1972 5238 per
1999 5159 2176 5223 suendum:
2223 5159 2276 5225 18.
2304 5159 2380 5244 Ipsi

377 5243 474 5309 binae
502 5239 585 5306 lilius
612 5239 652 5305 ab
681 5239 754 5305 aliie
783 5237 970 5323 distinguit,
997 5241 1074 5323 quia
1099 5240 1209 5305 minus
1237 5241 1346 5325 splen·
1397 5241 1562 5307 Abraham
1590 5242 1625 5307 in
1647 5243 1891 5324 possessionem,
1921 5243 1958 5307 in
1984 5243 2088 5310 oeulis
2114 5243 2255 5326 filiorum
2281 5245 2379 5322 Hettr,

374 5327 451 5394 dido
469 5327 540 5394 looo
558 5337 667 5392 orant:
686 5345 752 5390 non
771 5325 856 5408 quod
874 5327 978 5390 instar
995 5324 1095 5392 seorti
1118 5324 1230 5392 habita
1248 5326 1347 5392 luerit
1398 5328 1537 5393 mnium
1558 5327 1799 5411 inqredieudium
1816 5332 1942 5410 portam
1965 5330 2100 5395 ιιιιιιιιι
2128 5329 2205 5394 eius
2251 5331 2310 5398 19.
2336 5331 2382 5398 Et
