4988 6192
118 429 174 496 433
760 424 1132 494 COMMENTARIUS
1153 425 1204 493 IN
1226 421 1441 491 auduom.
2044 425 2109 490 434

117 632 324 684 revereamur:
354 615 448 696 quasi
474 612 610 696 impune
631 612 770 680 illudere
791 611 865 679 Deo
886 613 997 692 lineat,
1022 613 1078 680 ubi
1129 613 1190 679 luit
1211 613 1303 678 turer
1319 609 1446 690 Laban,
1468 610 1525 678 sed
1548 620 1721 695 paternum
1739 614 1903 694 effaetum,
1922 612 2015 700 quasi
2034 633 2109 679 mu·
2156 683 2166 696 ,

117 721 175 769 non
203 699 409 783 enarguimur
436 697 610 764 hominum
639 699 836 766 testimonio.
892 698 1018 766 Verum
1049 699 1079 765 ei
1130 706 1218 766 tatus
1239 698 1273 763 in
1297 717 1418 763 novum
1440 695 1616 779 hominem,
1638 698 1754 764 induit.

110 789 171 856 boo
194 785 373 851 eommunis
403 791 540 850 naturae
568 804 685 852 sensus
707 784 845 852 dietavit
866 785 930 869 ipsi
951 785 1078 865 Laban,
1215 783 1267 850 55.
1291 782 1583 866 Beaedieitqaeeie.
1616 783 1771 850 Notanda
1789 794 1839 852 est
1860 786 2109 855 eiroumstentia

118 881 257 942 venturas
276 871 311 936 in
333 871 397 936 Dei
418 870 574 937 iudieium
595 870 729 936 fraudes
751 891 834 953 quae
856 871 979 938 munde
1001 879 1079 938 sunt
1129 891 1296 954 personae,
1320 869 1405 953 quod
1427 869 1551 935 seilieet
1569 868 1685 935 Laben
1708 872 1763 954 qui
1781 893 1801 938 a
1817 872 1938 956 pietate
1960 871 2107 941 desoive·

116 956 325 1026 absoenditee:
348 955 469 1041 pudeat
490 973 550 1022 nos
578 956 636 1039 qui
663 956 698 1021 in
725 956 887 1042 evangelii
910 957 982 1024 luoe
1004 977 1078 1022 ver·
1129 965 1190 1034 rat,
1213 962 1247 1023 et
1268 953 1427 1039 improbis
1454 966 1584 1020 eratne
1612 956 1759 1024 eoelestis
1789 955 1951 1037 moribus,
1981 981 2106 1026 morem

116 1064 223 1122 amur,
242 1041 385 1109 latebras
406 1041 546 1108 fallaoiis
563 1041 687 1108 uostris
704 1051 846 1126 oaptare.
869 1042 959 1107 Hine
978 1044 1077 1127 etiam
1129 1051 1241 1110 tamen
1275 1038 1489 1108 benedioendi
1523 1040 1668 1106 retinuit.
1718 1041 1804 1108 Nam
1835 1042 1914 1111 hino
1942 1044 2106 1125 doeemur,

115 1129 217 1213 eollige
244 1128 431 1214 legitimum
458 1126 672 1194 iurisiurandi
705 1149 818 1208 asum,
853 1149 949 1212 quem
979 1129 1078 1193 etiam
1129 1150 1170 1194 ne
1192 1149 1256 1211 qua
1276 1127 1386 1277 impiis
1408 1126 1552 1210 supersit
1573 1127 1739 1193 excusatio
1769 1129 1991 1213 ignorantiae,
2014 1133 2108 1215 prin·

115 1212 269 1299 apostolus
298 1215 333 1279 in
367 1214 505 1297 epistole
538 1212 579 1278 ad
612 1213 781 1280 Hebraeos
814 1213 864 1301 (6,
893 1213 947 1300 16)
976 1222 1076 1294 notat,
1129 1214 1215 1298 oipia
1231 1233 1314 1297 quae
1339 1231 1391 1278 am
1413 1213 1550 1278 notitiae
1568 1212 1632 1278 Dei
1653 1212 1790 1280 haerere
1810 1216 1848 1281 in
1867 1216 2013 1299 ipsorum
2034 1239 2106 1285 eor·

113 1300 332 1452 rtrempeadqssod
348 1299 510 1450 ‚hglndnffl
537 1299 891 1450 {niffflmtmmwmiss
918 1299 988 1367 suis
1010 1298 1077 1366 lae·
1130 1299 1240 1451 dilgtsre:
1258 1297 1803 1451 'nffiobffleomgedgnedioendbb
1814 1299 1898 1384 quod
1921 1311 2009 1368 eerto
2026 1293 2106 1404 'per-

127 1409 185 1465 nn,
298 1407 329 1451 er
346 1407 380 1451 ru
403 1407 501 1452 rerum
523 1407 582 1451 en
658 1407 727 1452 un.
1129 1407 1168 1452 su
1205 1407 1217 1449 1
1239 1407 1290 1452 sm
1408 1406 1478 1450 ms
1632 1406 1732 1451 unum
1806 1406 1923 1453 norum
1957 1407 2105 1459 omnium

189 1470 239 1537 50.
273 1471 319 1536 Et
351 1472 381 1537 ei
410 1471 567 1552 aweperie
594 1407 709 1537 effora
744 1489 839 1552 eaper
865 1471 954 1551 silias
981 1489 1076 1536 meaa.
1129 1492 1200 1538 esse
1221 1479 1380 1537 autorem.
1425 1469 1694 1551 Quamvisenim
1723 1471 1862 1554 superbe
1890 1472 2020 1556 quidvis
2042 1474 2105 1541 sibi

113 1558 201 1624 Hane
220 1555 374 1640 perfidiae
391 1557 532 1640 speeiem
550 1557 620 1623 tore
637 1556 792 1640 intelligit
810 1555 926 1623 haban
948 1556 977 1622 si
994 1555 1077 1622 alias
1129 1565 1293 1641 arrogent,
1318 1557 1373 1623 ubi
1394 1563 1505 1620 tamen
1523 1554 1565 1620 ad
1587 1557 1727 1639 seipsos
1749 1557 1897 1638 redeunt,
1919 1559 2027 1626 velint
2044 1580 2103 1626 no-

112 1644 167 1710 eibi
187 1663 305 1710 uxores
323 1642 421 1708 Iaeob
443 1641 612 1726 adiungat.
653 1643 756 1724 Atqui
774 1641 846 1726 ipse
863 1663 938 1707 eum
960 1640 1007 1728 ad
1024 1661 1078 1726 po-
1127 1642 1200 1723 lint,
1219 1642 1342 1708 sentire
1359 1652 1529 1727 eoguntur,
1552 1641 1710 1725 quidquid
1732 1642 1890 1710 bonorum
1908 1652 1960 1713 est
1973 1647 2103 1714 nonnisi

113 1729 279 1814 lygamiam
301 1737 460 1813 ooegerat,
479 1725 565 1792 unde
583 1727 671 1794 euim
693 1727 805 1810 plures
824 1746 942 1794 uxores
964 1735 1077 1794 saneto
1129 1750 1148 1794 n
1170 1728 1239 1796 solo
1261 1727 1333 1793 Deo
1355 1727 1537 1811 provenire.

114 1815 187 1892 rire,
208 1814 275 1879 nisi
295 1812 383 1897 quod
405 1813 515 1879 dolose
542 1814 576 1878 in
599 1813 707 1880 looum
731 1812 886 1880 Baebelis
908 1814 1078 1898 supposita

112 1901 213 1966 iuerat
239 1899 334 1967 Irea?
393 1897 461 1965 Sed
491 1899 624 1980 vitium,
659 1900 751 1966 ouius
779 1919 952 1983 perperam
984 1907 1079 1965 autor

110 1986 217 2066 luerat,
238 1985 381 2052 avaritia
401 2005 462 2051 sna
479 1993 679 2065 exeaeeatus,
701 2005 792 2052 nuno
809 2005 851 2050 ex
869 1987 996 2052 sineere
1018 2005 1076 2050 na·

110 2079 195 2137 turae
216 2091 317 2152 sensu
338 2069 482 2138 damnat.
526 2070 571 2135 Et
589 2077 676 2136 oerte
698 2071 754 2137 ubi
772 2069 977 2154 abrumpitur
998 2091 1077 2138 eon·
1452 2066 1604 2136 CAPUT
1625 2066 1777 2135 XXXII.

109 2157 183 2242 iugii
202 2156 391 2236 rinoulum,
417 2175 480 2240 quo
502 2155 631 2222 nullum
648 2157 734 2223 inter
755 2155 904 2222 homines
931 2157 1077 2223 sanetius
1751 2195 1755 2206 .

109 2251 162 2322 est,
184 2251 253 2310 tota
275 2243 422 2309 hnmana
442 2241 579 2308 meletae
595 2241 817 2308 labelaetatur.
848 2241 960 2323 Quare
978 2242 1077 2325 phre-
1214 2242 1242 2306 1.
1268 2239 1380 2308 Postea
1403 2238 1537 2306 1αῆαωῦ
1558 2237 1638 2305 abiit
1657 2239 1693 2304 ia
1712 2241 1799 2306 aiam
1820 2260 1928 2322 auara,
1949 2247 1978 2308 et
1998 2262 2103 2311 aeaer-

108 2329 199 2396 netiei
220 2328 383 2405 homines,
405 2327 462 2411 qui
487 2326 585 2393 hodie
605 2327 642 2392 in
664 2326 787 2393 tuenda
804 2326 993 2413 polygamia
1014 2327 1076 2394 sibi
1126 2331 1235 2394 terrast
1263 2327 1294 2392 ei
1320 2326 1422 2410 aapeli
1448 2325 1523 2392 Dei.
1568 2324 1598 2390 2.
1632 2323 1678 2390 Et
1711 2326 1795 2392 dixit
1816 2325 1950 2394 lateat
1977 2330 2103 2410 qaoado

107 2414 246 2499 planant,
278 2433 345 2479 nen
371 2412 434 2478 alio
452 2413 560 2478 iudiee
578 2433 659 2496 epus
682 2412 805 2478 habent
827 2434 926 2496 quam
948 2413 1074 2480 Labau.
1125 2413 1205 2479 uidit
1225 2431 1292 2480 eoa.-
1315 2411 1429 2478 antra
1444 2409 1509 2477 Dei
1529 2415 1603 2476 aaat
1623 2409 1705 2490 baec,
1726 2416 1755 2477 et
1774 2413 1893 2478 vaeavit
1913 2433 2022 2480 tamea
2044 2414 2103 2482 aa

184 2499 236 2567 53.
266 2499 357 2565 Deae
379 2497 538 2565 Amatne.
583 2497 657 2565 Hon
675 2497 806 2582 quidem
828 2499 891 2565 rite
914 2500 952 2565 lit
969 2507 1002 2564 et
1023 2519 1075 2564 er·
1126 2499 1217 2565 illias
1244 2496 1443 2564 Mabnaaiaa.
1488 2496 1518 2562 3.
1541 2495 1637 2562 Misit
1668 2501 1771 2562 adea
1804 2495 1941 2565 Iadaeob
1974 2501 2103 2570 aeaeae

105 2584 175 2650 dine
204 2585 292 2672 quod
318 2583 436 2651 haban
471 2604 531 2668 per
559 2582 623 2648 Dei
656 2603 776 2650 nomeu
805 2584 937 2650 adiurat
966 2583 1073 2650 Iaeob.
1126 2589 1199 2652 aaa
1219 2604 1253 2649 ee
1274 2584 1317 2651 ad
1338 2582 1431 2649 Esau
1457 2582 1591 2665 fratem
1621 2601 1717 2647 atam
1744 2583 1786 2648 ad
1811 2588 1929 2651 terram
1952 2585 2046 2652 Setia
2067 2588 2103 2653 ia

103 2670 191 2738 Haeo
218 2671 310 2738 enim
330 2669 499 2736 foederum
521 2679 572 2736 est
593 2670 764 2749 sanotitns,
788 2670 899 2736 Deum
920 2671 1075 2752 utrinque
1126 2671 1279 2754 repioaem
1308 2668 1419 2736 Edem.
1469 2668 1499 2734 4.
1529 2666 1573 2732 Et
1598 2669 1759 2752 praoeepit
1790 2669 1838 2734 eie
1868 2671 2014 2738 dieeade:
2049 2671 2103 2741 Sia

104 2754 269 2836 adrooare,
292 2765 330 2822 ut
349 2755 490 2821 inultam
508 2753 679 2839 perfidiam
701 2775 768 2821 non
790 2757 886 2822 sinat.
910 2753 978 2823 Sed
999 2775 1074 2838 per·
1126 2755 1236 2824 diaetis
1255 2756 1380 2821 danaen
1408 2775 1473 2820 meo
1493 2753 1603 2820 Eeea:
1626 2752 1681 2822 Sia
1707 2754 1790 2821 dinit
1820 2773 1931 2823 senae
1951 2761 2024 2824 teas
2046 2757 2101 2824 Ia·

102 2863 209 2925 peram
236 2862 317 2910 vere
339 2839 412 2907 Deo
433 2840 522 2907 idola
547 2840 747 2922 oommisoet,
775 2841 967 2926 quibusoam
990 2840 1076 2906 nihil
1126 2841 1237 2908 laceb:
1272 2839 1351 2907 &aaa
1378 2839 1490 2906 Labda
1517 2838 1674 2916 habitata,
1708 2846 1737 2907 et
1767 2847 1907 2908 moratae
1937 2863 2010 2912 eram
2040 2844 2100 2912 aaa

102 2927 147 2993 illi
168 2937 219 2995 est
242 2947 425 2994 eommune.
468 2926 523 2992 Ita
548 2926 671 2994 soilioet
693 2926 844 2994 homines
872 2927 1074 3011 superstitio·
1125 2947 1232 3011 usqae
1276 2926 1307 2993 5.
1330 2925 1375 2992 ta
1401 2931 1474 2992 eaat
1500 2924 1581 2991 midi
1607 2925 1695 2992 boves
1721 2931 1750 2992 et
1780 2927 1883 3008 asiai,
1910 2931 2045 3012 praedae
2071 2937 2100 3000 a

102 3013 194 3081 nibus
215 3013 385 3098 implie'ti,
407 3031 499 3080 saera
520 3012 682 3096 profanis,
704 3020 739 3079 et
759 3033 862 3096 purae
884 3013 998 3080 deitati
1014 3012 1073 3079 ho·
1125 3014 1224 3094 aerei,
1247 3017 1275 3078 et
1295 3011 1443 3091 enatae,
1476 3018 1505 3078 et
1523 3012 1599 3078 miei
1610 3017 1655 3076 aa
1674 3013 1856 3079 aeaeierem
1876 3015 2000 3082 domiao
2023 3038 2098 3100 meo,

100 3099 609 3253 sturministra
629 3099 767 3252 aaa
787 3098 1075 3252 tentat
1123 3098 2099 3272 taataaaaottaaltatiatai

770 3234 779 3263 ‚
1536 3235 1543 3263 2
1702 3210 1711 3250 -·
1983 3210 2001 3255 r

100 3271 249 3339 sordibus
268 3206 441 3338 demeaud
455 3271 553 3337 iaeet:
577 3275 611 3335 et
627 3290 670 3337 ne
688 3269 829 3337 deterior
844 3268 996 3338 videatur
1013 3292 1073 3338 sua
1124 3275 1229 3350 taam,
1258 3271 1301 3338 nd
1323 3269 1430 3350 Eeaa,
1463 3276 1492 3336 et
1516 3271 1611 3336 etiam
1630 3272 1737 3356 perpit
1756 3272 1792 3337 ia
1818 3293 1978 3340 oeeareaai
1999 3211 2100 3356 muza:

99 3357 227 3443 religio,
251 3355 458 3441 antiquitatis
477 3356 551 3421 fuoo
573 3375 645 3421 eam
667 3355 799 3424 eolorat.
848 3356 957 3423 Deum
983 3357 1072 3422 enim
1124 3357 1401 3440 aqaedaaaeat
1427 3357 1491 3422 oiri
1516 3375 1588 3422 eam
1613 3377 1656 3424 eo.
1702 3357 1731 3422 i.
1754 3355 1799 3422 et
1826 3359 1932 3426 timuit
1960 3359 2097 3430 Iabueob

98 3445 199 3525 patris
221 3444 276 3510 sui
296 3440 475 3527 appellans,
496 3441 658 3526 gloriatur
678 3442 740 3508 sibi
762 3463 782 3507 a
803 3440 980 3508 maioribus
1001 3463 1073 3510 esse
1123 3443 1224 3523 ealda
1247 3448 1276 3508 et
1296 3442 1452 3526 aapadiia
1474 3443 1604 3524 affedae
1623 3448 1678 3521 est,
1700 3443 1853 3510 etdiaieit
1868 3447 2024 3527 papatum
2040 3451 2097 3531 qai

98 3528 265 3596 traditum.
320 3527 459 3593 Interim
491 3526 589 3593 laenb
620 3529 843 3611 superstitiose
874 3548 940 3594 non
974 3529 1071 3594 iurat.
1122 3534 1191 3595 erat
1218 3548 1336 3608 eeeara,
1366 3533 1395 3592 a
1410 3528 1561 3609 perdes,
1591 3533 1619 3593 et
1643 3529 1780 3595 boveset
1805 3531 2097 3602 anamindeis

97 3614 230 3681 Diserte
252 3613 342 3680 euim
367 3612 524 3698 exprimit
545 3612 656 3678 Moses
677 3614 810 3678 nonnisi
838 3633 899 3698 per
920 3614 1071 3681 timorem
1121 3620 1253 3680 maaet.
1298 3615 1328 3681 8.
1350 3611 1449 3679 Dieit
1468 3613 1568 3680 eaiat:
1592 3613 1631 3679 Si
1651 3615 1767 3680 veniret
1787 3615 1881 3682 Bana
1896 3618 1940 3684 ad
1959 3623 2098 3688 aaaaaa

94 3699 186 3767 Isaeo
205 3703 345 3779 iurasse,
368 3707 406 3764 ut
426 3699 566 3778 sciamus
584 3718 649 3764 non
672 3698 829 3770 annuisse
850 3719 960 3766 sooero
977 3721 1072 3783 prae-
1122 3721 1235 3780 aaam,
1269 3705 1297 3765 et
1323 3701 1513 3781 aenaeae
1547 3719 1631 3780 eam,
1663 3705 1768 3766 maan
1800 3721 1880 3783 qaae
1910 3708 2098 3773 reaaaeerit

94 3787 409 3869 posteramformam
422 3783 573 3850 dietanti:
597 3784 694 3850 sieuti
710 3785 816 3862 multi,
837 3792 875 3857 ut
896 3785 1071 3868 impiorum
1122 3786 1238 3852 evadet
1282 3783 1890 3868 9.Etdiait1abaeob:Deaepataie
1910 3791 1974 3855 mei
1989 3791 2097 3859 Abra-

95 3873 235 3954 gratiam
258 3879 407 3954 neptem,
435 3869 573 3936 eandem
595 3869 657 3936 sibi
680 3869 872 3955 religionem
894 3892 970 3937 eum
991 3871 1072 3954 ipsis
1121 3870 1211 3952 bum,
1234 3876 1262 3938 et
1285 3870 1372 3937 Deae
1387 3871 1498 3952 putria
1517 3871 1579 3935 mei
1600 3870 1709 3949 Ietae,
1732 3870 1884 3954 Domine,
1905 3875 1961 3956 qai
1982 3877 2098 3944 dmidi

92 3977 163 4024 esse
185 3957 354 4023 simulant.
383 3954 487 4038 Atqui
508 3955 564 4020 ubi
582 3955 683 4021 semel
700 3957 845 4022 innotuit
866 3977 951 4022 unus
969 3957 1071 4038 Deus,
1122 3957 1165 4023 ad
1182 3977 1247 4022 ate:
1266 3956 1426 4022 Reverere
1436 3957 1479 4023 ad
1495 3962 1609 4022 anam
1626 3963 1714 4022 tuam
1730 3961 1758 4022 et
1774 3960 1982 4042 aenaeam
1998 3968 2094 4044 taum,

92 4043 238 4128 maligne
260 4041 481 4127 supprimitur
502 4062 522 4106 a
546 4041 642 4108 nobis
662 4042 735 4108 eius
762 4043 901 4121 veritas,
924 4041 990 4108 nisi
1012 4062 1072 4108 sua
1122 4048 1152 4108 et
1179 4043 1367 4126 &addetam
1391 4041 1463 4108 tibi:
1508 4041 1557 4107 10.
1582 4042 1692 4108 Miaor
1722 4062 1794 4109 saar
1825 4046 1942 4112 anais
1972 4049 2096 4115 miseri

92 4127 162 4196 luae
184 4149 304 4195 omnes
325 4147 474 4194 errorum
497 4127 635 4193 nebulas
657 4126 820 4194 disentiat
844 4127 914 4195 Neo
936 4126 1070 4195 dubium
1122 4130 1257 4208 cardito,
1287 4134 1314 4194 et
1334 4131 1418 4194 maai
1444 4129 1572 4195 veritate
1590 4149 1685 4210 pam
1704 4128 1808 4211 fecisti
1828 4150 1897 4196 eam
1918 4151 2005 4200 aereo
2027 4139 2095 4202 tao:

92 4223 141 4282 est
161 4216 244 4298 quin
268 4212 400 4280 iurandi
422 4213 544 4279 formae
566 4213 773 4295 responderit
795 4213 1010 4294 saerifioium,
1033 4221 1072 4279 nt
1122 4216 1200 4297 qaia
1221 4216 1256 4280 ia
1278 4214 1385 4280 baeuio
1405 4234 1471 4279 meo
1491 4215 1628 4280 banaiai
1649 4214 1817 4279 Iordanem
1837 4214 1933 4295 deae,
1965 4224 1994 4284 et
2013 4241 2096 4288 aaae

91 4299 215 4367 scilieet
246 4321 267 4365 a
294 4319 378 4384 puro
399 4299 464 4365 Dei
488 4298 578 4365 eultu
607 4299 719 4365 omnia
746 4300 997 4385 inquinamenta
1018 4321 1070 4366 ar·
1120 4301 1225 4383 factae
1244 4320 1314 4366 sam
1342 4301 1377 4364 ia
1405 4300 1487 4366 deae
1514 4305 1645 4366 mamm.
1692 4301 1741 4364 ll.
1765 4299 1854 4366 Erae
1881 4322 1929 4367 ate
1956 4324 2038 4371 auae
2056 4309 2095 4374 de

89 4395 186 4452 oeret.
1121 4405 1219 4452 aeuaa
1237 4386 1353 4469 fraaie
1373 4386 1450 4464 mei,
1479 4386 1517 4451 de
1537 4405 1637 4452 asaaa
1658 4383 1765 4450 Eeaa:
1795 4387 1887 4453 timeo
1909 4390 1992 4454 eaim
2014 4412 2092 4474 eam,

175 4471 229 4538 54.
267 4469 314 4536 Et
332 4471 451 4536 amavit
470 4469 683 4551 trabes-sans
703 4475 739 4536 at
755 4471 948 4540 eomedaeat.
972 4469 1070 4552 Quod
1121 4472 1259 4554 aeserta
1276 4472 1388 4550 eeaint,
1411 4473 1610 4552 etpereaatiat
1630 4490 1686 4546 ate,
1714 4475 1903 4556 mnaeaqae
1919 4493 1990 4542 aem
2004 4477 2091 4559 filiis.

89 4556 233 4641 hospitio
256 4554 887 4639 eomiterreoipitlaoobaffinessuos‚
910 4557 1070 4640 aquibus
1123 4558 1173 4624 12.
1204 4556 1248 4622 Et
1273 4562 1306 4620 ta
1334 4557 1462 4622 dixisti:
1490 4555 1719 4638 Beaefaeieado
1747 4555 1937 4639 daducium
1966 4561 2036 4641 tibi,
2065 4569 2093 4630 et

89 4642 174 4709 male
196 4651 364 4710 traetetus
385 4641 508 4721 tuerat,
537 4640 573 4704 in
597 4661 637 4707 eo
662 4640 948 4709 mansuetudinem
975 4663 1068 4708 suam
1114 4663 1232 4725 ponam
1259 4662 1362 4709 semea
1392 4647 1483 4707 mam
1508 4643 1588 4709 eierat
1618 4663 1750 4708 aenam
1776 4645 1892 4724 maria,
1924 4665 2004 4726 qaae
2031 4669 2092 4716 aaa

88 4735 241 4796 testatur.
274 4726 447 4812 Singulari
469 4726 569 4792 etiam
587 4726 652 4792 Dei
673 4727 830 4793 benefieio
852 4726 974 4794 faotum
998 4748 1069 4796 esse
1119 4733 1302 4795 aamerutar
1320 4748 1405 4810 prae
1435 4728 1643 4794 multitudine.
1689 4728 1739 4796 13.
1763 4727 1808 4793 st
1826 4733 2019 4811 mandevit
2046 4735 2092 4802 ibi

88 4823 182 4880 notat
211 4815 343 4893 Moses,
373 4813 458 4896 quod
485 4820 559 4895 post
588 4821 733 4879 atrooem
762 4812 852 4878 illam
882 4813 1068 4896 prooellam,
1119 4819 1202 4882 aeota
1222 4815 1308 4896 ipsa,
1338 4814 1558 4898 decrepitae
1578 4815 1623 4879 iia
1645 4834 1725 4896 qaae
1746 4814 1942 4881 metuebant
1962 4818 2006 4884 nd
2026 4840 2092 4887 ma-

86 4921 168 4983 quae
200 4902 375 4966 interitum
408 4907 521 4964 saneto
553 4897 624 4964 viro
661 4898 892 4978 minitabatur,
933 4911 1068 4984 repente
1119 4921 1195 4966 aaa
1211 4919 1312 4979 mam,
1329 4919 1445 4964 manaa
1462 4899 1659 4965 mittendum
1677 4900 1823 4966 aaran
1837 4901 1970 4982 fratem
1986 4924 2089 4973 saraa.

86 4987 209 5053 enituit
232 4983 363 5070 plaoida
384 4985 551 5050 serenitas.
581 4983 707 5050 Eodem
729 4985 873 5067 pertinet
894 4985 979 5068 quod
1001 4993 1068 5052 sta·
1120 4987 1171 5052 14.
1195 4983 1318 5067 capras
1338 4985 1485 5051 deceatne
1501 4990 1530 5051 et
1547 4984 1651 5052 direoa
1667 4987 1788 5070 apiati,
1810 5006 1878 5052 oves
1898 4988 2046 5057 secata
2063 4998 2092 5059 et

88 5073 146 5138 tim
170 5073 341 5157 sequitur,
364 5069 479 5136 Laban
509 5069 611 5136 amioe
640 5069 822 5154 digressum
844 5070 961 5136 fuisse:
991 5093 1069 5138 nam
1118 5073 1231 5138 arietes
1262 5072 1392 5154 eipiati:
1449 5070 1498 5135 15.
1543 5069 1682 5138 cameos
1720 5072 1884 5153 adoaia,
1923 5079 1951 5138 et
1984 5077 2091 5155 pallas

87 5159 147 5226 hoe
165 5160 270 5226 modo
291 5157 400 5243 palam
417 5153 560 5222 ostendit
577 5155 739 5222 Dominus
757 5177 792 5222 se
809 5156 975 5224 eustodem
997 5177 1069 5224 esse
1117 5177 1227 5224 earam
1243 5157 1390 5240 tripiatn:
1406 5177 1517 5224 aeaeae
1533 5157 1752 5240 qandraqiata,
1770 5163 1799 5223 et
1814 5159 1957 5225 iaeeaaos
1972 5161 2091 5228 aaa:

85 5245 176 5312 servi
199 5246 266 5323 sui,
287 5243 343 5327 qui
365 5262 439 5308 enm
461 5240 672 5308 relatorem
693 5242 856 5326 perditam
873 5241 1069 5310 mirabiliter
1119 5244 1231 5309 asiam
1251 5243 1373 5326 eipiati,
1397 5247 1425 5308 et
1439 5243 1548 5324 pallae
1567 5243 1678 5309 aaa.
1724 5244 1775 5310 16.
1798 5243 1843 5308 nt
1862 5243 1946 5309 dedit
1965 5246 2002 5310 ia
2022 5268 2091 5315 mo·

83 5331 197 5414 elupi
221 5329 375 5396 iauoibus
401 5327 530 5412 eripuit.
581 5327 652 5395 Neo
672 5348 749 5395 vero
777 5337 906 5396 tantum
935 5327 1069 5397 sedatus
1118 5349 1195 5395 aaa
1213 5347 1374 5395 seueram
1393 5348 1540 5408 samam,
1568 5329 1708 5413 siapaioe
1726 5335 2089 5415 praetereare

154 5429 277 5488 Gelaiai
291 5445 385 5500 opera.
427 5429 484 5486 Vei.
501 5427 625 5486 XXIII.
1850 5429 1885 5484 28
