4988 6192
395 443 460 508 475
1051 441 1420 510 COMMENTARIUS
1443 444 1493 510 IN
1515 443 1727 512 GENESIN.
2318 441 2371 505 tib

395 631 507 707 tinuit,
538 649 668 697 neeesse
698 629 761 695 fuit
789 630 929 696 alterum
953 651 1057 716 genus
1087 628 1128 694 ab
1156 629 1259 694 alteru
1296 629 1364 695 dis·
1417 633 1466 698 10.
1491 631 1560 697 lata
1587 638 1661 697 aaut
1687 633 1814 697 nomiae
1844 632 1982 711 fitiorum
2004 627 2114 693 Eaeu:
2136 626 2275 708 Etipbae
2295 627 2371 708 fitius

396 717 512 801 tingui.
1415 717 1534 784 Hedeb
1561 719 1671 784 uxoria
1694 718 1801 783 Esau.-
1830 716 1947 782 Rebuei
1973 713 2063 795 fitius
2091 713 2242 779 Beametb
2270 717 2372 779 uaeris

480 802 530 866 28.
563 800 609 866 Et
639 801 768 883 fueraut
796 803 864 867 dies
896 799 999 867 labar.
1055 802 1145 866 Mors
1178 800 1270 865 Isaeo
1299 821 1363 866 non
1413 803 1515 869 Eaea.
1553 804 1602 868 11.
1627 803 1671 867 Et
1685 804 1818 886 faemeut
1832 802 1895 883 lilii
1913 800 2069 882 Elipbee,
2096 799 2249 874 Theman,
2275 798 2371 878 Omer,

395 901 548 952 narratur
570 907 628 951 suo
656 887 784 964 ordine,
813 897 850 951 ut
878 907 954 952 mox
981 887 1105 970 patebit
1127 907 1169 950 ex
1191 895 1364 952 contextu:
1417 889 1531 970 Sepho,
1559 895 1586 954 et
1610 889 1792 966 Gatuatbam
1821 894 1848 954 et
1878 887 1988 954 Oeuae.
2035 885 2084 950 12.
2118 884 2253 950 Timuab
2282 890 2373 950 erstem

394 973 450 1037 sed
485 971 562 1037 alibi
594 971 735 1038 vidimus
771 969 892 1056 ὕστερον
924 975 1064 1058 aptasque
1087 972 1171 1036 Mosi
1207 972 1365 1038 familiare
1414 975 1478 1057 fait
1509 974 1675 1041 mueubiaa
1704 973 1843 1056 Etipbee
1873 973 1936 1055 put
1969 971 2078 1049 Eaaa,
2110 976 2138 1036 et
2166 971 2288 1052 peperit
2319 972 2371 1051 ipai

395 1079 475 1123 esre.
512 1058 687 1123 Caeterum
710 1079 810 1141 quum
832 1057 951 1124 dieitur
971 1063 1112 1124 memuaa
1134 1077 1199 1122 eaae
1221 1077 1312 1123 aeaeu
1329 1078 1366 1123 ae
1415 1058 1556 1140 Etipbae
1589 1060 1748 1126 Hematee.
1805 1059 1866 1126 lati
1904 1063 1978 1124 aaut
2013 1056 2076 1138 pta
2115 1055 2234 1121 Hortata
2272 1059 2370 1122 aporia

388 1143 505 1224 pleuua
525 1145 664 1209 dieram:
693 1153 896 1222 samusart,
928 1145 1058 1227 expleto
1081 1145 1167 1208 vitae
1189 1165 1287 1208 eursu
1310 1142 1365 1207 de·
1416 1143 1518 1210 Esau.
1564 1146 1613 1210 13.
1646 1146 1707 1212 lati
1734 1166 1804 1210 uere
1831 1149 1905 1210 aaut
1930 1143 1995 1225 titii
2017 1142 2152 1208 Rebaet:
2183 1141 2371 1216 Nemaea

393 1229 541 1294 functum
563 1249 634 1294 esse
656 1242 786 1294 matura
807 1238 923 1294 morte:
947 1230 1057 1312 itaque
1079 1229 1140 1294 hoo
1163 1229 1203 1294 ad
1227 1229 1288 1293 Dei
1311 1230 1366 1294 be·
1419 1231 1534 1306 Sarute,
1566 1229 1730 1310 Sammab,
1764 1237 1792 1296 et
1821 1229 1929 1295 Mieee
1961 1229 2016 1294 iati
2047 1233 2121 1294 aaut
2146 1227 2210 1309 prii
2233 1226 2372 1292 Boouatb

395 1314 613 1379 uedietianem
652 1317 807 1396 pertinet,
846 1336 1030 1399 quanquam
1070 1315 1171 1380 verba
1207 1316 1269 1379 ista
1302 1335 1366 1379 nou
1415 1318 1526 1382 aroris
1555 1317 1656 1383 Eaea.
1707 1316 1755 1381 14.
1779 1315 1823 1380 Et
1850 1317 1905 1380 isti
1929 1317 2058 1398 fueraut
2084 1313 2149 1394 filii
2177 1312 2372 1378 Abelibamub

394 1399 552 1464 modoad
575 1402 902 1483 temporisspatium,
925 1401 981 1465 sed
1004 1401 1101 1465 simul
1123 1399 1367 1465 adsauativiri
1415 1403 1501 1482 litiae
1545 1402 1664 1467 Hauab
1705 1403 1793 1483 tiliae
1840 1401 1955 1467 Sibbeu
1996 1401 2105 1464 aruis
2152 1399 2257 1465 Esau:
2310 1419 2372 1479 quea

395 1485 549 1551 affectum
583 1487 701 1561 refero,
742 1485 828 1568 quod
860 1487 983 1552 seilicet
1014 1485 1109 1552 Isaac
1142 1485 1231 1550 vitae
1264 1493 1365 1564 satur,
1412 1489 1534 1568 peperit
1571 1489 1636 1567 ipsi
1662 1488 1771 1554 Esau:
1808 1487 1899 1565 Ietta,
1940 1493 1968 1552 et
2002 1485 2165 1563 Iobatem,
2204 1490 2232 1548 et
2272 1481 2371 1549 Cerei.

394 1570 534 1636 libantur
555 1579 588 1634 et
616 1571 741 1652 placide
768 1573 962 1637 aoneesserit
984 1593 1001 1635 e
1024 1571 1154 1636 mundo.
1199 1570 1366 1652 Quosdam
1418 1573 1467 1637 15.
1520 1574 1582 1637 Iati
1630 1574 1721 1639 daces
1772 1573 1909 1652 filiorum
1951 1571 2051 1636 Eaea.
2119 1569 2201 1634 Filii
2245 1568 2373 1652 Elipbur

396 1657 483 1721 enim
507 1677 601 1721 senes
624 1655 805 1740 deoropitos
827 1675 959 1722 eernere
982 1657 1066 1735 lieet,
1090 1659 1144 1739 qui
1167 1664 1277 1721 tamen
1300 1677 1366 1721 non
1411 1658 1609 1741 primepeniti
1631 1659 1740 1736 Esau,
1773 1658 1838 1722 dau
1874 1657 2028 1734 Tberueu,
2068 1657 2135 1722 aar
2166 1655 2281 1732 Omer,
2317 1657 2373 1720 dar

395 1743 506 1808 minus
535 1743 622 1806 vitae
652 1741 761 1824 eupidi
782 1751 860 1808 sunt
882 1764 979 1825 quam
1000 1743 1034 1807 in
1057 1744 1135 1807 flore
1170 1743 1299 1807 aetatis:
1334 1749 1366 1806 et
1419 1742 1532 1825 Sepho,
1555 1745 1621 1808 dua
1644 1743 1754 1810 Cerae.
1792 1744 1841 1808 16.
1865 1742 1945 1806 Dua
1968 1741 2088 1819 Gmeb,
2116 1743 2183 1808 dur
2207 1741 2373 1818 Gabetbar,

418 1849 497 1892 uum
515 1829 582 1892 siut
599 1825 770 1904 silicernia,
789 1841 927 1893 mortem
946 1827 1160 1894 nihilominus
1179 1827 1364 1892 exhorrent.
1415 1829 1481 1893 riae
1499 1829 1665 1894 Haumlee:
1687 1831 1741 1900 isti
1757 1835 1829 1894 aaut
1849 1830 1941 1894 daeea
1957 1827 2100 1908 Etipbae
2116 1828 2152 1891 ia
2168 1831 2250 1891 terre
2270 1826 2370 1892 Edem

395 1848 590 1995 Quanquam
623 1933 700 1996 ergo
734 1913 820 1977 inter
851 1914 913 1978 Dei
947 1914 1188 1980 benedictiones
1214 1921 1365 1978 oeusetur
1416 1916 1471 1979 iuti
1499 1919 1572 1980 aaut
1598 1915 1661 1995 filii
1684 1915 1809 1979 Hadeb.
1855 1915 1905 1979 17.
1930 1913 1973 1978 Et
2001 1914 2057 1978 iati
2082 1919 2154 1978 aaut
2179 1913 2242 1993 titii
2267 1911 2374 1976 Reburt

395 1998 599 2082 longaeua,
629 2020 695 2062 nou
724 2008 833 2062 tamon
861 2000 982 2066 suffieit
1011 2019 1168 2065 annorum
1193 2019 1365 2063 numerum
1414 2000 1478 2081 filii
1502 1999 1610 2076 Esau,
1639 2001 1705 2065 dae
1728 1999 1872 2078 Numae,
1895 2000 1962 2065 dua
1986 1997 2113 2076 Zeraeb,
2136 1999 2202 2064 dar
2226 1996 2373 2076 Summoti,

395 2091 587 2168 supputare,
621 2083 683 2148 nisi
717 2083 866 2149 homines
895 2105 931 2149 se
961 2085 1016 2149 diu
1050 2086 1174 2150 vixisse
1206 2085 1363 2149 sentiant:
1415 2085 1640 2150 dauMieeab:
1658 2087 1713 2150 isti
1729 2091 1802 2150 aaut
1819 2086 1909 2150 daura
1921 2085 2039 2149 Rebuel
2056 2083 2315 2148 iaterreEeem:
2331 2083 2375 2147 isti

396 2171 522 2252 D‘eique
540 2169 647 2252 gratia
664 2180 697 2234 et
716 2177 823 2234 aetate
841 2190 900 2236 sua
919 2171 1074 2248 eontenti,
1096 2170 1137 2235 ad
1155 2170 1364 2254 migrandum
1415 2176 1489 2236 aaut
1508 2172 1571 2252 filii
1593 2171 1744 2236 Beametb
1764 2173 1873 2236 ureris
1895 2171 1996 2235 Esau.
2033 2170 2082 2235 18.
2104 2169 2166 2234 Iati
2188 2174 2294 2234 eutem
2313 2173 2373 2234 aaut

394 2277 429 2321 se
456 2263 654 2338 comparent.
706 2255 809 2319 Porro
839 2263 875 2319 ut
902 2257 1003 2320 animi
1037 2257 1203 2339 compositi
1231 2257 1298 2319 sint
1324 2254 1364 2319 ad
1413 2257 1477 2338 filit
1499 2257 1707 2322 Abeiibemab
1727 2258 1836 2322 ameria
1855 2257 1962 2334 Esau,
1984 2256 2050 2320 dau
2073 2255 2178 2331 Iubae,
2201 2255 2269 2320 ere
2293 2253 2374 2318 latre

396 2341 496 2407 talem
524 2340 793 2420 moderationem,
823 2361 916 2407 senes
938 2342 1000 2407 sibi
1022 2341 1103 2406 bene
1130 2343 1273 2406 eouseios
1295 2361 1365 2405 esse
1414 2342 1478 2422 teu,
1500 2344 1567 2407 dar
1590 2341 1706 2406 Ourab:
1727 2344 1783 2408 iati
1803 2347 1876 2406 aaut
1894 2341 1958 2422 litii
1980 2341 2190 2408 Abetibemab
2207 2339 2297 2420 filiae
2317 2339 2374 2404 Hr-

395 2435 523 2508 oportet
540 2437 576 2490 ot
593 2446 658 2490 non
676 2426 841 2509 refugiant
853 2427 914 2493 Dei
937 2436 1161 2510 aouspeetum:
1185 2448 1261 2491 nam
1279 2425 1366 2491 mala
1415 2427 1479 2492 aab
1504 2428 1616 2492 auaris
1637 2428 1737 2492 Eaea.
1784 2429 1833 2492 19.
1864 2429 1926 2492 lati
1952 2431 2025 2493 aaut
2052 2426 2116 2507 filii
2139 2427 2245 2505 Esau,
2276 2431 2303 2490 et
2329 2426 2374 2490 iuti

395 2512 592 2577 oonsaiontia
621 2512 737 2594 impios
765 2521 888 2577 terrore
917 2515 1121 2596 persequitur
1146 2523 1179 2576 ot
1207 2512 1362 2596 exagitat.
1416 2513 1507 2578 dures
1528 2533 1651 2578 eerura:
1682 2515 1749 2594 ipae
1770 2519 1815 2578 eat
1836 2513 1949 2579 Edem.
1994 2513 2045 2577 20.
2070 2514 2133 2577 Iati
2154 2518 2227 2576 aaut
2246 2510 2309 2590 filii
2330 2511 2375 2574 Se-

396 2596 556 2674 Adiungit
578 2598 675 2661 etiam
693 2597 802 2662 Moses
825 2597 989 2680 sepultum
1012 2599 1108 2664 fuisso
1126 2597 1220 2664 Iseae
1243 2620 1262 2663 a
1284 2597 1364 2662 duo·
1416 2599 1468 2663 bir
1497 2599 1631 2679 Hmeei,
1661 2598 1847 2666 habitatores
1875 2604 1992 2664 terrea:
2019 2599 2135 2674 Lutea,
2165 2604 2192 2662 et
2222 2596 2330 2672 Sobel,
2353 2601 2374 2660 rt

395 2685 455 2748 bus
476 2683 562 2748 filiis.
608 2683 692 2746 Nam
715 2685 790 2764 quia
812 2692 890 2748 tune
913 2685 1021 2749 minus
1044 2684 1131 2751 alare
1153 2693 1274 2749 testata
1295 2691 1365 2747 erat
1408 2683 1548 2764 aaran,
1580 2690 1610 2750 et
1632 2684 1739 2749 Hera.
1783 2685 1834 2749 21.
1858 2683 1901 2748 Et
1922 2685 2033 2761 Duru,
2055 2690 2085 2748 et
2105 2682 2196 2762 Eser,
2218 2689 2246 2748 et
2269 2682 2373 2748 Diaea.

395 2769 588 2834 resurreetio
616 2775 648 2831 et
675 2767 745 2833 eius
771 2768 934 2850 primitiae
963 2769 1108 2834 nondum
1137 2777 1364 2853 apparuerant,
1418 2769 1480 2834 Isti
1499 2771 1591 2835 aurea
1613 2769 1809 2836 Heraeorum
1828 2770 1967 2852 sitieram
1990 2769 2084 2834 Sebir
2104 2771 2139 2834 ia
2162 2775 2248 2834 terra
2272 2768 2373 2833 Edem

395 2877 433 2919 eo
456 2853 644 2939 diligentius
665 2855 810 2918 exeroori
841 2852 949 2921 deruit
970 2864 1098 2921 sanatos
1119 2865 1229 2939 patres
1250 2856 1285 2918 in
1309 2875 1365 2919 ex·
1417 2856 1469 2920 22.
1493 2856 1537 2920 Et
1555 2856 1684 2938 fueruat
1702 2856 1766 2938 etii
1787 2856 1905 2921 Lutea.-
1928 2855 2011 2920 Heri
2031 2861 2059 2920 et
2080 2853 2221 2921 Herma:
2253 2860 2281 2918 et
2301 2874 2376 2919 aerer

396 2942 497 3006 ternis
525 2939 753 3019 eaeremoniis,
785 2948 823 3002 ut
845 2939 891 3004 ita
913 2941 1134 3025 apertarulum
1156 2941 1309 3006 interitus
1330 2941 1365 3004 in
1419 2942 1535 3007 Lutea:
1564 2941 1728 3007 Tbimuab.
1772 2943 1823 3006 23.
1847 2942 1912 3007 Iati
1931 2947 2005 3006 aurat
2030 2940 2093 3021 pilii
2115 2939 2222 3006 eoae.-
2250 2939 2375 3016 Helreu,

395 3037 502 3091 morte
523 3026 731 3108 oorrigerent.
777 3022 874 3103 Quod
903 3034 1012 3091 autem
1034 3027 1124 3092 Esau
1146 3027 1287 3110 priorem
1308 3025 1365 3090 ob·
1419 3032 1447 3092 et
1469 3026 1655 3106 Mauebetb,
1677 3033 1705 3091 et
1727 3025 1834 3106 Habet,
1860 3026 1970 3107 Sepbo,
1992 3031 2021 3089 et
2046 3025 2156 3092 Ouum.
2196 3027 2248 3092 24.
2269 3025 2311 3090 Et
2331 3025 2375 3091 iuti

397 3113 481 3176 tinet
502 3112 617 3188 lorum,
640 3110 718 3175 hina
739 3129 854 3175 rursus
872 3110 1024 3178 doeemur
1045 3114 1189 3179 fruatum
1210 3121 1366 3196 pateruae
1417 3119 1490 3176 aaut
1508 3113 1571 3194 pilii
1594 3111 1724 3177 Sibbem
1743 3113 1832 3178 Atat
1853 3118 1880 3178 et
1897 3111 2030 3177 Hauab:
2058 3113 2107 3177 br'e
2124 3117 2169 3177 eat
2190 3113 2309 3179 Horeb
2329 3112 2375 3193 qui

396 3195 629 3262 benedietiouis
658 3217 723 3260 non
750 3194 850 3260 fuisse
879 3207 1067 3282 perruptum
1089 3218 1108 3263 a
1129 3197 1228 3264 Iaoob
1249 3199 1285 3263 in
1306 3197 1367 3263 hae
1418 3199 1535 3264 iurauit
1555 3198 1655 3264 mutua
1671 3199 1707 3262 iu
1723 3200 1849 3276 deamo,
1872 3219 1969 3281 paam
1986 3201 2125 3280 pasceret
2143 3201 2251 3264 aaiuoa
2271 3199 2375 3263 Sibboa

396 3284 478 3348 vita:
507 3302 585 3346 uem
602 3281 657 3364 qui
678 3282 750 3344 iuro
771 3281 1009 3367 primogenitus
1030 3293 1116 3364 erat,
1145 3283 1239 3350 alteri
1261 3282 1367 3350 adhue
1412 3286 1522 3366 patria
1545 3284 1606 3349 aai.
1651 3283 1702 3349 25.
1726 3283 1769 3348 Et
1789 3286 1844 3350 isti
1864 3289 1936 3349 aaut
1962 3283 2025 3364 filii
2048 3283 2181 3348 Hauab:
2208 3283 2328 3360 Dirae,
2351 3287 2375 3346 et

397 3368 569 3434 eubiiaitur
590 3374 663 3450 post
685 3371 822 3431 mortem
843 3371 956 3450 patris.
1419 3368 1627 3436 Abolibemeb
1646 3370 1718 3450 (ilie
1736 3369 1863 3435 Heuab.
1897 3370 1948 3434 26.
1966 3367 2011 3434 Et
2028 3370 2083 3434 uu·
2099 3375 2172 3434 meru
2185 3370 2250 3452 filii
2267 3370 2374 3435 Diuum

1419 3455 1577 3534 Hemdeu,
1607 3460 1635 3519 et
1662 3454 1784 3532 Eabeu,
1812 3459 1838 3520 et
1860 3454 1990 3534 Itbreu,
2017 3460 2045 3520 et
2067 3453 2197 3521 Clarae.
2242 3457 2295 3520 27.
2323 3453 2376 3520 Isti

1417 3547 1490 3606 aaa
1503 3541 1567 3623 utta·
1589 3540 1684 3606 Eser:
1705 3541 1834 3622 aaran,
1856 3547 1885 3606 et
1902 3540 2043 3618 Zaarem
2066 3546 2095 3606 et
2110 3540 2212 3609 Aera.
2248 3543 2300 3608 28.
2323 3541 2376 3605 Isti
2460 3539 2461 3569 ¹

1272 3641 1279 3661 ·
1416 3633 1490 3692 auru
1515 3626 1580 3707 sitii
1608 3625 1731 3692 Diaeu:
1760 3625 1805 3693 Ua
1831 3631 1859 3693 et
1881 3627 1983 3692 Areu.
2028 3625 2079 3692 29.
2104 3627 2166 3693 Isti
2191 3634 2266 3693 aaut
2294 3629 2375 3694 dares

705 3709 856 3776 CAPUT
881 3709 1047 3776 XXXVI.
1194 3739 1198 3748 ·
1417 3711 1628 3778 Heraeorum.-
1649 3714 1715 3778 dar
1737 3713 1848 3788 Letoa,
1869 3712 1937 3777 due
1960 3712 2061 3793 Sabat,
2083 3712 2150 3777 dau
2173 3713 2298 3792 Sibbem
2318 3714 2375 3778 dua

1417 3798 1543 3873 Heueb,
1583 3799 1635 3864 30.
1658 3799 1738 3863 Dua
1759 3799 1872 3878 Deru,
1894 3800 1961 3864 dur
1982 3795 2073 3876 Eser,
2095 3798 2164 3863 dar
2185 3799 2310 3866 Duru:
2331 3799 2376 3861 iati

481 3881 508 3944 1.
540 3881 627 3945 Istue
654 3900 724 3944 rere
758 3886 832 3946 aaut
861 3881 1070 3965 peueratieuea
1099 3877 1209 3958 Esau,
1243 3880 1293 3946 bie
1321 3887 1366 3946 art
1414 3890 1488 3948 aaut
1515 3885 1607 3950 dares
1630 3884 1841 3961 Heraeorum,
1868 3885 1905 3949 iu
1931 3883 2062 3950 empus
2088 3903 2210 3962 aarum
2238 3887 2375 3950 interra

395 3965 504 4032 Edem.
549 3967 579 4030 2.
603 3965 696 4029 Eaaa
724 3966 838 4048 eerepit
864 3987 979 4032 auerea
1007 3988 1083 4033 aura
1103 3988 1120 4032 e
1138 3967 1266 4048 titubes
1290 3965 1365 4032 Obe-
1417 3969 1518 4034 Sebir.
1551 3970 1602 4034 31.
1622 3966 1666 4034 Et
1682 3971 1737 4036 isti
1753 3974 1826 4036 aaut
1840 3989 1925 4052 repes
1942 3971 1998 4051 qai
2014 3975 2222 4053 repuareruut
2242 3972 2278 4035 ia
2299 3975 2376 4035 terra

393 4073 496 4117 uera:
529 4050 649 4116 Hedrb
677 4050 782 4132 tiliam
814 4051 899 4118 Etru
932 4053 1066 4134 Heeitti,
1099 4057 1127 4118 et
1156 4053 1364 4118 Abotibameb
1414 4051 1532 4132 Edem,
1572 4061 1737 4136 autequam
1767 4059 1910 4138 repueret
1939 4075 1996 4120 rea
2029 4075 2123 4136 saper
2153 4055 2238 4135 bliea
2271 4056 2375 4122 Israel.

391 4138 495 4218 (iliam
518 4135 628 4214 aare,
648 4135 750 4217 filiam
773 4137 889 4203 Sibbou
911 4139 1055 4218 ffiruaei,
1094 4139 1124 4204 3.
1148 4137 1191 4203 Et
1214 4137 1365 4204 Besmetb
1413 4141 1464 4206 32.
1491 4142 1608 4224 Nempe
1636 4143 1774 4224 rapuerit
1796 4143 1829 4205 iu
1850 4136 1968 4205 Edem:
1992 4140 2093 4206 Beteb
2118 4141 2208 4222 filius
2230 4141 2334 4209 Beer
2353 4145 2376 4204 et

392 4222 783 4304 praesumerem
803 4223 963 4290 Nebeietb.
996 4225 1027 4289 4.
1046 4223 1090 4288 Et
1105 4225 1228 4305 peperit
1247 4224 1364 4289 Hortata
1413 4247 1520 4292 ueram
1542 4227 1630 4308 urbia
1650 4229 1717 4292 eiua
1734 4225 1912 4292 Dutbebab.
1956 4227 2008 4292 33.
2031 4222 2077 4291 Et
2096 4233 2239 4294 mertam
2258 4233 2305 4294 eat
2328 4226 2375 4292 Sa·

393 4310 458 4392 ipsi
476 4308 568 4375 Eaaa
585 4307 738 4388 Etrpbee:
759 4307 957 4376 etBeametb
968 4311 1094 4390 peperit
1112 4310 1238 4376 Rebuel.
1272 4310 1301 4376 5.
1321 4311 1365 4377 Et
1413 4313 1475 4392 tab,
1497 4317 1525 4377 et
1544 4314 1686 4396 rapuerit
1702 4333 1762 4395 pru
1784 4332 1817 4377 eo
1840 4311 1944 4391 lebab,
1965 4314 2053 4395 filiae
2073 4313 2177 4378 Zerab
2197 4315 2234 4379 ee
2257 4311 2374 4397 Susrab.

395 4394 606 4461 Abotibemeb
620 4394 743 4475 peperit
765 4394 875 4474 Iebaa,
896 4400 924 4459 et
941 4394 1102 4472 lutatam,
1122 4402 1150 4461 et
1173 4394 1288 4462 Cerei:
1309 4397 1365 4462 iatr'
1414 4400 1465 4464 34.
1489 4394 1532 4462 Et
1549 4404 1689 4464 mortuas
1709 4405 1754 4464 eat
1775 4397 1878 4474 lebab,
1901 4403 1928 4463 et
1947 4400 2087 4482 rapuerit
2104 4420 2219 4481 praee
2241 4400 2377 4467 Haaara

393 4480 456 4560 filii
485 4479 578 4545 Esau
606 4480 662 4560 pai
689 4480 758 4543 aeti
786 4485 858 4545 auat
886 4481 921 4544 iu
951 4485 1037 4545 terre
1066 4481 1222 4547 Obeueau.
1267 4484 1296 4548 6.
1321 4482 1366 4548 Et
1414 4491 1533 4550 eterra
1562 4483 1718 4549 Australi.
1763 4483 1814 4548 35.
1844 4481 1888 4548 Et
1919 4490 2058 4550 mortuas
2089 4489 2133 4550 eat
2167 4485 2324 4564 Bassam,
2354 4489 2377 4548 at

395 4566 510 4648 aeeepr't
525 4565 618 4630 Esou
635 4585 854 4643 armatarus,
876 4566 1104 4646 etpitieaauoa,
1127 4567 1363 4648 emersurus,
1413 4571 1553 4654 rapuerit
1576 4590 1639 4650 pre
1672 4590 1706 4636 eo
1740 4570 1859 4635 Haded
1888 4569 1977 4650 fitiaa
2010 4570 2115 4637 seara
2145 4572 2202 4653 qai
2228 4571 2377 4652 peruasit

395 4656 423 4716 et
451 4671 554 4716 omues
580 4652 706 4715 auimea
737 4651 847 4716 mua
873 4671 963 4726 aare,
997 4658 1025 4716 et
1051 4655 1186 4733 prauae
1213 4675 1307 4733 area,
1336 4661 1364 4722 et
1415 4655 1542 4722 Madian
1571 4657 1606 4720 iu
1635 4677 1710 4740 apro
1739 4655 1849 4720 Moab:
1881 4660 1909 4719 et
1936 4677 2044 4722 remea
2069 4656 2158 4721 urbia
2186 4659 2255 4724 eiua
2276 4655 2375 4723 Auiti.
2457 4719 2458 4732 .

397 4738 503 4801 emuia
531 4737 667 4800 iumenta
694 4755 770 4814 aare,
803 4742 831 4801 rt
862 4757 979 4802 omrem
1010 4740 1242 4820 eepaiabiuuem
1273 4761 1363 4807 arem
1414 4744 1465 4807 36.
1490 4739 1533 4806 Et
1554 4747 1694 4806 mortaua
1714 4747 1758 4806 eat
1781 4741 1912 4816 Hadra.
1943 4743 2133 4826 etrepaauit
2149 4763 2212 4824 pro
2234 4765 2268 4809 eo
2294 4743 2377 4811 Sem·
2457 4755 2458 4782 ¹

396 4843 491 4904 quem
522 4822 708 4902 eepaiaierat
734 4823 873 4887 interra
898 4821 1058 4889 Gbeueeu:
1090 4830 1117 4890 et
1141 4826 1298 4908 profectas
1319 4834 1365 4893 eat
1414 4829 1466 4892 tab
1493 4828 1530 4892 de
1559 4826 1734 4892 Meareeab.
1787 4828 1841 4897 37.
1870 4827 1913 4890 Et
1940 4833 2081 4893 mortuas
2110 4833 2156 4892 eat
2184 4827 2328 4902 Semiab
2354 4831 2377 4892 et

396 4907 557 4972 edulium
579 4911 697 4971 terrem
715 4927 736 4970 e
752 4907 834 4987 suae
852 4908 985 4974 Iubeoob
1005 4911 1121 4992 fratria
1136 4913 1197 4976 aui.
1233 4913 1261 4978 7.
1282 4913 1365 4978 Erat
1413 4914 1554 4996 repaaur't
1575 4934 1638 4993 pre
1666 4933 1698 4979 eo
1723 4913 1802 4978 Saul
1828 4915 1866 4980 de
1890 4913 2043 4978 Rebobotb
2068 4914 2221 4992 staminia.
2266 4917 2319 4982 38.
2342 4913 2377 4979 Et

395 4995 478 5059 euim
495 4991 670 5057 substratio
688 5012 793 5058 eemrm
809 4996 916 5072 matta,
935 4997 982 5060 ite
999 5000 1033 5060 ut
1048 4998 1208 5078 requirent
1223 4998 1365 5066 babitare
1412 5005 1552 5065 mortuae
1570 5003 1615 5062 eat
1628 4997 1714 5072 Saul.
1734 5005 1761 5064 et
1777 5001 1918 5084 rapuerit
1929 5019 1991 5080 pru
2007 5020 2041 5065 eo
2053 4998 2281 5067 Bahal-bauan
2298 5003 2377 5083 pilius

389 5079 533 5160 pariter:
554 5097 607 5141 uec
619 5082 741 5158 peterat
756 5083 840 5146 terra
855 5083 1143 5165 perepriuatieaam
1159 5103 1266 5148 eoram
1281 5086 1364 5168 serre
1414 5085 1544 5150 Aebbor.
1599 5084 1651 5150 39.
1684 5083 1728 5150 Et
1766 5092 1908 5150 mortuus
1946 5090 1991 5149 eat
2028 5083 2256 5152 Bubul-berea
2294 5089 2376 5169 [iiius

395 5185 445 5230 eea
469 5168 599 5244 prepter
625 5162 828 5229 substratiora
856 5187 970 5232 eoram.
1016 5169 1045 5232 8.
1071 5167 1238 5235 Habitarit
1260 5171 1364 5252 itaque
1414 5171 1568 5247 Haebbor,
1590 5175 1617 5234 et
1636 5172 1774 5254 rapuerit
1791 5192 1852 5254 pro
1869 5192 1901 5235 ee
1920 5171 2052 5236 Heder:
2073 5177 2226 5238 etamueu
2246 5176 2377 5239 aramis

395 5250 487 5315 Eaea
515 5249 548 5314 iu
577 5253 675 5346 aarum
698 5248 803 5315 Sebir:
825 5251 916 5316 Esau
937 5257 982 5317 eat
1003 5252 1112 5318 Edoru.
1157 5255 1186 5318 9.
1210 5258 1259 5321 Aa
1285 5259 1364 5322 iatee
1412 5259 1480 5322 eiua
1504 5255 1613 5320 Patra:
1639 5276 1748 5322 mmea
1775 5263 1877 5322 autera
1897 5257 2006 5322 armis
2026 5257 2094 5322 eiua
2117 5257 2289 5324 Mebetabel
2313 5260 2375 5341 fitia

391 5341 469 5401 aaut
487 5338 697 5417 pmerrames
719 5335 811 5401 Esou
831 5339 940 5418 patria
961 5337 1061 5402 Edem
1082 5341 1119 5404 iu
1140 5345 1237 5407 moute
1260 5341 1362 5409 Sebir.
1415 5343 1541 5408 Metred
1563 5341 1649 5414 btiae
1673 5343 1845 5410 Meeebab.
1889 5343 1940 5408 40.
1965 5342 2035 5408 Iate
2056 5363 2127 5426 arpo
2154 5351 2225 5410 aaut
2252 5348 2376 5412 rremiuo
