5022 6192
133 449 175 516 85
791 449 1162 520 COMMENTARIUS
1185 453 1235 519 IN
1258 451 1472 520 ossuum.
2088 457 2131 523 86

219 643 249 708 4.
274 641 423 726 Βιιρωιι
445 640 603 705 Dominae
627 639 670 704 ed
701 637 795 716 Abel,
825 643 876 704 ele.
928 638 1105 722 Respieere
1158 663 1213 708 sus
1235 641 1398 726 sepeliunt
1421 641 1485 707 Dei
1507 641 1645 724 gratiam
1668 661 1766 724 quam
1801 642 1937 726 spiritus
1960 645 2132 727 praeeipne

132 727 227 793 Deus
261 727 425 793 bominem
453 726 588 802 dieitur,
611 745 708 808 quem
732 724 844 790 favore
861 743 921 788 suo
943 722 1104 807 dignatur.
1157 726 1370 795 commendat.
1407 725 1541 811 Frigida
1563 729 1660 792 etiam
1679 727 1744 806 alii,
1767 728 1823 810 qui
1845 737 1974 792 tuntum
1998 739 2131 814 propter

132 815 310 881 Caeterum
340 812 484 878 notanda
516 821 567 876 est
595 814 695 877 series
723 809 777 875 hio
806 831 826 874 a
859 809 950 875 Mose
982 813 1105 894 posita:
1157 814 1414 896 regenerationis
1444 812 1566 877 donum
1596 813 1659 877 lide
1686 833 1747 878 nos
1771 815 1906 898 purgari
1934 814 2059 892 doeeut,
2093 825 2132 880 ut

133 920 240 982 neque
270 901 356 964 euim
386 897 576 981 simpliciter
602 907 714 962 narrat
734 896 893 980 plaeuisse
915 894 987 960 Deo
1009 919 1106 980 quem
1158 902 1281 982 aeoepti
1310 900 1414 964 simne
1438 897 1521 964 Deo.
1573 899 1686 980 Neque
1719 901 1805 964 enim
1840 898 2007 965 dimidiam
2036 901 2131 967 modo

133 986 183 1051 illi
205 986 329 1051 nultum
353 984 436 1049 Abel
461 982 637 1048 exhibebat
656 981 713 1047 sed
736 981 906 1046 exordium
928 1002 948 1044 a
970 1003 1107 1064 persona
1158 994 1285 1070 partem
1303 985 1469 1064 omittunt,
1492 983 1549 1050 sed
1571 985 1745 1050 aedificant
1766 986 1887 1068 absque
1908 985 2129 1064 fundamento,

134 1072 227 1137 lauit:
251 1071 336 1154 quod
359 1069 530 1154 signifieat,
553 1068 677 1134 nullam
699 1067 770 1132 fore
791 1068 943 1150 operibus
966 1070 1105 1152 gratiam
1158 1070 1286 1154 quaudo
1309 1081 1441 1154 propter
1466 1072 1594 1154 generis
1620 1071 1755 1134 humaui
1774 1071 2035 1137 maledietionem
2057 1091 2131 1157 gra·

134 1177 246 1223 eoram
275 1158 363 1234 Deo,
397 1156 460 1220 nisi
494 1175 633 1236 quorum
664 1163 760 1218 autor
789 1154 854 1218 iam
886 1162 963 1218 aute
993 1167 1106 1238 gratus
1158 1158 1244 1221 tuita
1282 1156 1502 1222 reoouoiliatio
1537 1155 1710 1239 praeoedat
1739 1175 1870 1222 neeesse
1892 1167 1950 1222 aet.
2002 1156 2132 1224 Deinde

135 1245 194 1322 sit,
228 1263 265 1309 ao
298 1241 463 1324 probetur.
509 1240 578 1306 Nee
607 1240 741 1304 mirum:
776 1239 874 1303 homo
903 1239 990 1303 enim
1019 1239 1107 1305 videt
1158 1242 1288 1324 quando
1318 1263 1486 1325 nunquam
1514 1242 1562 1306 ita
1590 1263 1667 1308 suos
1696 1252 1868 1326 regenerat
1895 1242 1987 1308 Deus
2013 1245 2048 1307 in
2071 1243 2133 1310 hoo

134 1349 218 1412 quae
241 1336 414 1411 apparent,
437 1325 531 1392 Deus
551 1337 658 1390 autem
682 1345 737 1390 eor
763 1327 926 1389 intuetur:
949 1323 991 1409 (1.
1016 1325 1123 1401 Sam„
1158 1327 1296 1407 mundo,
1315 1336 1353 1393 ut
1382 1327 1522 1411 perleote
1550 1327 1657 1410 ipsum
1688 1327 1813 1405 nolant,
1836 1327 1963 1392 nullum
1988 1328 2132 1395 hominis

136 1414 186 1490 16,
209 1412 244 1500 9)
274 1413 346 1478 ideo
386 1433 451 1477 non
480 1411 612 1476 aliunde
644 1431 742 1493 opera
770 1411 921 1474 aestimat
949 1431 1045 1492 quam
1066 1433 1107 1476 ex
1159 1434 1239 1496 opus
1262 1414 1332 1478 sine
1354 1413 1540 1496 expiatione
1562 1425 1691 1496 gratum
1711 1423 1910 1496 essopotest.
1940 1415 2050 1498 Atque
2068 1415 2133 1480 hue

135 1501 206 1585 ipso
239 1499 344 1565 eordis
377 1499 473 1564 sonte.
524 1497 620 1564 Unde
652 1497 750 1561 etiam
785 1497 822 1560 fit
856 1504 894 1559 ιιι
932 1496 1107 1579 impiorum
1159 1500 1317 1583 speetavit
1338 1499 1454 1584 legalis
1485 1497 1615 1563 lavandi
1648 1499 1870 1580 eaeremonia,
1897 1506 1936 1565 ut
1969 1501 2133 1566 disoerent
2177 1501 2182 1512 '

134 1586 304 1660 viotimas,
327 1583 506 1667 quamlibet
527 1583 560 1647 in
584 1583 685 1648 oeulis
708 1581 876 1646 hominum
904 1581 1107 1664 splendeant,
1160 1585 1318 1662 homiues,
1341 1585 1467 1668 quoties
1486 1585 1608 1648 vellent
1625 1584 1666 1648 ad
1683 1585 1793 1650 Deum
1816 1584 1977 1666 aooedere,
2000 1585 2132 1652 aliunde

134 1695 200 1737 non
225 1671 322 1735 modo
344 1681 490 1754 spernat,
513 1668 570 1735 sed
593 1669 691 1734 etiam
714 1668 928 1733 abominetur.
973 1668 1058 1733 Nam
1080 1669 1107 1733 ιι
1160 1671 1332 1755 petendam
1361 1690 1432 1736 esse
1460 1670 1665 1735 munditiem.
1718 1669 1808 1755 Ergo
1830 1681 1909 1738 tuno
1938 1671 2070 1738 demum
2091 1671 2133 1736 ad

135 1759 206 1823 solo
239 1766 328 1822 tauto
369 1756 571 1821 contaminat
612 1757 679 1820 suis
719 1752 869 1818 sordibus
902 1775 954 1818 res
989 1754 1109 1838 alioqui
1161 1767 1272 1822 nostra
1298 1757 1452 1840 obsequia
1481 1756 1634 1839 respioiet
1656 1756 1761 1834 Deus,
1785 1757 1838 1822 ubi
1862 1779 1922 1823 nos
1944 1760 1977 1822 in
2000 1757 2133 1824 Christo

134 1863 236 1926 puras
265 1853 300 1905 et
329 1841 483 1916 mundas,
514 1841 626 1924 quiin
657 1839 767 1904 anima
793 1859 853 1902 sua
877 1839 1020 1921 pollutus
1042 1850 1108 1904 est:
1160 1843 1348 1925 respexerit.

134 1928 295 2012 quomodo
314 1947 381 1990 nou
398 1926 605 1991 immundum
624 1931 709 1990 esset
726 1921 812 2006 quod
830 1925 870 1988 ab
888 1926 959 2008 ipso
977 1923 1108 2008 prodit?
1245 1927 1275 1992 5.
1299 1928 1354 1993 Ad
1378 1927 1459 1993 (lein
1487 1947 1558 1992 uero
1579 1931 1606 1992 el
1627 1927 1670 1992 ad
1701 1927 1881 1993 οιιαιιοιιιιιι
1910 1929 1979 1994 eius
2006 1949 2068 1994 uon
2087 1947 2135 1995 re

134 2013 250 2096 Quum
262 2011 356 2077 Deus
372 2011 530 2076 larvatem
549 2010 719 2088 iustitiam,
734 2029 799 2092 qua
815 2008 1042 2093 gloriabantur
1052 2011 1109 2074 Iu·
1160 2014 1269 2094 spexit.
1323 2013 1398 2077 Non
1425 2012 1560 2076 dubium
1582 2019 1632 2078 est
1661 2013 1741 2095 quin
1764 2031 1800 2077 se
1829 2015 1969 2096 gesserit
1990 2014 2076 2079 (lain
2099 2022 2138 2080 ιιι

134 2100 225 2179 daei,
253 2097 422 2182 repudiat,
449 2097 560 2163 obiioit
584 2116 756 2180 persuum
776 2096 969 2178 prophetam
992 2115 1109 2162 manus
1160 2097 1266 2164 solent
1287 2097 1494 2182 hypocritae:
1518 2118 1635 2182 nempe
1658 2099 1765 2163 Deum
1787 2098 1916 2181 plaoare
1934 2098 2137 2166 defunetorie

135 2206 250 2250 eorum
274 2183 388 2267 plenas
411 2203 482 2248 esse
505 2184 674 2267 sanguiue.
696 2179 833 2265 (lesaiae
847 2183 874 2261 1,
899 2181 962 2267 15.)
985 2183 1108 2246 Eadem
1163 2184 1266 2249 voluit
1289 2184 1433 2249 externis
1450 2185 1626 2260 sacrifieiis,
1646 2203 1681 2250 se
1699 2195 1809 2249 autem
1828 2191 1934 2249 totum
1954 2184 2003 2250 illi
2027 2183 2137 2252 dioare

135 2271 262 2336 ratione
279 2281 406 2353 pugnat
424 2272 578 2352 Aggasus
599 2275 712 2334 eontra
736 2269 931 2352 hypooritas.
977 2266 1110 2350 Speoies
1161 2270 1295 2334 minime
1328 2271 1464 2334 ouravit.
1521 2270 1623 2352 Atqui
1656 2268 1823 2352 legitimus
1853 2270 1905 2334 hie
1938 2271 2046 2336 uultus
2077 2279 2136 2352 est,

135 2377 215 2440 ergo
245 2363 383 2421 externa
402 2375 553 2437 operum,
576 2373 658 2437 quae
682 2353 793 2418 oeulos
815 2363 958 2432 nostros,
981 2354 1037 2436 qui
1060 2353 1109 2417 ni·
1161 2355 1278 2420 offerre
1300 2375 1360 2421 nos
1383 2353 1456 2420 Deo
1479 2355 1663 2437 spirituales
1691 2355 1850 2421 vietimas.
1894 2356 2009 2422 ‘Palem
2032 2356 2136 2441 hypo·

134 2443 201 2508 mis
219 2441 330 2508 oarnei
349 2451 435 2522 sunt,
453 2439 606 2505 deludere
624 2446 741 2521 potest,
763 2459 872 2504 eoram
884 2439 955 2504 Deo
973 2459 1109 2504 evanes—
1161 2440 1262 2508 erisin
1317 2460 1394 2505 uum
1426 2440 1516 2505 Deus
1545 2440 1655 2505 videat
1676 2461 1751 2506 oum
1780 2460 1888 2506 erasse
1905 2451 1938 2506 et
1960 2441 2135 2508 manifesto

135 2529 191 2594 eit.
234 2527 349 2609 Neque
369 2546 447 2591 vero
470 2524 504 2590 id
522 2525 675 2609 profanos
693 2544 819 2607 quoque
837 2524 985 2590 homiues
1003 2525 1109 2602 latuit,
1161 2527 1212 2591 sui
1240 2525 1308 2590 ludi
1331 2527 1380 2590 rio
1416 2525 1624 2591 ooniuuotam
1660 2545 1747 2604 asse,
1782 2547 1845 2591 nou
1875 2527 1995 2592 mirum
2029 2537 2080 2592 est
2108 2528 2136 2595 ai

135 2633 276 2698 quorum
300 2622 429 2694 poetae,
452 2611 529 2676 dum
553 2631 632 2676 sane
654 2619 685 2674 et
714 2611 777 2674 rite
802 2611 981 2693 eomposita
1001 2623 1111 2676 mente
1162 2611 1276 2689 oderit,
1307 2632 1344 2677 ae
1375 2611 1514 2676 tolerare
1532 2621 1690 2696 nequeat:
1721 2611 1809 2676 unde
1836 2614 1934 2677 etiam
1957 2613 1996 2677 fit
2017 2621 2052 2678 ul
2083 2635 2135 2679 ra·

134 2701 316 2782 loquuntur
338 2698 378 2762 de
407 2698 498 2762 oultu
529 2697 605 2776 Dei,
636 2705 669 2761 et
691 2695 848 2760 mundum
872 2715 929 2760 eor
951 2707 983 2760 et
1012 2717 1110 2779 puras
1162 2709 1388 2780 spuateorum
1406 2699 1575 2780 operaqui
1594 2699 1735 2781 seipsos
1757 2697 1805 2761 illi
1823 2698 2031 2764 subtrahunt.
2065 2699 2135 2766 Nos

134 2805 255 2850 manus
283 2785 461 2868 requirunt.
510 2782 598 2848 Hine
626 2782 725 2846 etium
755 2780 841 2864 apud
861 2801 974 2847 omnes
996 2794 1111 2865 gentes
1163 2785 1251 2848 enim
1263 2781 1486 2866 vultprimum
1500 2782 1691 2849 sibihebere
1709 2781 1869 2848 addiotos:
1887 2783 2003 2849 deinde
2017 2785 2135 2851 ineius

135 2871 294 2938 solemnis
327 2869 458 2935 lavandi
488 2869 570 2933 ritus
599 2877 676 2932 ante
704 2867 871 2933 saerifieia.
915 2865 987 2932 Iam
1010 2888 1109 2950 quum
1162 2869 1364 2935 obedientiae
1385 2868 1606 2933 testimouium
1640 2889 1741 2953 opera
1763 2877 1875 2933 nostra
1903 2869 2047 2952 quaerit,
2077 2869 2135 2935 sed

76 3003 81 3012 ·
135 2956 215 3023 alibi
234 2963 373 3021 testetur
391 2955 526 3037 spiritus
544 2974 602 3036 per
624 2973 659 3018 oa
681 2953 771 3017 Petri
795 2951 881 3038 (Aet.
907 2953 956 3030 15,
979 2953 1022 3039 9).
1046 2951 1110 3018 fide
1162 2954 1297 3019 nonnisi
1324 2953 1466 3021 seeundo
1492 2953 1572 3020 loeo.
1617 2953 1806 3020 Notandum
1836 2965 1955 3033 autem,
1977 2957 2134 3040 figmenta

134 3043 304 3126 purificari
326 3040 440 3118 eorda,
462 3059 524 3105 neo
543 3040 641 3104 aliam
670 3037 769 3104 fuisse
791 3041 966 3121 puritatem
990 3039 1111 3104 sanetis
1162 3039 1280 3118 omnia,
1298 3040 1414 3122 quibus
1433 3049 1466 3106 et
1486 3040 1559 3106 Deo
1581 3049 1615 3105 et
1631 3041 1692 3107 sibi
1710 3041 1790 3124 ipsis
1808 3040 1956 3106 homiues
1981 3040 2133 3121 illudunt,

135 3127 301 3212 patribus:
328 3149 393 3192 uon
423 3126 545 3190 frustra
573 3125 696 3208 oolligit
722 3124 902 3207 apostolus,
932 3123 995 3190 fide
1018 3145 1110 3208 prae·
1162 3123 1364 3193 infidelitatis
1409 3145 1480 3192 esse
1526 3127 1659 3192 fruetus.
1725 3127 1860 3192 Aeeedit
1899 3136 1932 3191 et
1971 3127 2133 3209 superbia,

135 3215 311 3280 stantiores
333 3213 433 3278 luisse
456 3211 579 3277 hostias
602 3210 690 3274 Abel.
731 3210 847 3292 ltaque
869 3211 973 3293 primo
995 3221 1111 3275 tenen·
1163 3211 1247 3294 quod
1269 3210 1428 3277 inereduli
1456 3221 1642 3295 oontempta
1672 3212 1861 3278 mediatoris
1884 3215 1990 3296 gratia
2019 3233 2134 3278 seuure

135 3299 215 3363 dum
238 3308 298 3376 est,
316 3319 527 3382 quaeeunque
550 3305 626 3360 ante
649 3295 743 3360 fidem
767 3296 851 3360 fiunt
868 3317 975 3380 opera,
993 3296 1111 3378 qualis·
1162 3298 1197 3361 in
1221 3297 1282 3361 Dei
1311 3307 1519 3380 eonspeotum
1548 3320 1583 3363 se
1605 3299 1769 3382 ingerunt.
1815 3297 1924 3364 Stulte
1946 3298 2134 3364 oomminis·

134 3405 266 3467 nonque
289 3387 322 3448 iu
357 3383 423 3447 illis
457 3391 614 3465 appareat
645 3382 788 3446 iustitiae
823 3382 992 3464 splendor,
1025 3382 1108 3446 nihil
1162 3397 1282 3448 ountur
1299 3382 1422 3460 Iudaei,
1446 3385 1592 3468 ingratas
1613 3383 1712 3449 fuisse
1735 3383 1917 3448 oblationes
1939 3383 2034 3462 Oaiu,
2057 3383 2134 3466 quia

134 3489 208 3536 esse
232 3470 296 3535 nisi
323 3489 414 3534 mera
435 3477 566 3551 peooata
592 3465 758 3552 (quoniam
781 3487 801 3531 a
822 3486 883 3531 sua
903 3467 1011 3533 radios
1033 3475 1110 3533 suut
1160 3469 1270 3534 Deum
1295 3469 1412 3552 opimis
1441 3469 1538 3551 spieis
1566 3467 1778 3546 defraudans,
1802 3468 1931 3534 steriles
1953 3469 2057 3534 solum
2079 3469 2132 3534 rel

134 3555 322 3643 inquinata)
350 3563 383 3620 et
399 3554 521 3619 foetere
542 3573 651 3618 eoram
680 3553 832 3631 Domino,
855 3554 909 3618 oui
932 3554 1003 3618 siue
1025 3554 1109 3617 inte·
1161 3553 1359 3638 semiplenas
1372 3553 1516 3638 maligue
1534 3555 1677 3621 offerret
1716 3555 1824 3620 Altius
1842 3564 1877 3619 et
1894 3555 2000 3639 magis
2019 3575 2132 3620 reoon·

131 3641 215 3706 riori
249 3643 355 3707 eordis
387 3639 546 3709 munditie
583 3639 710 3722 plaeere
742 3639 825 3702 nihil
863 3649 979 3721 potest.
1036 3638 1109 3705 Uti·
1160 3639 1264 3705 ditum
1295 3639 1355 3704 luit
1383 3639 1523 3718 malum,
1546 3640 1603 3705 illa
1631 3640 1769 3719 seilioet,
1798 3662 1895 3724 quam
1919 3640 2002 3719 dixi,
2025 3639 2132 3706 sordis

133 3748 215 3792 nam
247 3727 307 3792 hoo
335 3734 526 3808 reputarent
547 3725 601 3808 qui
631 3724 671 3789 ad
701 3724 921 3807 recipiendam
946 3725 1008 3791 Dei
1038 3746 1111 3808 gra·
1159 3725 1397 3791 immundities:
1421 3725 1515 3791 siouti
1538 3746 1556 3791 e
1578 3745 1736 3791 eonverso
1758 3726 1924 3792 saorifioiis
1947 3724 2029 3791 Abel
2056 3745 2131 3808 gra·-

133 3814 216 3877 tiam
246 3811 378 3877 idoneos
405 3811 536 3896 proprio
565 3809 658 3875 liberi
688 3810 814 3875 arbitrii
844 3823 934 3874 motu
960 3809 1109 3875 homines
1160 3812 1239 3876 tiam
1269 3811 1440 3876 oonoiliare
1459 3830 1522 3875 uon
1552 3813 1660 3896 potuit
1680 3811 1820 3877 foetidus
1841 3831 1882 3876 ex
1910 3810 2132 3877 eombustione

131 3899 284 3983 fingunt:
326 3897 416 3962 nulla
460 3905 548 3961 uerte
586 3896 806 3960 oontroversia
852 3907 990 3960 restaret
1028 3897 1106 3979 quin
1159 3895 1264 3979 adipis
1294 3897 1397 3972 nidor,
1427 3895 1482 3962 sed
1502 3895 1584 3962 bono
1608 3897 1684 3962 fidei
1709 3897 1807 3963 odore
1831 3897 1963 3981 perfusa
1986 3898 2132 3962 suaviter

134 3985 231 4060 Dens
264 3983 366 4068 gratis
395 3983 548 4048 iustificat
580 3981 745 4060 homiues,
780 3979 876 4064 idque
910 4003 968 4064 per
1000 3981 1107 4047 fidem.
1159 3981 1299 4047 olebant.

132 4070 259 4133 Fixum
283 4069 364 4134 illud
383 4087 514 4134 manere
536 4076 678 4150 oportet:
702 4066 827 4130 nullum
851 4067 884 4130 in
907 4068 967 4132 Dei
990 4069 1109 4133 iudioio
1245 4066 1289 4131 El
1309 4069 1413 4132 iratus
1434 4072 1478 4132 art
1508 4065 1588 4133 Ouia
1616 4067 1810 4133 ammata.
1859 4066 2039 4149 Quaeritur
2068 4068 2128 4133 hoo

131 4155 393 4238 haberioperum
407 4165 605 4236 roepeotum,
627 4153 774 4218 doneoin
796 4154 934 4238 gratiam
959 4165 1108 4236 reoeptus
1158 4151 1229 4220 loeo
1251 4153 1338 4218 unde
1358 4152 1557 4218 intellexerit
1573 4152 1667 4232 (lain,
1689 4154 1800 4219 fratris
1821 4153 2037 4220 oblationibus
2054 4173 2130 4220 suas

133 4243 180 4306 sit
205 4241 312 4306 homo.
364 4240 514 4305 Alterum
543 4237 678 4321 perinde
712 4249 800 4304 eerto
829 4246 975 4304 eonstat:
1006 4259 1106 4321 quum
1159 4239 1260 4304 fuisse
1281 4239 1493 4323 posthabitas.
1536 4237 1679 4302 Hebraei
1702 4259 1761 4303 suo
1781 4259 1871 4304 more
1893 4238 1934 4304 ad
1958 4238 2130 4304 divinatio·

131 4325 208 4392 Deo
230 4346 366 4391 exosum
388 4327 430 4392 ιιι
451 4334 556 4388 ιοιιιιιι
579 4323 759 4388 humanum
783 4344 895 4407 genus,
918 4325 1106 4390 uenalium
1159 4345 1233 4389 nem
1262 4325 1469 4408 eonfugiuut,
1498 4335 1531 4388 et
1554 4324 1685 4407 fingunt
1714 4325 1906 4390 saorifioium
1936 4323 2017 4389 Abel
2053 4325 2130 4408 igne

129 4433 206 4478 esse
227 4409 486 4478 reoonoiliandae
513 4411 638 4493 gratiae
666 4408 799 4473 modum
829 4410 889 4474 nisi
912 4431 978 4559 per
999 4409 1106 4475 iidem.
1159 4410 1290 4475 coelesti
1311 4411 1411 4475 luisse
1432 4419 1677 4493 eousumptum:
1700 4409 1755 4476 sed
1780 4411 1855 4492 quia
1878 4421 2005 4475 tantum
2028 4410 2130 4475 lieen-

131 4499 240 4563 Porro
268 4518 367 4580 quum
403 4497 483 4561 fides
519 4496 701 4580 gratuitum
740 4496 784 4560 sit
804 4495 882 4560 ·Dei
934 4515 1051 4560 onum:
1074 4505 1108 4561 et
1158 4497 1223 4561 tiae
1239 4497 1332 4560 nobis
1350 4497 1537 4579 permittere
1555 4514 1620 4559 non
1639 4494 1793 4560 debemus
1811 4505 1848 4560 ut
1865 4496 2023 4561 miraeula
2041 4515 2129 4560 eom·

132 4583 310 4668 peouliaris
333 4583 466 4666 spiritus
483 4581 696 4659 illuminatio,
715 4581 791 4645 inde
808 4581 959 4666 oolligere
978 4603 1107 4666 promp·
1157 4582 1369 4646 minisoamur
1391 4603 1473 4664 quae
1495 4580 1620 4645 nullum
1644 4578 1767 4645 habeut
1784 4603 1825 4645 ex
1848 4581 2019 4664 seripturis
2037 4581 2128 4644 testi·

132 4683 205 4734 tum
231 4679 290 4746 est,
313 4688 403 4734 mera
421 4669 489 4732 eius
509 4667 613 4745 gratia
636 4687 694 4732 nos
717 4668 901 4750 praeveniri
924 4688 992 4732 non
1015 4689 1107 4733 seous
1158 4667 1319 4746 monium,
1348 4667 1511 4732 faoessant
1551 4664 1706 4731 Iudaicae
1740 4665 1876 4731 fabulae.
1932 4668 1981 4730 Ao
2021 4667 2127 4752 magis

131 4775 172 4820 ao
196 4757 223 4820 si
243 4773 343 4819 noae
373 4763 476 4818 morte
504 4754 671 4818 exaitaret.
724 4752 798 4833 Quo
820 4754 919 4818 etiam
942 4774 1040 4819 sensu
1059 4753 1106 4818 di·
1157 4752 1288 4836 quidem
1318 4751 1484 4834 probabile
1506 4762 1569 4831 est,
1593 4772 1635 4816 ex
1663 4754 1816 4816 oontinuo
1843 4771 1952 4816 rerum
1975 4769 2127 4818 suooessu

131 4843 186 4906 xit
219 4841 353 4918 Petrus,
382 4838 490 4904 Deum
531 4859 602 4904 esse
633 4837 689 4921 qui
719 4836 782 4902 fide
802 4845 805 4852 '
822 4839 920 4904 eorda
949 4839 1106 4922 purifieat.
1157 4839 1241 4904 (lein
1259 4838 1415 4903 iudicium
1440 4839 1564 4914 lenisse,
1592 4837 1684 4902 ouius
1703 4837 1854 4901 meminit
1872 4837 1991 4902 Moses.
2031 4836 2128 4902 Vidit

130 4927 251 5010 Neque
278 4927 365 4992 enim
395 4924 428 4989 id
461 4925 634 5008 quadraret
663 4923 727 4988 nisi
757 4923 855 4990 fidem
888 4926 1043 4990 formaret
1071 4925 1106 4988 in
1157 4925 1250 4989 fratri
1268 4923 1384 4989 melius
1402 4944 1473 4989 esse
1491 4942 1586 5005 quam
1610 4922 1686 4988 sibi:
1708 4922 1785 4987 iude
1806 4922 2058 5006 eollegitDeum
2076 4923 2128 4988 illi

130 5013 287 5078 eordibus
317 5011 502 5087 homiuum,
525 5022 563 5075 ut
585 5031 660 5074 vere
683 5011 752 5074 eius
781 5010 903 5076 donum
925 5021 1106 5076 oenseatur.
1158 5031 1228 5074 esse
1251 5009 1443 5093 propitium,
1469 5009 1531 5074 sibi
1555 5010 1728 5073 infensum.
1774 5007 1905 5076 Soimus
1933 5017 2042 5073 autem
2065 5008 2127 5088 hy·

131 5099 233 5163 Nune
262 5096 440 5162 videndum
471 5105 521 5161 est
550 5095 709 5179 quomodo
737 5095 779 5160 sit
815 5099 941 5179 puritas
968 5096 1108 5162 'effeetus
1159 5095 1288 5178 poeritis
1319 5095 1402 5160 nibil
1427 5093 1531 5178 pluris
1559 5114 1629 5159 esse
1656 5092 1878 5160 benedictione
1906 5107 2052 5170 terrena,
2075 5096 2127 5158 ni-

130 5184 221 5250 fidei.
284 5180 418 5248 Insulae
457 5183 554 5247 nimis
587 5191 620 5244 et
660 5182 768 5246 ieiuna
801 5197 851 5247 est
890 5180 1106 5265 philosophie,
1158 5180 1268 5264 hilque
1297 5183 1402 5264 magis
1429 5201 1499 5245 esse
1530 5181 1628 5246 eordi.
1673 5180 1775 5244 Porro
1804 5181 1897 5244 uobis
1926 5180 1961 5242 in
1988 5199 2127 5263 persona

130 5289 268 5335 eausam
296 5267 422 5346 afferre,
456 5268 532 5350 quia
565 5267 695 5332 nonnisi
729 5266 791 5331 fide
829 5267 976 5332 homines
999 5268 1107 5332 Deum
1158 5267 1240 5332 (lain
1264 5267 1410 5350 pingitur
1427 5267 1534 5349 imago
1557 5265 1648 5348 impii
1672 5265 1824 5344 hominis,
1846 5266 1900 5348 qui
1923 5276 2034 5330 tamen
2056 5266 2124 5330 ius-

129 5365 416 5420 remuueratorem
438 5363 608 5437 quaerunt.
653 5353 722 5434 Qui
744 5353 791 5418 sio
808 5354 993 5436 loquuntur,
1016 5373 1107 5437 pror·
1158 5365 1213 5417 tus
1235 5352 1309 5417 vult
1331 5353 1455 5430 haberi,
1476 5353 1542 5416 imo
1574 5351 1634 5417 sibi
1661 5351 1747 5416 iuter
1775 5361 1905 5416 sanetus
1926 5350 2033 5416 looum
2056 5352 2125 5434 pri·

1868 5451 1901 5506 61
