4988 6192
185 413 246 480 425
847 409 1220 483 COMMENTARIUS
1243 412 1295 479 IN
1317 413 1531 482 GENESIN.
2122 421 2187 486 426

184 600 298 689 gebat,
325 601 410 686 quod
432 597 650 687 inexplebilis
677 601 732 668 hio
760 623 895 688 gurges,
925 611 1095 687 quaestum
1118 625 1160 669 ex
1212 602 1299 670 oabit
1321 604 1398 670 deos
1420 625 1506 670 suos.
1545 603 1636 669 Hine
1657 624 1737 670 vero
1758 625 1799 688 ep
1823 612 1893 670 aret
1915 614 2038 688 quanta
2058 605 2102 671 sit·
2123 605 2186 671 hu-

184 687 373 773 tnrpissima
406 685 644 755 nundinatione
673 689 794 754 laetum
821 689 1043 756 absorbuerat.
1093 689 1160 755 No-
1212 689 1302 754 mani
1341 689 1468 775 ingenii
1508 689 1680 774 propensio
1713 689 1754 754 ad
1787 626 2019 756 idololatriam:
2056 690 2186 774 quando

183 774 323 840 tandum
345 780 456 840 autem
475 782 524 840 est
546 772 692 841 addietas
711 781 789 842 tune
806 774 906 842 fuisse
925 776 1054 854 marito,
1075 775 1162 840 ideo·
1211 775 1351 841 saeoulis
1371 775 1522 842 omnibus
1544 784 1728 860 grassatum
1751 784 1801 842 est
1822 777 1883 842 hoe
1905 777 2038 857 vitium,
2062 785 2101 842 ut
2122 777 2185 842 sibi

183 881 247 945 que
265 860 404 926 liberum
422 858 470 925 illi
487 858 589 926 fuisse
607 868 736 944 epatre
755 858 948 927 dissessum:
968 861 1161 944 praesertim
1212 859 1362 927 homines
1384 869 1577 945 expeterent
1599 861 1743 928 visibiles
1765 862 1828 927 Dei
1853 864 1985 947 figuras.
2029 861 2185 927 Nondum

183 965 285 1030 quum
317 945 440 1012 seirent
472 966 608 1011 manum
636 945 741 1012 sibia
769 945 841 1012 Deo
868 947 1002 1031 porrigi.
1046 945 1161 1030 Neque
1212 956 1357 1012 amorte
1379 945 1475 1011 Noah
1498 947 1601 1030 elapsi
1622 956 1716 1012 eraut
1738 948 1816 1014 anni
1834 947 1981 1015 dueenti:
2007 945 2084 1014 Sem
2108 968 2186 1014 vero

182 1032 273 1099 enim
292 1030 426 1097 dubium
444 1037 494 1097 est
511 1052 611 1113 quum
629 1052 803 1115 persuasae
821 1031 1038 1099 essentlaeob
1057 1031 1160 1098 fidum
1211 1032 1307 1115 paulo
1339 1041 1415 1098 ante
1448 1031 1645 1099 deeesserat:
1679 1032 1768 1099 illius
1801 1032 1947 1098 doetrina
1974 1053 2033 1117 per
2068 1053 2185 1100 manue

182 1139 256 1184 esse
278 1117 342 1183 Dei
364 1117 576 1201 prophetam,
598 1118 736 1184 eoeleste
757 1118 928 1186 oraeulum
949 1139 992 1182 ex
1013 1119 1083 1184 eius
1104 1138 1161 1183 ore
1210 1114 1341 1195 tradita,
1364 1118 1508 1185 maxime
1527 1119 1617 1184 inter
1637 1127 1783 1203 posteros
1802 1119 1910 1186 'Phara
1932 1120 2043 1204 vigore
2065 1117 2186 1187 debue-

180 1203 324 1269 libanter
353 1222 425 1269 esse
453 1204 637 1287 amplexas:
670 1223 747 1269 nam
769 1206 805 1268 in
828 1205 899 1288 ipsa
927 1202 1073 1270 clausula
1094 1225 1160 1269 non
1210 1213 1278 1267 rat:
1302 1203 1378 1287 quia
1399 1203 1485 1270 hane
1507 1204 1569 1271 sibi
1589 1204 1736 1285 domum,
1758 1205 1852 1289 quasi
1874 1206 2006 1271 unioum
2029 1205 2065 1270 in
2086 1204 2185 1272 terris

182 1298 251 1356 tam
280 1289 350 1354 eius
378 1296 453 1354 voto
488 1308 523 1354 se
551 1287 752 1356 subsoribere
782 1310 880 1373 quam
909 1289 974 1355 Dei
1006 1288 1160 1355 mandato
1210 1289 1388 1354 sacrarium
1415 1288 1559 1374 elegerat
1583 1289 1760 1370 Dominus,
1789 1291 1845 1357 ubi
1874 1289 1987 1374 purius
2014 1290 2184 1357 toleretur.

181 1374 372 1444 ostendunt.
928 1375 933 1386 '
1210 1373 1287 1439 Vox
1309 1384 1419 1440 autam
1448 1375 1552 1459 ipsius
1579 1373 1657 1443 Sem
1679 1377 1844 1460 usquead
1869 1383 2009 1442 mortem
2032 1375 2184 1442 Abrahae

285 1461 337 1526 16.
372 1460 455 1543 Quia
487 1479 590 1526 omnes
628 1459 758 1526 divitiae
788 1481 869 1542 qaas
901 1461 1029 1527 abotthi
1060 1458 1158 1526 Deua
1210 1461 1407 1544 personabat
1427 1460 1462 1525 in
1484 1460 1616 1527 illorum
1647 1463 1797 1528 auribus:
1828 1462 1917 1546 atqui
1947 1463 2013 1527 iam
2043 1461 2083 1527 ab
2111 1462 2184 1546 ipso

183 1545 369 1614 Confirmat
398 1543 529 1630 quidem
550 1545 677 1611 Raehel
700 1555 732 1610 et
753 1546 825 1613 Lea
846 1567 1028 1612 sermonem
1050 1544 1159 1624 Iaeob,
1211 1545 1320 1610 There
1341 1545 1420 1612 illue
1442 1567 1569 1631 quoque
1592 1548 1840 1616 exundaverunt
1861 1556 2050 1614 eommune's
2071 1568 2187 1631 super-

182 1633 242 1700 sed
272 1642 384 1698 tamen
410 1631 545 1715 profano
572 1630 665 1716 vulgi
695 1650 801 1713 more,
830 1653 897 1697 non
927 1632 1002 1698 vivo
1024 1640 1056 1696 et
1078 1651 1159 1714 puro
1210 1631 1383 1697 stitionum
1411 1631 1541 1711 sordes,
1567 1633 1639 1716 ipso
1660 1633 1847 1717 patriaraha
1868 1632 1949 1700 Sem
1971 1633 2050 1699 vivo
2079 1633 2187 1700 adhue

182 1720 315 1804 pietatis
336 1737 444 1783 sensu.
481 1716 577 1798 Quod
599 1719 685 1782 enim
705 1718 796 1783 Deus
816 1718 906 1783 servi
924 1718 977 1785 sui
994 1717 1159 1796 misertus,
1211 1724 1245 1782 et
1266 1717 1428 1801 loquente.
1455 1716 1552 1798 Quas
1577 1739 1654 1784 uam
1677 1725 1788 1785 autem
1811 1719 1948 1785 minime
1970 1717 2105 1784 dubium
2127 1725 2186 1801 est,

183 1826 259 1871 eum
282 1802 440 1888 peeuliari
462 1803 573 1868 favore
595 1801 751 1888 dignatus
781 1804 902 1883 fuerat,
931 1803 1037 1870 obiter
1058 1802 1159 1867 attin·
1211 1823 1286 1868 eum
1309 1824 1374 1886 qua
1395 1803 1501 1886 potuit
1523 1739 1728 1871 adbementia
1751 1813 1904 1871 uenatum
1923 1805 2022 1872 hrisse
2041 1813 2187 1889 posteros

182 1898 282 1978 gunt:
311 1888 445 1954 interim
475 1909 553 1954 vero
575 1889 693 1954 rationi
715 1909 831 1971 parum
855 1890 969 1954 firmae
990 1888 1159 1967 insistunt,
1211 1909 1289 1955 euos
1313 1888 1469 1955 redueere
1499 1890 1539 1955 ad
1569 1911 1681 1956 sanam
1711 1899 1872 1971 mentem,
1901 1889 2051 1957 videmus
2075 1898 2188 1958 tamen

183 1977 248 2044 sibi
265 1976 336 2041 iure
359 1974 469 2040 deberi
491 1972 575 2058 quod
598 1976 764 2055 auferunt,
786 1975 863 2058 quia
880 1995 956 2058 pars
975 1973 1160 2041 haeredita·
1211 1974 1290 2059 quid
1311 1975 1494 2059 profecerit.
1539 1975 1608 2042 Neo
1630 1996 1708 2042 voro
1729 1976 1882 2043 credibile
1904 1985 1963 2054 est,
1987 1976 2187 2043 Bathuelem

181 2063 226 2129 tis
249 2059 291 2127 ad
313 2081 368 2126 eas
390 2062 561 2144 pertineat.
601 2059 677 2124 Non
699 2059 787 2124 enim
810 2061 1056 2139 ratioeinantur,
1079 2081 1160 2143 ques
1211 2061 1390 2127 rotationis
1413 2059 1568 2127 Abrahae
1589 2082 1723 2145 prorsus
1751 2061 1853 2128 fuisse
1882 2063 2050 2147 ignarum,
2080 2084 2187 2146 neque

182 2145 352 2232 possident
369 2143 501 2212 divitias
518 2167 588 2212 esse
607 2165 696 2211 suas:
721 2146 807 2229 quod
824 2147 909 2213 iusto
921 2147 1031 2212 mariti
1049 2144 1160 2211 labore
1212 2154 1321 2211 umen
1343 2145 1417 2212 ideo
1439 2155 1599 2214 retraetus
1622 2159 1672 2214 est
1693 2167 1767 2214 eum
1797 2148 1866 2214 suis
1887 2148 1928 2213 ab
1950 2147 2008 2212 illa
2029 2149 2187 2215 vanitate.

183 2233 351 2318 quaesitae
372 2232 510 2298 fuerint:
540 2230 597 2296 sed
619 2231 694 2315 quia
716 2252 782 2296 non
812 2231 984 2298 debuerint
1012 2231 1160 2298 fraudari
1210 2231 1287 2297 Non
1315 2232 1417 2298 taeuit
1438 2232 1537 2298 etiam
1560 2242 1693 2300 sanetus
1720 2232 1817 2300 Iaeob
1846 2254 1906 2317 per
1933 2234 2186 2319 annosviginti,

183 2342 245 2386 sua
264 2319 347 2398 dole,
370 2326 403 2382 et
420 2339 509 2384 nuno
525 2317 674 2402 legitima
695 2315 898 2384 haereditate
916 2318 1049 2402 privari.
1086 2317 1160 2384 Hae
1211 2318 1290 2400 quin
1311 2317 1513 2390 consulendo
1534 2327 1568 2384 et
1595 2318 1759 2385 monendo
1788 2338 1898 2386 erasse
1917 2317 1976 2384 illa
2004 2318 2090 2384 vitia
2115 2340 2187 2386 eor·

183 2405 225 2472 de
255 2423 353 2470 eausa
386 2402 485 2468 etiam
518 2402 638 2469 liberos
671 2423 780 2469 seeum
814 2404 1001 2482 nominant,
1035 2403 1161 2487 quiex
1211 2403 1319 2487 rigere
1337 2402 1498 2472 studeret:
1522 2403 1579 2470 sed
1596 2403 1728 2484 frustra,
1747 2406 1824 2490 quia
1841 2403 1984 2470 violento
2006 2426 2064 2472 suo
2088 2427 2187 2472 eursu

183 2491 346 2575 sanguine
375 2488 490 2554 Laban
524 2497 618 2554 erunt
646 2488 817 2573 progeniti.
869 2489 943 2555 Hoe
969 2488 1066 2555 modo
1094 2509 1161 2554 non
1212 2489 1395 2572 praevaluit
1422 2490 1620 2573 superstitio.
1666 2489 1756 2576 ilrgo
1786 2489 2005 2556 idololatriam
2032 2491 2187 2557 humanis

182 2577 293 2644 solum
323 2576 498 2642 obseurant
526 2573 785 2642 benedietionem
805 2572 886 2656 Dei,
915 2575 971 2641 sed
1000 2575 1075 2659 plns
1098 2574 1160 2640 sibi
1212 2574 1378 2641 mentibus
1400 2574 1467 2640 fere
1489 2597 1559 2642 asse
1576 2576 1776 2661 ingenitum,
1797 2578 1869 2661 ipsa
1886 2575 2022 2661 originis
2040 2585 2186 2643 vetustas

180 2662 357 2746 indulgent
374 2660 523 2726 lieentiae
541 2680 639 2744 quam
657 2681 796 2744 aequum
814 2661 867 2727 sit.
896 2661 1044 2746 Maligna
1061 2661 1160 2726 etiam
1212 2660 1306 2726 testis
1328 2666 1387 2727 est.
1436 2659 1493 2727 sia
1521 2672 1629 2728 autem
1657 2661 1795 2728 infixam
1825 2673 1954 2728 esseut
1983 2663 2044 2728 vix
2071 2662 2187 2728 revelli

183 2748 362 2814 aestimant
381 2746 492 2812 mariti
510 2748 561 2812 sui
582 2745 720 2824 labores,
744 2745 822 2812 dum
844 2745 976 2812 illorum
998 2747 1162 2813 fruetusa
1213 2756 1319 2830 queat,
1342 2746 1485 2813 ostendit
1505 2747 1688 2814 obstinatio.
1732 2748 1804 2818 Iam
1825 2768 1902 2814 vero
1922 2747 1985 2812 hoe
2001 2748 2107 2833 magis
2129 2749 2186 2815 ab·

183 2856 220 2900 se
242 2831 418 2918 provenire
445 2833 577 2898 iaetant.
622 2830 733 2913 Quare
754 2831 834 2898 hino
856 2832 991 2897 minime
1018 2831 1161 2916 petenda
1212 2831 1357 2912 surdum,
1380 2831 1464 2915 quod
1487 2854 1528 2898 ne
1549 2832 1675 2899 Raehel
1697 2832 1828 2916 quidam
1851 2833 1892 2899 ab
1913 2832 1976 2900 hae
1992 2833 2187 2918 eontagione

182 2927 236 2985 est
257 2919 385 3004 regola,
415 2917 576 3001 quomodo
604 2939 700 2984 suum
723 2917 839 3002 auique
861 2919 960 2998 tueri,
990 2918 1044 2985 vel
1072 2917 1158 3003 quod
1211 2918 1322 2984 sanari
1344 2918 1449 3002 potnit
1471 2924 1538 2984 tem
1560 2918 1658 3005 longo
1681 2921 1837 3003 temporis
1859 2925 1973 2984 traotu.
2025 2919 2186 2985 Maritum

181 3006 306 3072 iniuste
328 3012 476 3088 ereptum
499 3011 550 3070 est
572 3023 765 3088 recuperare
787 3003 892 3070 lieeat.
1212 3025 1308 3087 saepe
1335 3003 1484 3093 audierat
1511 3002 1552 3071 de
1573 3024 1654 3072 vero
1676 3011 1709 3072 et
1733 3005 1876 3090 genuino
1897 3004 1964 3070 Dei
1993 3003 2082 3071 eultu
2106 3025 2185 3074 eou-

271 3091 322 3156 17.
345 3089 391 3154 Er
410 3091 549 3156 aurat
570 3088 714 3155 labaret.
754 3090 943 3156 Diseessum
965 3088 1063 3155 Iaaob
1085 3088 1158 3173 plu·
1211 3089 1412 3157 monentem:
1440 3090 1487 3156 sie
1508 3098 1619 3156 tamen
1642 3090 1771 3158 addieta
1792 3105 1843 3157 est
1865 3089 2077 3174 corruptelis,
2104 3111 2186 3174 quas

181 3175 275 3242 ribos
296 3183 492 3258 exsequetur
513 3185 625 3259 postea
642 3175 766 3242 Moses:
790 3195 876 3241 nunu
898 3183 1027 3241 tantum
1049 3173 1159 3241 brevi·
1211 3197 1232 3241 a
1252 3176 1393 3259 pueritia
1415 3175 1598 3255 imbiberat,
1620 3186 1657 3243 nt
1677 3176 1744 3242 illis
1766 3184 1889 3243 terram
1912 3196 1931 3241 a
1953 3176 2026 3241 Deo
2049 3177 2185 3244 alestam

183 3272 236 3329 ter
257 3262 440 3328 surrexisse
460 3260 552 3326 dioit:
587 3281 650 3344 quo
672 3261 850 3346 signifieat,
883 3262 1078 3344 simulatque
1098 3261 1159 3325 im·
1211 3262 1344 3328 influere
1368 3269 1470 3346 paret.
1520 3262 1631 3327 Deum
1660 3283 1695 3329 se
1722 3263 1817 3347 fingit
1846 3260 1963 3328 duoam
1989 3262 2084 3346 sequi
2110 3283 2186 3329 eum

182 3356 315 3433 patrare
347 3347 453 3431 potuit
485 3348 525 3414 ab
558 3343 716 3413 uxoribus
748 3358 785 3413 ut
817 3368 929 3414 seeum
968 3347 1159 3432 migrarent,
1211 3347 1348 3427 marito,
1369 3347 1500 3412 interim
1521 3346 1610 3413 idola
1628 3347 1746 3431 quibus
1766 3347 1836 3414 eius
1858 3348 1985 3415 uultum
2005 3357 2185 3432 pervertat,

182 3434 286 3501 nullis
318 3433 460 3518 amplius
494 3431 668 3500 obstaeulis
701 3435 846 3500 eessisse.
897 3433 939 3498 In
967 3453 1030 3517 quo
1062 3432 1160 3499 virile
1212 3453 1322 3500 seeum
1345 3431 1465 3498 trahit:
1488 3433 1558 3497 fieri
1581 3433 1679 3500 otiam
1701 3441 1808 3518 potest
1829 3440 1866 3499 ut
1887 3433 1992 3498 nimia
2011 3432 2185 3519 indulgen·

183 3521 288 3587 animi
308 3521 378 3585 eius
400 3520 498 3584 robur
526 3527 560 3584 et
590 3519 774 3585 eonstantia
802 3519 1006 3603 perspicitur.
1052 3517 1161 3584 Multa
1212 3519 1258 3584 tia
1290 3518 1404 3583 uxoris
1435 3517 1575 3583 nimium
1609 3517 1745 3585 dileetae
1777 3519 2025 3602 superstitiones
2054 3519 2183 3586 aluerit.

183 3607 273 3673 enim
295 3605 470 3671 leuioribus
491 3603 665 3688 rogitanda
687 3604 842 3689 relinquit
862 3605 982 3684 Moses,
1006 3623 1043 3670 ae
1065 3624 1159 3688 prae·
1211 3603 1323 3686 Quare
1343 3604 1470 3670 diseant
1496 3605 1600 3684 saneti
1622 3604 1872 3689 patresfamilias
1895 3603 1980 3668 nihil
1997 3602 2185 3690 diligentiae

183 3693 300 3759 sertim
322 3698 453 3775 tempus
474 3688 556 3755 illud
583 3690 833 3770 intermedium,
861 3711 926 3774 quo
952 3697 1084 3756 sanetus
1106 3691 1160 3756 vir
1211 3691 1317 3756 faeere
1344 3690 1521 3773 reliquum,
1549 3711 1591 3754 ne
1618 3709 1684 3773 qua
1712 3690 1867 3756 vitiorum
1896 3688 2025 3754 maeula
2051 3691 2085 3755 in
2115 3693 2185 3759 suis

181 3777 273 3844 inter
300 3776 498 3859 multipliees
524 3791 619 3844 aurae
643 3776 732 3842 haud
755 3776 852 3843 dubie
875 3775 1046 3842 aestuavit.
1080 3774 1159 3841 Ore-
1210 3775 1367 3843 uxoribus
1389 3776 1443 3842 vel
1464 3775 1542 3842 filiis
1563 3775 1708 3842 haereat.
1760 3774 1903 3856 Quidam
1931 3795 2048 3858 parum
2077 3778 2184 3843 eonsi-

182 3863 314 3929 diderat
332 3860 486 3928 exsilium
504 3882 600 3927 suum
619 3863 731 3948 exigui
752 3863 820 3928 fore
837 3861 1009 3946 temporis:
1033 3882 1092 3945 per
1113 3862 1160 3928 vi·
1211 3860 1323 3927 derata
1354 3860 1534 3928 Raehelsm
1562 3870 1736 3941 excusant,
1764 3859 1849 3944 quod
1877 3861 1930 3945 pio
1956 3860 2047 3926 furto
2081 3863 2184 3946 patris

182 3949 272 4036 giuti
312 3969 416 4015 annos
452 3955 627 4032 parentum
662 3956 695 4013 et
731 3948 850 4014 natalis
885 3948 946 4014 soli
982 3953 1159 4031 eonspeotu
1211 3947 1344 4013 domum
1365 3945 1460 4012 idolis
1478 3967 1619 4031 purgare
1636 3948 1784 4013 voluerit.
1826 3946 1911 4012 Nam
1934 3948 1961 4014 si
1984 3947 2046 4012 hoo
2067 3947 2185 4015 luisset

181 4035 352 4120 privatus,
380 4033 486 4099 multa
506 4033 620 4118 gravia
641 4042 675 4099 et
696 4034 814 4100 aearba
834 4032 986 4117 pertulit,
1019 4053 1159 4116 quorum
1210 4033 1397 4112 eonsilium,
1425 4053 1485 4097 eur
1511 4033 1546 4098 in
1569 4033 1710 4099 transitu
1731 4032 1912 4116 Euphratis
1934 4033 2184 4116 inquinamenta

180 4119 358 4187 tolerantia
374 4120 481 4204 potuit
497 4118 720 4199 obduresoere,
742 4118 795 4186 vel
812 4120 927 4186 saltem
943 4120 990 4185 ita
1007 4119 1158 4203 opprimi,
1209 4119 1268 4184 illa
1284 4139 1351 4184 non
1369 4117 1506 4184 abierit?
1530 4140 1590 4185 eur
1609 4138 1674 4184 non
1694 4129 1767 4203 post
1786 4118 1963 4184 dissessum
1981 4117 2085 4203 patris
2106 4140 2182 4203 pro·

181 4213 224 4274 ut
245 4205 331 4290 quod
353 4204 520 4273 residuum
549 4213 620 4270 erat
641 4201 728 4271 vitae
749 4205 816 4274 illie
837 4213 1053 4272 eonsumeret.
1086 4204 1158 4270 Iam
1210 4203 1294 4270 didit
1316 4205 1434 4269 marito
1455 4203 1541 4287 quod
1562 4203 1696 4289 egerat?
1737 4202 1804 4270 Sed
1826 4204 1907 4269 nihil
1929 4224 2012 4287 opus
2034 4213 2085 4271 est
2105 4227 2182 4273 eon·

181 4293 220 4358 in
243 4292 372 4359 senium
391 4291 546 4376 vergebat
568 4299 657 4356 aetas
678 4292 764 4357 eius:
799 4312 893 4358 senes
922 4299 1032 4357 autem
1054 4291 1159 4376 frigus
1208 4291 1352 4369 ieoturis,
1374 4311 1474 4373 quum
1496 4311 1538 4354 ex
1556 4295 1711 4356 eontextu
1733 4289 1890 4355 historiae
1909 4291 2017 4373 palam
2040 4291 2092 4371 sit,
2113 4292 2183 4358 ido-

181 4375 344 4446 tardiores
373 4375 490 4442 reddit.
543 4377 645 4461 Atqui
671 4377 752 4462 fuga
779 4398 878 4462 quam
907 4376 1060 4461 parabat,
1090 4396 1158 4442 non
1209 4375 1251 4442 lis
1272 4375 1431 4460 pollutam
1461 4374 1561 4440 brisso
1589 4373 1723 4440 domum
1744 4374 1841 4440 Iaoob
1863 4394 1966 4458 usque
1989 4374 2029 4440 ad
2051 4386 2183 4461 raptum

180 4464 316 4532 oarebat
345 4462 499 4547 periculo.
543 4463 634 4547 Ergo
666 4463 784 4547 spiritu
814 4461 1015 4529 fortitudinis
1036 4463 1158 4528 instrui
1209 4463 1327 4528 Dinae.
1382 4461 1457 4526 Non
1490 4481 1567 4544 ergo
1599 4459 1703 4543 pietas
1731 4458 1927 4540 Raehelem,
1958 4460 2016 4526 sed
2048 4463 2183 4529 insanus

180 4569 317 4616 neeesse
338 4548 410 4628 fuit,
432 4555 471 4614 nt
489 4547 543 4615 hie
564 4549 659 4634 vigor
677 4549 717 4615 de
739 4570 804 4634 quo
826 4549 972 4633 loquitur
988 4548 1106 4628 Moses,
1126 4555 1159 4614 et
1210 4547 1450 4632 superstitionis
1471 4546 1617 4630 pruritus
1640 4545 1681 4612 ad
1704 4545 1766 4611 hoe
1786 4543 1911 4610 furhrm
1934 4545 2078 4629 impulit:
2106 4551 2183 4631 quia

179 4636 352 4714 alaeritas,
377 4633 477 4719 pedes
498 4635 567 4702 eius
590 4634 762 4702 attolleret.
805 4633 916 4716 Quum
944 4640 1055 4699 autem
1077 4633 1107 4700 le
1133 4634 1158 4685 '·
1210 4633 1319 4700 Deum
1348 4632 1411 4700 ooli
1439 4654 1504 4698 uon
1535 4631 1671 4716 putabat
1698 4632 1762 4696 nisi
1789 4630 1850 4697 snb
1880 4631 1992 4696 idolis:
2023 4653 2100 4698 nam
2129 4634 2182 4701 hio

178 4743 258 4789 mus
280 4722 438 4787 furtivum
460 4721 565 4789 saneti
586 4721 650 4788 viri
673 4720 867 4801 dissessum,
889 4728 923 4784 et
944 4718 1080 4806 plenum
1124 4741 1158 4786 e·
1211 4720 1315 4786 morbi
1336 4719 1408 4786 fons
1430 4728 1495 4799 est,
1524 4719 1609 4802 quod
1630 4718 1793 4796 homines,
1815 4737 1916 4800 quum
1938 4717 2005 4783 sint
2023 4719 2181 4801 carnales,

178 4807 323 4885 deeoris,
346 4806 510 4873 diseamus
532 4807 559 4872 si
581 4805 710 4891 quando
733 4826 793 4872 nos
814 4807 906 4872 Deus
929 4805 1095 4886 humiliet,
1117 4805 1158 4871 ad
1210 4804 1374 4872 earnalem
1396 4824 1522 4889 quoque
1543 4804 1651 4869 Deum
1673 4803 1907 4888 imaginantur.

178 4896 266 4960 haee
287 4892 439 4976 exempla
459 4903 587 4958 mentes
609 4900 738 4958 nostras
761 4901 960 4959 eonvertere.
1294 4891 1346 4957 20.
1378 4891 1422 4956 Et
1437 4891 1566 4973 furatus
1582 4895 1627 4955 eat
1645 4888 1779 4956 Iubaoob
1796 4909 1847 4954 eor
1864 4887 1985 4954 Lataa
2015 4889 2180 4958 Hebraiea

271 4977 321 5044 19.
363 4977 488 5044 Molo
525 4983 569 5044 est
600 4977 725 5045 Rachel.
781 4977 980 5061 Quanquam
1012 4976 1158 5043 Hebraei
1208 4977 1362 5060 loquutio,
1386 4997 1451 5061 qua
1472 4976 1635 5060 signifieat
1645 4975 1755 5041 Moses
1771 4973 1869 5040 Iaeob
1890 4975 1974 5039 olam
1992 4975 2047 5040 uel
2065 4975 2180 5042 furtim

176 5063 348 5132 interdum
370 5076 475 5133 n'htn
499 5072 616 5130 voeant
636 5065 798 5149 imagines
820 5085 903 5149 quae
921 5084 986 5130 non
1008 5071 1159 5147 prostant
1209 5063 1382 5147 migrasse,
1404 5062 1507 5128 eelato
1535 5081 1653 5127 socero.
1704 5059 1843 5126 Interim
1874 5060 1991 5143 quibus
2018 5062 2180 5146 augustiis

179 5151 225 5220 ad
247 5151 388 5218 enltum:
420 5149 497 5234 qnia
524 5155 637 5215 tamen
658 5171 777 5217 nomen
805 5149 867 5218 hoe
888 5150 958 5216 fere
979 5150 1014 5213 in
1036 5147 1156 5214 mulam
1208 5149 1401 5215 oonstriotus
1423 5148 1522 5214 fuerit
1542 5145 1641 5213 Iaoob
1663 5153 1776 5212 notare
1798 5145 1920 5227 voluit,
1941 5145 2026 5229 quod
2049 5147 2180 5214 nullum

175 5245 309 5324 partem
332 5236 498 5320 aeeipitur,
521 5255 588 5302 non
611 5234 722 5302 dubito
744 5235 823 5319 quin
845 5237 966 5304 fuerint
989 5234 1032 5301 dii
1055 5254 1156 5318 pena-
1208 5234 1272 5301 nisi
1294 5235 1329 5298 in
1351 5233 1429 5318 fuga
1447 5233 1570 5298 exitum
1594 5232 1717 5298 habuit.
1769 5231 1883 5297 Laban
1912 5231 1997 5297 enim
2020 5239 2089 5298 tota
2111 5234 2180 5299 vita

174 5337 231 5392 tes
262 5321 378 5389 domus
399 5321 525 5389 Laban.
569 5321 616 5387 Et
639 5322 709 5406 ipse
740 5321 859 5388 diserte
886 5321 983 5406 paulo
1005 5328 1079 5404 post
1097 5339 1156 5389 ro·
1209 5319 1374 5403 captivum
1396 5329 1508 5385 tenere
1530 5325 1704 5399 statuerat,
1733 5337 1800 5383 non
1825 5337 1921 5384 seeus
1948 5336 1986 5383 ao
2007 5317 2036 5385 si
2063 5319 2179 5404 glebae
