4988 6192
2060 385 2124 451 570

138 384 200 450 569
789 382 1159 452 COMMENTARIUS
1182 385 1233 450 IN
1253 382 1468 452 GENESIN.

134 573 307 650 momenti,
332 572 418 656 qnod
449 583 577 655 tempus
599 571 868 656 peregrinationis
890 593 968 638 suae
990 572 1106 638 definit
1155 571 1246 656 gavit
1278 571 1457 653 Dominus,
1490 581 1527 638 ut
1558 572 1656 656 longe
1688 572 1895 638 excesserint.
1944 569 1997 636 De
2030 571 2125 638 malis

136 666 267 724 centum
289 665 322 722 et
351 658 486 742 triginta
515 677 627 723 annos.
671 657 759 722 Nam
779 657 857 725 hinc
886 657 1008 742 colligit
1029 680 1104 742 apo-
1155 665 1265 723 autem
1295 656 1408 723 diebus
1436 658 1509 724 ideo
1538 659 1700 736 meminit,
1738 658 1926 741 significans
1959 679 2025 722 nou
2057 665 2124 723 tam

136 745 239 810 stolus
268 743 309 810 ad
331 744 500 810 Hebraeos
527 763 595 826 cap.
621 742 677 821 11,
708 742 758 807 13.
789 744 828 808 16
861 743 1104 809 memorabilem
1155 745 1251 809 annis
1273 764 1309 808 se
1330 744 1470 810 fractum
1493 765 1563 810 osse
1587 753 1619 810 et
1641 744 1823 811 confectum
1841 764 1939 827 quam
1961 743 2125 808 laboribus

134 830 224 894 illam
253 829 449 909 doctrinam,
478 827 563 912 quod
589 830 681 896 Deus
707 848 774 893 uon
804 830 970 895 erubuerit
996 830 1104 896 vocari
1153 839 1186 894 et
1206 828 1382 894 molestiis:
1401 848 1438 894 ac
1459 830 1486 895 si
1507 829 1636 908 diceret,
1656 837 1806 913 poteraut
1824 829 1931 894 adhuc
1951 829 1986 892 in
2004 849 2056 892 me
2076 829 2124 893 vi·

133 915 279 1000 ipsorum
302 924 403 998 pater,
426 915 502 998 quia
523 935 558 980 se
579 914 722 980 advenas
743 921 775 978 et
798 914 943 1000 hospites
964 915 1104 981 confessi
1153 936 1230 998 gere
1252 915 1372 998 integri
1404 936 1536 992 seusus,
1564 915 1734 998 nisi-quod
1763 923 1795 980 et
1816 915 1978 980 continuis
2003 913 2121 979 labori·

132 1003 268 1068 suntin
290 1009 387 1068 terra.
422 1001 529 1067 Unius
549 999 679 1084 quidem
701 1000 844 1066 hominis
867 1001 1028 1065 duntaxat
1050 1000 1103 1066 hio
1154 1003 1226 1078 bus,
1249 1009 1282 1066 et
1299 1001 1494 1067 tristissimis
1512 1002 1615 1080 curis,
1635 1011 1668 1066 et
1686 1001 1889 1085 gravissimis
1907 1000 2046 1066 miseriis
2068 1021 2122 1064 ex·

132 1089 183 1173 iit¹
199 1087 338 1152 mentio:
367 1086 424 1152 sed
446 1086 522 1170 quia
551 1087 597 1152 sic
625 1085 769 1152 imbutus
797 1095 868 1152 erat
896 1108 915 1151 a
944 1087 1102 1170 patribus,
1153 1085 1288 1152 haustae
1311 1085 1444 1152 fuerunt
1465 1087 1561 1154 vires.
1606 1086 1766 1152 Videmus
1789 1106 1875 1151 nunc
1896 1093 1932 1151 ut
1954 1085 2036 1149 nihil
2058 1087 2121 1150 mi·

131 1183 164 1239 et
196 1171 336 1240 eandem
369 1172 444 1238 filiis
481 1172 685 1254 disciplinam
718 1193 777 1253 per
808 1193 925 1237 manus
958 1171 1101 1250 tradidit,
1152 1194 1216 1238 nus
1233 1173 1269 1236 in
1288 1171 1396 1237 animo
1416 1172 1565 1238 hahuerit
1583 1181 1716 1238 sanctus
1733 1172 1785 1237 vir
1803 1192 1899 1255 quam
1917 1172 2123 1254 expostulare

132 1259 349 1325 communiter
369 1278 482 1323 omues
503 1257 642 1341 insignit
669 1258 833 1340 apestolus
854 1257 967 1323 eodem
990 1258 1101 1342 elogio.
1153 1279 1227 1324 cum
1250 1257 1331 1323 Deo.
1375 1257 1518 1324 Videtur
1538 1267 1648 1324 tamen
1670 1257 1846 1324 absurdum
1875 1279 1946 1323 esse
1968 1256 2051 1342 quud
2073 1258 2122 1322 vi·

130 1345 222 1428 Ergo
244 1344 343 1410 sicuti
364 1365 418 1408 eos
436 1363 501 1408 non
519 1344 635 1425 puduit
656 1343 770 1427 vagari
792 1349 860 1410 toto
883 1345 971 1409 vitae
993 1365 1100 1422 cursu,
1153 1352 1220 1408 tam
1250 1365 1342 1409 suam
1372 1344 1553 1410 breviorem
1582 1345 1678 1410 iaciat
1706 1365 1804 1427 quam
1836 1352 1977 1428 patrum.
2026 1342 2122 1409 Unde

132 1443 262 1496 exteros
285 1437 382 1512 atque
403 1429 580 1512 inquilinos
601 1429 756 1513 probrose
778 1430 888 1495 vocari
911 1451 1102 1513 quocunque
1153 1431 1239 1494 enim
1269 1428 1394 1495 divinat
1425 1429 1486 1494 sibi
1509 1431 1673 1496 tantulum
1702 1429 1808 1495 adhuc
1831 1437 1968 1510 restare,
1998 1437 2122 1494 utnon

133 1517 315 1582 venissent:
338 1514 489 1580 itaDeus
510 1513 756 1598 incomparabili
778 1514 902 1580 honore
924 1517 1012 1598 ipsos
1030 1515 1101 1598 dig·
1152 1516 1317 1599 pertingat
1339 1537 1440 1598 usque
1463 1515 1502 1581 ad
1524 1517 1655 1581 illorum
1677 1515 1802 1581 annos?
1826 1514 1865 1581 Si
1888 1516 1959 1598 quis
1982 1516 2121 1597 excipiat

130 1611 230 1666 natus
271 1609 335 1681 est,
375 1609 411 1665 ut
444 1600 524 1665 oceli
557 1609 667 1666 essent
699 1600 865 1667 haeredes.
918 1601 1018 1683 Atqui
1051 1599 1102 1686 (ut
1152 1622 1228 1665 eum
1250 1622 1292 1666 ex
1310 1598 1406 1664 debili
1425 1610 1456 1666 ct
1474 1602 1685 1667 semimortuo
1707 1621 1840 1685 corpore
1862 1601 1976 1666 fecisse
1997 1602 2122 1667 coniec-

129 1689 222 1770 prius
245 1685 368 1751 dictum
391 1684 466 1772 fuit)
494 1685 592 1750 nullis
620 1707 764 1768 unquam
791 1687 895 1770 magis
916 1687 1047 1769 propria
1070 1694 1102 1750 et
1152 1695 1270 1767 turam,
1303 1706 1419 1768 parum
1448 1688 1544 1753 firma
1571 1689 1634 1752 erit
1662 1686 1788 1752 solutio.
1831 1686 1925 1752 Isaeo
1954 1687 2039 1752 euim
2063 1687 2121 1750 tri·

131 1771 353 1838 haereditaria
374 1770 437 1836 fuir
459 1773 492 1835 iu
515 1770 638 1836 mundo
661 1771 753 1836 sedes
783 1791 880 1854 quam
901 1773 1022 1836 sanctis
1045 1794 1100 1854 pa·
1150 1773 1242 1856 ginta
1264 1781 1340 1836 aute
1363 1781 1501 1837 mortem
1524 1793 1617 1837 suam
1640 1773 1734 1837 annis
1762 1772 1876 1837 obtuso
1905 1773 1969 1836 iam
1993 1774 2122 1838 visust

129 1860 236 1925 tribus
270 1868 358 1922 terra
392 1855 560 1922 Chanaan.
615 1857 745 1922 Dicitur
777 1858 907 1940 quidem
939 1857 1101 1922 Dominus
1152 1858 1300 1923 tremulis
1324 1858 1479 1923 membris
1501 1868 1580 1924 erat.
1625 1858 1691 1924 Sed
1714 1857 1797 1922 nihil
1815 1857 1946 1923 absurdi
1966 1867 2016 1922 ost
2038 1857 2122 1940 quod

128 1942 312 2022 funiculum
330 1943 453 2020 iecisse,
472 1950 508 2006 ut
524 1943 663 2026 singulis
680 1944 835 2026 gentibus
851 1963 927 2008 suos
945 1943 1101 2008 terminos
1151 1942 1263 2020 Iacob,
1288 1963 1325 2008 ac
1348 1945 1376 2008 si
1395 1955 1471 2006 ante
1494 1945 1603 2009 oculos
1625 1953 1713 2008 esset
1733 1943 1937 2027 sepulcrum,
1967 1945 2064 2008 morti
2087 1962 2122 2009 se

128 2029 340 2096 attribueret:
380 2027 437 2092 sed
478 2039 611 2094 aeterna
643 2029 802 2111 possessio
833 2049 890 2111 per
929 2029 1100 2094 continues
1152 2031 1185 2092 in
1226 2029 1357 2112 singula
1391 2043 1555 2093 momenta
1595 2028 1743 2094 destinet.
1798 2029 1965 2094 Incertum
1999 2038 2121 2107 tamen,

127 2124 276 2182 aetatum
307 2111 428 2199 gradus
458 2113 539 2178 nulli
568 2135 713 2198 uuquam
743 2115 834 2198 genti
858 2115 1016 2197 promissa
1037 2115 1101 2179 l'uit
1151 2124 1310 2197 quantum
1334 2114 1489 2196 temporis
1507 2134 1625 2180 arcanc
1636 2115 1699 2180 Dei
1717 2115 1849 2180 oonsilio
1871 2115 1933 2180 sibi
1956 2114 2123 2181 decretum

126 2202 224 2267 sicuti
264 2201 403 2283 posteris
437 2197 600 2264 Abrabae.
655 2199 730 2280 Quo
763 2200 866 2283 igitur
899 2199 1008 2264 animo
1041 2221 1101 2266 nos

126 2286 289 2353 muudum
312 2286 453 2350 incolere
475 2292 616 2369 eportet,
641 2286 674 2350 in
697 2307 760 2368 quo
783 2285 875 2350 nulla
897 2285 988 2350 nobis
1010 2294 1101 2352 certa

124 2375 218 2458 quies
237 2371 290 2438 vel
311 2373 379 2436 lixa
395 2371 491 2436 statio
514 2370 673 2453 promissa
690 2371 761 2435 est?
785 2371 877 2452 Quin
894 2373 1001 2454 potius
1022 2371 1100 2438 haec

124 2459 311 2526 communis
330 2460 477 2522 omnium
495 2459 621 2539 piorum
634 2455 774 2522 conditio
787 2457 846 2522 sub
861 2478 962 2540 regno
974 2456 1100 2524 Christi

124 2544 325 2611 describitur
346 2565 365 2608 a
385 2540 490 2608 Paulo
511 2539 555 2627 (l.
579 2541 654 2607 Cor.
677 2543 708 2620 4,
731 2541 795 2630 11),
818 2551 855 2607 ut
876 2542 1026 2608 ferantur
1046 2544 1098 2606 iu-

124 2629 274 2698 stabiles:
304 2649 369 2694 non
396 2627 481 2711 quod
501 2626 626 2692 exsiliis
648 2628 770 2712 singuli
792 2648 951 2711 peraeque
972 2627 1096 2692 iacten-

124 2727 195 2795 tur,
229 2713 287 2780 sed
316 2714 391 2796 quia
416 2714 575 2778 Dominus
603 2734 716 2779 omncs
744 2735 820 2780 suos
842 2735 883 2778 ne
911 2714 1001 2778 affixi
1030 2714 1098 2779 sint

122 2802 212 2868 nidis
234 2799 383 2879 terrenis,
405 2797 500 2884 quasi
521 2799 618 2864 tubae
635 2799 743 2864 souitu
761 2799 801 2864 ad
820 2799 1096 2883 peregrinandum

122 2892 232 2954 vocat.
266 2885 358 2968 Ergo
381 2879 503 2954 sivein
523 2885 874 2967 patriaquismoueat,
897 2886 965 2950 sive
988 2884 1096 2951 lecum

122 2970 264 3038 subinde
282 2979 408 3036 mutare
426 2979 568 3054 cogatur,
587 2972 621 3034 in
640 2969 702 3036 hac
720 2970 928 3036 meditatione
945 2992 981 3034 se
999 2972 1097 3054 prebe

122 3067 293 3135 exerceat,
327 3055 484 3139 hospitari
516 3078 551 3122 sc
578 3056 619 3120 ad
650 3055 748 3122 breve
778 3065 906 3139 tempus
935 3057 971 3120 in
1000 3067 1096 3131 terra.

122 3144 228 3210 donec
250 3143 395 3208 confecto
418 3163 515 3208 cursu
537 3143 572 3206 iu
595 3141 766 3207 coelestem
800 3142 941 3226 patriam
966 3143 1096 3227 migret.

212 3229 243 3295 9.
280 3227 382 3294 Pauci
411 3233 440 3292 et
468 3227 546 3294 moli
579 3227 709 3310 fueruat
735 3229 802 3294 dies
835 3248 989 3294 cosmum
1017 3229 1099 3294 vitae

120 3337 219 3382 creas
255 3313 396 3379 Videtur
418 3313 560 3397 maligne
583 3315 737 3396 conqueri
755 3312 853 3379 Iacob
876 3314 961 3394 quod
979 3315 1098 3398 exiguo

121 3413 272 3484 tempore
295 3399 431 3478 vixerit,
460 3396 577 3464 deindo
606 3399 690 3482 quod
720 3399 807 3465 intra
829 3399 985 3484 exiguum
1015 3409 1096 3465 tem·

119 3488 213 3572 poris
237 3485 380 3569 spatium
402 3485 525 3550 multas
547 3492 719 3568 etgraves
747 3504 920 3550 aerumnas
953 3486 1098 3568 pertule-

118 3575 179 3639 rit:
204 3594 265 3638 cur
287 3592 352 3636 non
373 3573 480 3656 potius
498 3570 648 3654 ingentes
670 3590 708 3636 ao
729 3571 924 3652 multiplices
936 3572 1000 3637 Dei
1022 3592 1096 3656 gra·

119 3661 185 3724 tias
208 3665 372 3735 recenset,
401 3677 483 3741 quus
513 3658 592 3721 satis
619 3655 659 3720 ad
690 3656 850 3721 malorum
872 3677 968 3721 omne
991 3679 1096 3742 genus

119 3745 423 3827 compensationem
444 3741 620 3808 valebant?
640 3741 734 3808 adde
756 3742 842 3824 quod
861 3741 901 3808 de
919 3746 1004 3808 vitae
1026 3744 1097 3809 bre·

119 3832 227 3898 vitate
249 3827 387 3911 indigna
409 3838 458 3894 est
487 3829 557 3894 eins
585 3829 796 3912 querimonia.
841 3827 909 3893 Gur
937 3830 1025 3893 euim
1048 3830 1094 3893 illi

119 3914 292 3984 saeculum
314 3935 425 3994 unum,
449 3921 483 3978 et
503 3915 601 3978 tertia
622 3935 699 3997 pars
721 3914 856 3980 alterius
874 3935 939 3978 non
961 3915 1095 3980 sufficit:

119 4023 240 4069 vorum
270 4000 299 4066 si
326 4001 398 4083 quis
426 4000 489 4065 rite
523 4000 624 4066 verba
652 4000 832 4083 expendat,
867 4020 960 4064 suam
988 4001 1095 4082 potius

118 4083 360 4174 gratitudinem
381 4093 533 4152 testatur:
557 4085 724 4151 celebrans
735 4085 800 4150 Dei
817 4085 998 4150 bonitatem
1017 4107 1096 4170 erga

119 4181 233 4258 patres
254 4192 340 4238 suos.
383 4172 497 4254 Neque
527 4172 614 4237 enim
644 4180 711 4236 tam
741 4170 891 4253 deplorat
919 4193 1014 4236 suum
1045 4194 1093 4238 se·

121 4261 216 4326 nium
241 4278 339 4341 qnam
359 4259 502 4342 vigorem
527 4255 673 4340 patribus
691 4257 847 4322 divinitus
865 4256 1018 4322 collatum
1041 4279 1097 4324 ex·

121 4345 219 4412 tollit.
254 4343 353 4409 Oerte
371 4364 491 4409 nevum
515 4353 547 4407 et
569 4343 713 4409 insolens
732 4363 797 4406 nen
820 4351 891 4408 orat
909 4341 1020 4408 videre
1037 4343 1094 4409 ho·

121 4433 251 4498 minem
272 4428 329 4493 illa
350 4437 455 4494 aetate
473 4429 613 4493 fractum
634 4437 667 4494 et
687 4427 854 4504 caducum,
877 4441 910 4494 et
931 4430 996 4494 iam
1020 4451 1095 4513 prc-

1150 2201 1243 2266 foret.
1278 2199 1389 2280 Quare
1412 2198 1451 2265 de
1475 2202 1542 2265 vita
1564 2199 1695 2266 residua
1715 2221 1848 2266 securus
1866 2199 2000 2284 perinde
2021 2199 2123 2283 loqui·

1151 2295 1215 2366 tur,
1239 2307 1276 2351 ao
1299 2287 1325 2350 si
1349 2285 1505 2368 postridie
1526 2286 1729 2351 moriendum
1752 2286 1845 2350 foret.

1237 2371 1286 2436 12.
1311 2370 1356 2436 Et
1377 2371 1466 2450 cluit,
1489 2376 1540 2437 etc.
1561 2393 1658 2454 usque
1679 2372 1722 2438 od
1743 2391 1778 2435 os
1793 2369 1935 2451 porculi.
1980 2368 2121 2451 Quidam

1150 2477 1185 2522 os
1212 2457 1342 2539 parvuli
1375 2468 1552 2540 exponunt,
1584 2479 1621 2523 ac
1643 2457 1670 2522 si
1692 2456 1827 2522 aluisset
1847 2454 1966 2538 Ioseph
1994 2465 2122 2538 patrem

1150 2551 1183 2608 et
1206 2553 1306 2607 totam
1330 2542 1496 2621 familiam,
1519 2543 1614 2608 sicuti
1636 2543 1745 2626 pueris
1767 2543 1803 2606 in
1824 2563 1860 2607 os
1882 2541 1972 2608 cibus
2000 2540 2122 2626 ingeri-

1150 2639 1217 2693 tur:
1238 2649 1275 2694 ao
1292 2637 1411 2712 putant
1427 2627 1642 2712 emphaticam
1660 2649 1730 2694 esso
1747 2628 1976 2710 loquuticuem,
1989 2626 2074 2710 quod
2086 2627 2121 2691 iu

1150 2715 1235 2780 lame
1248 2735 1313 2780 non
1326 2714 1430 2798 magis
1448 2714 1581 2780 solliciti
1595 2715 1717 2778 luomnt
1731 2713 1771 2778 de
1789 2712 2005 2796 comparando
2023 2713 2121 2790 victu,

1151 2819 1247 2884 quam
1269 2800 1364 2882 pueri
1391 2801 1445 2882 qui
1468 2821 1510 2864 ne
1532 2821 1666 2865 manum
1696 2799 1825 2882 quidem
1854 2798 1895 2863 ad
1925 2799 2032 2865 cibum
2062 2817 2120 2862 ex·

1150 2882 1300 2952 tendunt.
1333 2885 1402 2950 Alii
1419 2893 1555 2951 vertunt
1566 2883 1706 2950 Pubem:
1726 2884 1785 2950 sed
1803 2885 1913 2950 nescio
1930 2905 1993 2968 quc
2011 2904 2118 2948 sensu.

1149 2971 1218 3036 Alii
1248 2970 1444 3056 simpliciter
1478 2971 1643 3054 accipiunt
1678 2991 1738 3054 pro
1767 2968 1892 3034 ratione
1923 2979 1956 3036 et
1984 2989 2120 3033 numero

1149 3057 1370 3141 parvulorum.
1415 3057 1501 3123 Mihi
1538 3058 1699 3140 genuinus
1733 3075 1803 3121 esse
1836 3054 1964 3121 videtur
1994 3076 2119 3132 sensus,

1150 3141 1234 3226 quod
1256 3163 1369 3207 omncs
1391 3163 1411 3206 a
1432 3143 1575 3207 maximo
1597 3163 1698 3224 usque
1721 3141 1761 3206 ad
1783 3142 1954 3206 minimum
1982 3141 2119 3223 paverit.
2161 3191 2162 3194 ι

1151 3229 1226 3294 Non
1247 3227 1351 3292 deluit
1373 3249 1451 3312 ergo
1473 3229 1567 3311 panis
1589 3229 1761 3294 universae
1783 3221 1893 3293 domui
1914 3225 2020 3306 Iacob,
2044 3226 2122 3310 quia

1150 3336 1228 3381 cura
1248 3313 1369 3396 Ioseph
1392 3315 1559 3397 provisum
1580 3313 1643 3378 fuit
1664 3321 1702 3378 ut
1731 3321 1941 3396 suppeterent
1965 3312 2121 3377 alimenta

1150 3421 1251 3483 usque
1279 3399 1319 3463 ad
1347 3399 1510 3483 parvulos.
1555 3399 1628 3464 Hoc
1657 3398 1752 3465 medo
1781 3397 1988 3466 commendat
2010 3398 2120 3463 Moses

1149 3497 1217 3552 tam
1241 3486 1303 3551 Dei
1323 3485 1529 3550 clementiam
1559 3505 1656 3567 quam
1679 3486 1831 3568 pietatem
1854 3484 1988 3567 Ioseph:
2016 3504 2120 3565 neque

1148 3573 1235 3639 enim
1253 3570 1389 3656 vulgare
1408 3571 1594 3654 exemplum
1616 3571 1680 3636 fuit
1696 3569 1780 3653 quud
1799 3568 2016 3634 esurientibus
2035 3568 2120 3651 agri-

1147 3659 1226 3725 colis
1247 3678 1361 3723 seouro
1383 3659 1468 3740 pasti
1489 3657 1626 3722 luerunt
1646 3677 1704 3722 suo
1722 3655 1885 3734 demenso,
1907 3656 2022 3737 quibus
2044 3673 2119 3737 gra-

1148 3765 1228 3809 num
1251 3742 1353 3807 tritici
1375 3763 1442 3807 non
1467 3751 1545 3806 erat.

1235 3829 1284 3894 13.
1314 3828 1469 3911 Elocpait
1490 3833 1584 3894 terro.
1627 3825 1701 3892 Hoc
1732 3824 1940 3891 memorabile
1968 3824 2031 3888 luit
2055 3821 2119 3888 Dei

1146 3915 1313 3991 iudicium,
1332 3915 1415 3998 quod
1438 3913 1587 3996 regiones
1605 3913 1834 3989 fertilissimae,
1854 3932 1936 3994 quae
1954 3929 2118 3973 annonam

1146 4001 1334 4085 longinquis
1357 4009 1389 4064 et
1411 3999 1641 4065 transmarinis
1663 3998 1815 4082 gentibus
1837 3994 2053 4079 suppeditant,
2076 3993 2118 4058 ad

1146 4095 1273 4151 tantam
1292 4086 1436 4170 inopiam
1454 4083 1602 4151 redactae
1620 4083 1804 4164 fuerintne
1820 4080 1890 4147 fere
1905 4079 2116 4147 tabescerent.

1146 4173 1294 4238 Verbum
1317 4169 1447 4254 quidem
1469 4155 1535 4240 aab
1560 4190 1623 4253 quo
1645 4170 1750 4235 utitur
1772 4169 1882 4234 Moses
1900 4166 2025 4232 duobus
2046 4185 2117 4229 mo·

1147 4258 1196 4324 dis
1218 4259 1400 4341 exponitur.
1445 4253 1586 4337 Quidam
1610 4254 1724 4321 dicunt
1751 4275 1828 4338 prae
1851 4252 1938 4318 lame
1961 4251 2001 4316 ad
2028 4253 2117 4315 insa·

1147 4345 1235 4408 uiam
1258 4343 1440 4426 compulsos
1471 4343 1588 4408 fuisse:
1619 4341 1674 4405 alii
1697 4340 1901 4424 usqueadeo
1924 4339 1995 4405 cibo
2018 4339 2118 4404 irrisae

1146 4429 1320 4494 destitutos
1343 4437 1378 4492 ut
1403 4426 1597 4493 deficerent:
1621 4426 1677 4493 sed
1709 4426 1834 4492 utrovis
1856 4425 1951 4490 modo
1974 4425 2118 4507 accipere

120 4518 286 4600 pinquum
319 4514 477 4598 sepulcre.
529 4513 639 4594 Quare
669 4514 749 4580 haec
777 4513 828 4600 (nt
858 4512 938 4601 dixi)
966 4536 1094 4599 compa·
1143 4515 1252 4595 libeat,
1270 4514 1420 4581 videmus
1442 4513 1580 4578 aliorum
1599 4513 1750 4578 nutritios
1772 4519 1850 4577 tuuc
1868 4531 2000 4596 prorsus
2017 4507 2118 4574 lame·

118 4604 205 4668 ratio
229 4608 360 4665 tantum
383 4600 424 4666 ad
446 4600 577 4666 laudem
599 4600 663 4665 Dei
684 4599 858 4682 spectabat,
876 4603 969 4666 ouius
991 4602 1095 4666 maior

121 4710 204 4774 erga
226 4684 395 4751 Abraham
418 4695 450 4751 et
471 4687 564 4753 Isaac
587 4687 757 4752 exstiterat
780 4684 967 4752 benedictio.
1013 4685 1095 4752 an-

122 4786 233 4840 terum
256 4772 403 4854 patribus
424 4793 459 4836 sc
482 4794 548 4837 non
570 4784 736 4857 comparat
764 4771 800 4834 in
823 4771 980 4852 miseriis,
1002 4774 1095 4854 quasi

121 4859 172 4927 illi
195 4857 421 4942 indulgentius
443 4858 572 4924 tractati
595 4857 726 4936 luerint,
744 4879 824 4941 ques
846 4857 967 4922 seimus
989 4859 1095 4922 omni·

122 4949 186 5012 bus
198 4946 415 5010 tentationum
433 4944 537 5010 modis
556 4942 596 5008 ad
608 4953 791 5010 extromum
809 4941 909 5008 fuisse
927 4943 1094 5025 probatos:

121 5032 182 5100 ssd
204 5037 304 5115 negat
321 5051 356 5095 se
378 5030 419 5094 ad
440 5031 573 5096 illerum
591 5041 693 5097 anuos
714 5027 881 5096 accedere:
903 5049 940 5093 ac
962 5029 990 5095 si
1012 5027 1096 5094 dice·

120 5127 185 5196 ret,
207 5137 269 5200 ego
291 5115 422 5198 quidem
440 5117 480 5182 ad
499 5137 552 5181 eos
570 5137 673 5181 annos
695 5123 869 5198 provectus
886 5135 959 5180 sum
978 5113 1095 5199 quibus

1146 4602 1225 4666 lices
1248 4599 1356 4666 luisse.
1395 4600 1511 4682 Itaque
1531 4619 1598 4664 non
1620 4598 1777 4682 estquod
1799 4617 1877 4664 suae
1899 4595 2118 4661 abundantiae

1145 4686 1312 4754 confidant
1338 4685 1394 4767 qui
1422 4686 1534 4752 colunt
1562 4686 1685 4750 feraces
1713 4703 1825 4767 agros,
1852 4681 1908 4748 sed
1940 4689 2119 4766 agnoscant

1144 4773 1273 4856 largum
1307 4779 1502 4854 proventum
1538 4793 1603 4836 non
1636 4778 1703 4835 tam
1736 4790 1903 4852 emergere
1935 4789 1976 4832 ex
2011 4776 2117 4831 terrac

1145 4856 1324 4924 visceribus
1357 4877 1452 4940 quam
1484 4877 1602 4922 arcana
1634 4857 1698 4920 Dei
1730 4853 1953 4920 benedictione
1982 4875 2000 4918 e
2029 4853 2117 4918 coelo

1145 4944 1271 5022 stillari,
1297 4943 1348 5008 vel
1372 4943 1480 5025 potius
1510 4941 1661 5007 defluere.
1706 4941 1806 5006 Nulla
1836 4951 1885 5006 est
1907 4941 1994 5004 enim
2024 4947 2117 5004 tanta

1145 5028 1310 5113 pinguedo
1334 5049 1414 5112 quae
1436 5049 1503 5092 non
1525 5048 1601 5092 mox
1620 5026 1810 5104 sterilescat,
1823 5026 1879 5091 ubi
1898 5025 2011 5090 saltem
2026 5025 2117 5089 Deus

1146 5115 1320 5199 asperserit
1341 5114 1411 5180 loco
1429 5114 1568 5197 pluviae.
1613 5113 1745 5178 Interea
1762 5112 1870 5178 oculos
1893 5121 2018 5178 vertere
2041 5130 2117 5175 oon·
2141 5120 2143 5124 '

122 5213 256 5269 matura
285 5212 436 5268 senectus
464 5203 536 5267 aliis
566 5223 636 5266 esse
665 5203 762 5280 solet,
787 5202 853 5265 imo
880 5199 984 5267 iustus
1009 5201 1095 5266 vitae
1146 5201 1295 5267 venitin
1316 5199 1405 5265 istud
1427 5200 1593 5283 singulare
1616 5198 1678 5263 Dei
1704 5198 1906 5276 beneficium,
1932 5195 2016 5280 quod
2040 5214 2117 5262 suos

121 5289 287 5356 terminus
304 5289 492 5370 completur,
505 5288 593 5372 atqui
607 5287 754 5371 patribus
768 5288 850 5353 mois
869 5287 972 5354 vitum
984 5307 1095 5371 proro-
1146 5287 1228 5353 aluit
1249 5286 1283 5352 iu
1305 5286 1413 5351 media
1435 5285 1528 5364 lamo,
1544 5283 1817 5370 quemadmodum
1837 5283 1976 5349 habetur
1987 5281 2116 5348 Psalmo
