5022 6192
390 443 452 510 139
1045 441 1410 510 COMMENTARIUS
1432 443 1483 508 IN
1506 441 1721 512 GENDSIN.
2313 443 2371 508 140

388 632 542 697 Diximus
573 631 711 696 antehac
743 653 783 696 ex
821 651 1014 714 unaquaque
1049 630 1156 714 specie
1189 641 1354 696 servatum
1405 651 1584 716 congruere
1619 632 1700 698 haec
1732 631 1829 696 ratio:
1865 651 1940 696 nam
1968 631 1994 696 si
2027 641 2120 694 tanta
2149 636 2200 696 est
2231 631 2370 695 hominis

388 718 485 784 fuisse
512 737 656 782 seorsum
679 738 779 780 unum
808 716 942 792 animal,
972 715 1114 780 diximus
1143 737 1295 798 quorsum
1322 716 1353 780 id
1405 721 1550 798 pravitas
1573 739 1654 800 quac
1676 719 1758 782 iram
1781 718 1843 782 Doi
1861 737 2036 798 provocare
2062 737 2127 780 non
2150 715 2292 792 desinat,
2316 737 2370 780 oe·

391 806 492 868 lieret.
536 802 639 866 Porro
669 801 824 866 destinari
846 804 879 865 in
910 802 1102 866 sacrificium
1132 802 1285 866 animalia
1307 804 1353 864 in·
1404 823 1493 867 cesse
1514 811 1565 868 est
1586 811 1624 867 ut
1644 815 1788 868 accersat
1809 801 1932 866 mundo
1961 801 2105 866 exitium.
2149 800 2222 866 Imo
2246 801 2369 866 videtur

387 889 467 954 utile
489 901 567 965 erat,
589 887 655 952 uisi
681 887 851 952 consilium
873 886 935 952 hoc
958 887 1019 950 Dei
1049 888 1243 968 patefactum
1271 895 1357 952 esset
1405 909 1514 953 secum
1532 909 1680 972 pugnare
1698 889 1798 969 Deus,
1816 889 1871 970 qui
1890 889 1981 970 prius
1999 888 2155 971 arguebat
2172 885 2369 970 perdendum

388 983 500 1038 sancto
522 973 629 1046 Noah,
654 973 709 1056 qui
730 971 878 1038 sacerdos
901 986 970 1036 erat
997 973 1126 1036 futurus
1149 973 1189 1036 ad
1212 983 1354 1038 mactau·
1404 995 1474 1038 esse
1496 973 1665 1052 mundum,
1698 976 1774 1056 quia
1798 973 1969 1056 desperata
1990 985 2060 1036 erat
2076 974 2145 1038 eius
2165 974 2367 1055 perversitas.

389 1057 444 1124 das
475 1059 633 1124 victimas.
684 1058 736 1122 Ad
758 1060 837 1123 haec
873 1060 951 1122 dicit
981 1058 1088 1122 Moses
1111 1057 1234 1123 delecta
1256 1059 1354 1122 luisse
1406 1057 1473 1124 sed
1502 1059 1555 1124 hic
1584 1060 1680 1124 altius
1715 1061 1785 1124 eius
1818 1058 1988 1123 eonsilium
2016 1057 2198 1140 expendere
2228 1069 2368 1140 oportet:

387 1145 544 1210 sacrificia
564 1166 605 1208 ex
626 1141 759 1208 mundis
787 1143 992 1209 animalibus.
1037 1143 1137 1226 Atqui
1158 1153 1283 1208 certum
1305 1153 1356 1208 est
1407 1144 1478 1208 vult
1500 1143 1591 1209 Deus
1612 1145 1753 1229 aliquam
1775 1165 1846 1209 esse
1868 1143 2037 1209 hominum
2059 1145 2262 1222 societatem,
2291 1165 2369 1225 quae

388 1229 483 1296 Noah
504 1251 571 1295 non
593 1229 727 1294 linxisse
748 1229 809 1293 sibi
831 1228 1022 1294 discrimen:
1045 1229 1140 1296 sicuti
1162 1251 1228 1294 uon
1249 1241 1299 1294 est
1320 1230 1353 1293 in
1405 1229 1438 1294 in
1462 1241 1549 1294 terra
1570 1230 1702 1295 habitet.
1750 1231 1847 1312 Atqui
1869 1231 1896 1294 si
1925 1229 2085 1295 tractandi
2108 1231 2174 1294 sint
2195 1249 2253 1309 pro
2275 1229 2369 1293 meri·

388 1316 559 1380 hominum
581 1314 723 1378 arbitrio.
767 1314 863 1381 Unde
880 1315 1066 1390 conficitur,
1098 1314 1180 1379 nihil
1198 1315 1260 1379 nisi
1282 1315 1354 1380 Deo
1405 1317 1463 1391 tis,
1496 1315 1691 1398 quotidianis
1721 1315 1851 1380 diluviis
1881 1336 1962 1398 opus
1988 1315 2080 1379 foret.
2124 1313 2235 1395 Quare
2263 1314 2311 1378 ita
2337 1335 2369 1379 se

388 1412 503 1466 autore
524 1411 708 1482 susceptum
727 1400 766 1464 ab
784 1423 822 1466 eo
839 1401 919 1464 fuiss
987 1399 1150 1464 Oontinuo
1168 1401 1266 1464 etiam
1283 1413 1356 1482 post
1406 1421 1527 1484 poenas
1567 1412 1772 1483 sumpturum
1811 1399 1904 1465 docet
1943 1400 1983 1464 de
2023 1399 2198 1466 sceleribus
2237 1400 2368 1466 secundi

388 1486 519 1552 subiicit
540 1486 649 1551 Moses
670 1485 801 1550 odorem
822 1419 972 1552 saccffli
1001 1494 1129 1568 gratum
1155 1485 1253 1550 fuisse
1275 1485 1352 1550 Deo.
1405 1485 1536 1565 mundi,
1565 1497 1602 1550 ut
1623 1497 1731 1551 tamen
1761 1497 1931 1551 conservet
1953 1485 2095 1568 aliquam
2118 1495 2223 1550 terrae
2245 1486 2368 1564 faciem,

389 1571 545 1637 Tenenda
566 1579 675 1636 autem
696 1581 746 1635 est
767 1571 931 1654 generalis
954 1571 1080 1654 regula,
1103 1571 1224 1636 foetere
1246 1591 1353 1637 coram
1406 1593 1465 1638 nec
1498 1572 1647 1638 absumat
1681 1579 1847 1636 creaturas
1880 1572 1996 1654 quibus
2029 1590 2099 1634 eam
2131 1570 2271 1635 ornavit.
2326 1570 2370 1636 Ut

389 1658 459 1722 Deo
481 1657 589 1721 cultus
610 1677 722 1721 omnes
743 1658 797 1738 qui
819 1657 895 1721 fidei
917 1654 1015 1722 odore
1037 1657 1158 1740 perfusi
1181 1677 1244 1722 non
1266 1664 1353 1721 sunt.
1405 1655 1553 1724 videmus
1576 1657 1674 1722 talem
1696 1657 1842 1722 adhiberi
1871 1656 2002 1721 modum
2024 1673 2091 1721 tam
2113 1655 2252 1738 publicis
2274 1676 2369 1738 quam

391 1743 541 1809 Sciamus
570 1763 647 1826 ergo
675 1743 776 1806 altare
797 1741 893 1806 Noah
915 1741 1087 1807 fundatum
1109 1742 1209 1807 fuisse
1230 1743 1265 1806 in
1290 1743 1353 1808 Dei
1405 1742 1595 1825 specialibus
1624 1743 1688 1808 Dei
1717 1742 1859 1818 iudiciis,
1896 1753 1932 1806 ut
1963 1752 2089 1808 constet
2116 1753 2225 1806 temen
2258 1741 2370 1805 mundi

390 1830 499 1894 verbo.
539 1827 583 1890 Et
604 1828 689 1891 idem
707 1827 842 1893 verbum
861 1828 965 1892 instar
987 1828 1065 1894 salis
1086 1827 1186 1894 luisse
1209 1829 1280 1892 eius
1302 1848 1353 1891 sa·
1405 1827 1609 1906 universitas,
1632 1838 1666 1892 et
1686 1839 1802 1892 natura
1820 1848 1951 1894 cursum
1971 1848 2068 1892 suum
2085 1826 2233 1891 retineat.
2270 1828 2370 1892 Porro

389 1913 528 1989 orificiis,
550 1934 591 1976 ne
612 1913 753 1994 insipida
774 1923 891 1978 essent.
1404 1935 1502 1994 quum
1534 1913 1586 1978 hic
1613 1914 1805 1995 pronunciet
1826 1913 1918 1978 Deus
1944 1912 2056 1994 quales
2085 1911 2250 1994 usquead
2273 1914 2369 1977 finem

474 1999 525 2063 21.
555 1997 598 2062 Et
629 1999 774 2064 odmctaa
807 2005 850 2064 att
883 1998 997 2063 Iebooc
1029 1998 1159 2063 odorem.
1211 1997 1353 2063 Odorem
1405 1997 1519 2063 muudi
1539 1999 1642 2064 futuri
1663 2000 1731 2064 sint
1752 1999 1914 2074 homines,
1938 1998 2046 2081 palam
2068 2007 2119 2062 est
2140 2007 2245 2062 totum
2268 2019 2370 2082 genus

389 2084 506 2166 quietis
528 2085 676 2148 nominat
696 2084 819 2160 Moses,
849 2105 912 2166 quo
935 2083 1081 2164 placatus
1103 2083 1165 2149 luit
1186 2085 1293 2158 Deus,
1317 2103 1355 2148 ao
1404 2083 1584 2148 humanum
1606 2085 1778 2166 pravitatis
1800 2093 1833 2149 et
1853 2085 1997 2148 malitiae
2018 2082 2174 2148 damnari.
2210 2084 2281 2149 Nee
2302 2095 2369 2148 tan-

389 2170 416 2235 si
445 2171 507 2234 rite
535 2168 662 2234 litatum
691 2189 762 2234 esse
795 2169 938 2234 dixisset.
984 2168 1157 2233 Caeterum
1187 2168 1267 2233 nihil
1297 2170 1352 2235 ab·
1405 2183 1475 2234 tum
1497 2169 1538 2234 dc
1559 2171 1720 2252 corruptis
1743 2169 1886 2236 moribus
1913 2169 2015 2234 lertur
2033 2169 2212 2234 sententia:
2241 2168 2300 2234 sed
2321 2170 2368 2232 in-

388 2254 519 2319 surdius
540 2267 590 2318 est
610 2275 707 2336 quam
730 2253 838 2319 Deum
865 2253 1038 2338 imaginari
1059 2254 1171 2336 putido
1194 2254 1354 2320 viscerum
1405 2254 1514 2336 genita
1535 2255 1601 2321 illis
1624 2256 1782 2321 vitiositas
1803 2276 1874 2320 esse
1896 2255 2030 2331 dicitur,
2057 2253 2144 2319 unde
2171 2254 2254 2318 nihil
2277 2274 2370 2336 quam

389 2348 422 2405 et
443 2340 550 2404 carnis
572 2341 661 2404 fumo
683 2339 782 2406 fuisse
803 2339 975 2422 placatum.
1013 2337 1080 2405 Sed
1101 2340 1207 2405 Moses
1225 2340 1278 2404 hic
1295 2361 1354 2404 suo
1405 2340 1492 2405 mala
1529 2342 1716 2406 scaturiant.
1780 2341 1884 2406 Miror
1922 2349 2031 2404 autem
2069 2339 2155 2404 unde
2193 2339 2371 2423 obrepserit

388 2446 478 2490 more
497 2424 608 2499 Deum
631 2425 774 2489 humana
795 2446 934 2509 persona
950 2425 1065 2502 induit,
1089 2435 1125 2489 ut
1145 2447 1180 2490 se
1201 2425 1241 2489 ad
1263 2425 1354 2490 rudis
1406 2425 1589 2491 adulterina
1616 2426 1670 2490 illa
1697 2428 1819 2503 versio,
1849 2425 1933 2507 quod
1962 2426 2116 2509 cogitatio
2144 2445 2247 2508 prona
2268 2426 2310 2489 sit
2331 2424 2369 2489 ad
2416 2424 2419 2432 '

388 2509 500 2594 populi
527 2519 660 2592 captum
689 2510 915 2576 accommodet.
966 2511 1081 2593 Neque
1110 2512 1205 2575 etiam
1235 2521 1353 2592 putan·
1406 2511 1542 2575 malum:
1574 2511 1637 2577 uisi
1658 2511 1743 2594 quod
1765 2511 1917 2578 credibile
1940 2527 1990 2576 est
2016 2513 2124 2576 locum
2145 2511 2192 2576 sio
2214 2511 2313 2575 fuisse
2332 2510 2369 2574 ab

389 2593 466 2659 dum
491 2605 541 2660 est
572 2597 678 2676 ipsum
710 2596 913 2662 sacrificandi
946 2597 1043 2660 ritum
1071 2617 1128 2677 per
1155 2617 1190 2662 se
1223 2605 1353 2680 gratum
1406 2596 1446 2662 iis
1468 2605 1654 2679 corruptum
1676 2598 1730 2696 qpi
1751 2597 1791 2662 de
1812 2609 1948 2662 naturae
1978 2597 2141 2661 humanae
2168 2598 2369 2678 corruptione

389 2681 489 2745 fuisse
517 2681 589 2746 Deo
618 2691 774 2762 tanquam
803 2683 1005 2746 meritorium
1034 2702 1130 2763 opus:
1165 2681 1222 2746 sed
1255 2683 1353 2746 finem
1406 2683 1505 2747 nimis
1531 2681 1748 2766 philosophice
1776 2681 1992 2766 disputarunt.
2036 2681 2167 2747 Durum
2197 2681 2262 2746 illis
2284 2681 2367 2745 vidc-

388 2766 493 2848 operis
525 2765 684 2848 inspicere
714 2768 878 2845 convenit,
914 2788 977 2832 nou
1011 2775 1119 2832 autem
1152 2767 1286 2831 haerere
1317 2767 1354 2831 in
1407 2768 1519 2843 batur,
1550 2769 1713 2833 hominem
1735 2769 1827 2851 quasi
1850 2767 1967 2833 diaboli
1995 2767 2194 2849 mancipium
2216 2767 2367 2833 subiicere

389 2861 525 2916 externa
553 2851 653 2916 larva.
698 2851 787 2932 Quid
808 2851 869 2916 sibi
898 2851 987 2917 aliud
1014 2852 1118 2918 voluit
1139 2852 1234 2917 Noah
1256 2873 1355 2935 quam
1406 2861 1547 2935 peccato.
1591 2855 1680 2937 Ergo
1702 2852 1872 2938 mitigandi
1895 2875 2002 2930 causa,
2024 2873 2221 2934 propensum
2244 2873 2313 2917 esse
2330 2851 2365 2914 ad

388 2935 532 3018 profiteri
549 2957 643 3001 suam
664 2945 697 3002 ct
714 2937 904 3003 animalium
922 2939 1026 3003 vitam
1044 2939 1141 3003 unius
1152 2939 1216 3003 Dei
1233 2938 1356 3003 miseri·
1409 2939 1487 3005 vitia
1508 2937 1673 3004 dixerunt.
1720 2939 1786 3006 Sed
1807 2961 1906 3022 quum
1928 2962 1946 3003 e
1971 2941 2059 3006 coelo
2076 2937 2209 3002 detonat
2226 2938 2364 3003 coelestis
2436 3013 2440 3022 ι

388 3020 517 3088 cordiae
544 3043 579 3087 se
608 3031 771 3105 acceptam
800 3022 945 3088 referre?
975 3023 1067 3088 Haec
1099 3024 1203 3106 pietas
1235 3024 1355 3091 bouum
1407 3023 1520 3104 iudex,
1554 3025 1656 3090 malas
1682 3046 1753 3092 esse
1786 3025 2012 3108 cogitationes,
2043 3022 2121 3106 quid
2152 3023 2255 3088 lenire
2281 3025 2364 3087 iuvat

389 3127 586 3188 suavemque
607 3106 738 3173 odorem
759 3129 866 3173 coram
889 3107 960 3174 Deo
978 3109 1126 3190 spiravit,
1148 3108 1355 3191 quemadmo-
1407 3110 1492 3192 quod
1525 3109 1738 3177 nihilominus
1765 3112 1868 3176 fixum
1890 3109 2020 3174 manet?
2055 3109 2247 3192 Agnoscent
2274 3110 2364 3191 igitur

389 3191 467 3256 dum
489 3192 626 3258 habetur
647 3191 748 3278 (Psal.
774 3195 844 3272 116,
870 3193 938 3279 12):
984 3193 1071 3274 Quid
1094 3194 1270 3277 rependam
1291 3195 1356 3260 Dc
1407 3194 1557 3260 homines
1585 3217 1619 3260 se
1653 3196 1806 3262 vitiosum
1838 3217 1909 3262 esso
1948 3197 2156 3279 figmentum,
2191 3193 2302 3277 quales
2328 3215 2363 3257 er

388 3277 477 3341 mino
504 3299 562 3361 pro
592 3279 743 3344 omnibus
792 3301 854 3345 uae
882 3279 1041 3345 contulit?
1072 3279 1215 3346 Calicem
1242 3279 1356 3346 salutis
1407 3279 1515 3345 Adam
1536 3292 1732 3346 nascuntur:
1754 3280 1889 3364 ideoque
1912 3280 2044 3345 nonnisi
2068 3301 2186 3362 pravas
2210 3279 2365 3362 cogitatio

387 3362 551 3445 accipiam,
574 3376 606 3427 et
627 3385 746 3429 nomen
803 3355 905 3430 omini
926 3364 1093 3432 invocabo.
1407 3388 1465 3432 nes
1487 3387 1522 3430 se
1543 3369 1676 3450 fingere,
1699 3368 1800 3432 donec
1817 3370 1899 3431 fiant
1916 3387 2040 3432 novum
2057 3365 2183 3432 Christi
2199 3365 2364 3446 opificium,

473 3447 567 3514 Dicit
596 3449 709 3515 Iebooa
734 3451 770 3515 ia
804 3451 892 3516 corde
920 3471 985 3516 suo.
1039 3450 1163 3516 Sensus
1192 3459 1257 3530 est,
1285 3452 1356 3516 Deo
1408 3473 1445 3517 ac
1467 3452 1537 3516 eius
1558 3454 1674 3534 spiritu
1696 3453 1731 3516 in
1752 3452 1849 3516 aliam
1872 3454 1974 3516 vitam
1995 3451 2184 3516 formentur.
2224 3451 2292 3515 Nec
2312 3450 2364 3512 du·

387 3532 487 3600 fuisse
504 3534 566 3600 hoo
584 3535 765 3613 decretum,
788 3557 830 3600 ne
853 3537 988 3620 posthac
1012 3545 1118 3601 terrae
1140 3535 1355 3602 malediceret.
1409 3536 1497 3601 bium
1534 3549 1584 3603 est
1615 3539 1695 3621 quin
1729 3537 1890 3603 Dominus
1920 3538 2024 3619 ipsam
2056 3545 2200 3601 mentem
2234 3536 2364 3600 hominis

385 3617 437 3684 Ac
452 3641 607 3704 magnum
625 3620 751 3704 pondus
767 3621 866 3687 habet
883 3623 1042 3705 loquutio:
1065 3642 1249 3704 quanquam
1270 3624 1357 3686 enim
1409 3643 1542 3705 pravam
1573 3633 1604 3687 et
1633 3624 1711 3688 vitio
1750 3644 1882 3705 prorsus
1913 3624 2065 3687 infectam
2097 3641 2169 3687 esse
2208 3621 2307 3698 dicat,
2333 3629 2365 3683 ut

388 3727 456 3770 non
477 3715 632 3772 retractat
653 3707 744 3772 Deus
765 3707 850 3790 quod
873 3708 980 3791 palam
1002 3728 1058 3772 ore
1080 3707 1230 3791 protulit,
1252 3709 1357 3791 magis
1408 3729 1520 3773 omnes
1548 3729 1630 3790 quae
1651 3709 1727 3774 inde
1748 3709 1911 3791 prodeunt
1938 3709 2150 3791 cogitationes
2172 3707 2275 3771 malae
2295 3707 2363 3772 siut.

389 3805 498 3856 tamen
530 3793 688 3856 afficimur
724 3814 824 3876 quum
862 3793 1012 3858 audimus
1052 3792 1173 3875 aliquid
1206 3813 1276 3857 esse
1309 3794 1356 3857 illi
1407 3791 1444 3858 Si
1467 3793 1541 3859 talis
1563 3805 1612 3858 est
1633 3795 1667 3857 in
1688 3794 1759 3878 ipso
1781 3795 1868 3859 fonte
1890 3793 2042 3869 defectus,
2068 3793 2216 3874 sequitur
2237 3793 2364 3857 affectus

388 3877 493 3939 fixum
516 3877 601 3959 apud
623 3897 673 3943 se:
703 3881 779 3960 quia
810 3879 873 3943 tale
901 3880 1041 3944 interius
1070 3878 1236 3943 decretum
1266 3879 1355 3944 nullo
1405 3901 1517 3944 omnes
1536 3901 1605 3943 esse
1623 3880 1734 3954 malos,
1754 3887 1787 3945 et
1803 3899 1901 3962 opera
1918 3878 2033 3944 iisdem
2051 3877 2202 3944 sordibus
2219 3877 2364 3960 adspersa

387 3961 483 4026 modo
505 3983 524 4026 a
546 3964 704 4027 creaturis
732 3964 860 4046 pendet.
904 3965 1042 4030 Summa
1064 3973 1130 4041 est,
1158 3963 1244 4046 quod
1267 3979 1355 4030 certo
1406 3987 1492 4030 esse:
1522 3965 1598 4048 quia
1627 3985 1757 4030 necesse
1785 3967 1827 4031 sit
1856 3975 1892 4029 ut
1921 3985 2014 4029 suam
2043 3963 2172 4046 sapiant
2202 3963 2361 4046 originem.

388 4048 537 4112 statuerit
568 4049 656 4113 Deus
684 4049 843 4114 mundum
873 4051 1007 4134 posthac
1036 4048 1160 4114 diluvio
1189 4070 1353 4131 nunquam
1406 4051 1480 4114 Non
1514 4051 1602 4114 enim
1636 4061 1764 4114 tantum
1798 4050 1877 4115 dicit
1909 4050 2057 4115 homines
2090 4049 2175 4113 male
2208 4048 2363 4113 interdum

388 4131 531 4214 perdere.
577 4133 688 4216 Neque
711 4136 798 4199 enim
821 4134 1033 4202 Maledicendi
1058 4136 1194 4200 verbum
1218 4157 1353 4218 genera·
1377 4118 1380 4206 i
1403 4138 1559 4216 cogitare:
1578 4134 1635 4200 sed
1653 4135 1821 4201 indefinita
1837 4146 1888 4200 est
1904 4137 2014 4212 oratio,
2032 4154 2114 4218 quae
2132 4134 2280 4199 arborem
2296 4155 2363 4198 cum

387 4217 463 4282 liter
494 4219 668 4302 accipitur:
702 4221 778 4303 quia
808 4221 927 4285 scimus
959 4229 1117 4303 quantum
1149 4221 1280 4303 perierit
1312 4243 1352 4286 ex
1403 4221 1560 4286 fructibus
1581 4221 1814 4305 complectitur.
1848 4221 1919 4285 Neo
1940 4222 2046 4286 obstat
2067 4218 2154 4302 quod
2176 4220 2320 4284 carnales
2336 4231 2364 4283 at

387 4315 493 4368 terrac
514 4305 744 4382 foecunditate,
770 4321 941 4388 postquam
963 4319 1116 4390 corrupta
1142 4316 1192 4370 est
1213 4306 1354 4372 hominis
1403 4307 1531 4389 profani
1548 4306 1695 4372 homines
1712 4327 1869 4389 generoso
1886 4327 1982 4388 saepe
1998 4306 2131 4389 ingenio
2148 4305 2281 4388 pollent,
2298 4326 2364 4370 cou-

385 4401 525 4538 peccato,
548 4402 582 4456 ct
603 4391 746 4474 quotidie
769 4392 868 4456 variis
887 4392 991 4456 modis
1012 4392 1172 4458 sentimus
1194 4412 1264 4455 eam
1288 4414 1353 4457 ma·
1403 4393 1477 4458 silia
1498 4392 1678 4473 suscipiant
1694 4391 1729 4458 in
1748 4393 1887 4476 spadam
1907 4393 2050 4470 honesta,
2073 4401 2106 4455 et
2127 4389 2286 4473 quaedam
2304 4393 2363 4454 vir·

398 4475 489 4541 edici.
541 4477 585 4542 Et
614 4499 648 4542 se
676 4479 784 4560 ipsum
813 4479 947 4559 exponit
982 4477 1077 4561 paulo
1111 4485 1198 4560 post,
1232 4476 1353 4553 dicens,
1404 4479 1483 4543 tutis
1514 4475 1705 4542 documenta
1727 4478 1834 4544 edant.
1877 4477 1964 4542 Nam
1985 4477 2062 4560 quia
2085 4487 2229 4541 mentem
2252 4477 2364 4541 habeut

387 4561 462 4628 Noa
473 4565 650 4643 percutiam
670 4563 755 4628 oltra
777 4565 917 4629 animam
938 4564 1092 4628 Neardea.
1134 4563 1246 4645 Neque
1266 4565 1353 4628 enim
1403 4563 1466 4628 Dei
1489 4573 1686 4644 contemptu,
1709 4564 1868 4647 superbia,
1894 4583 2002 4628 amore
2024 4562 2083 4641 sui,
2106 4561 2289 4640 ambitione,
2311 4563 2362 4644 hp·

385 4648 437 4713 his
465 4649 573 4714 verbis
599 4647 776 4730 quamlibet
797 4649 979 4715 vindictam
1000 4647 1163 4731 designat:
1194 4648 1249 4712 sed
1272 4669 1353 4730 quas
1404 4649 1530 4730 pocrisi,
1554 4649 1730 4728 fraudibus,
1755 4651 1896 4715 vanitate
1918 4658 2115 4729 corruptam,
2137 4649 2210 4713 fieri
2233 4671 2296 4714 non
2317 4669 2363 4730 po

386 4733 493 4798 deleat
525 4736 636 4798 orbem
669 4743 830 4798 terrarum
865 4751 899 4798 et
930 4734 1098 4799 interitum
1131 4735 1246 4798 afferat
1285 4745 1352 4799 tam
1404 4747 1468 4799 test
1496 4735 1576 4817 quin
1603 4755 1715 4800 omnes
1747 4755 1860 4800 eorum
1892 4735 2102 4817 cogitationes
2135 4732 2256 4799 talibus
2283 4735 2363 4797 vitiis

386 4819 528 4884 humano
545 4821 659 4902 generi
678 4841 773 4900 quam
798 4818 931 4902 reliquis
961 4819 1170 4884 animalibus:
1195 4840 1232 4885 ac
1254 4821 1282 4883 si
1305 4819 1353 4882 di·
1404 4822 1469 4884 sint
1492 4819 1677 4902 implicitae.
1713 4821 1842 4885 Rursus
1857 4819 1989 4884 tendere
2007 4831 2173 4899 nequeunt
2190 4819 2225 4882 in
2248 4833 2362 4885 rectum

385 4919 486 4978 ceret,
510 4926 545 4968 se
575 4904 733 4969 mundum
763 4905 946 4970 restituisse
976 4905 1037 4970 hae
1057 4905 1129 4989 lege
1151 4915 1190 4969 ut
1219 4906 1354 4988 posthac
1403 4908 1517 4970 finem:
1541 4905 1628 4969 unde
1650 4906 1688 4969 fit
1709 4921 1744 4971 ut
1762 4906 1909 4989 obliquae
1927 4916 1960 4969 et
1977 4913 2150 4979 contortae,
2169 4905 2266 4971 sicuti
2282 4918 2360 4979 suut,

386 4990 510 5054 diluvio
528 5010 592 5054 non
611 5003 730 5073 pareat.
765 4989 821 5056 Sic
845 5011 944 5073 quum
963 4991 1125 5056 Dominus
1142 4988 1237 5075 (Issa.
1257 4993 1308 5070 54,
1320 4991 1354 5077 9)
1403 4992 1598 5056 iudicentur.
1643 4990 1765 5056 Omnia
1796 4993 1884 5057 enim
1913 5011 1995 5072 quae
2024 4991 2084 5055 sub
2112 4989 2245 5057 virtutis
2266 4991 2362 5058 colore

385 5076 581 5158 pronunciat
597 5097 632 5140 se
652 5097 715 5141 una
731 5077 842 5158 populi
861 5076 1049 5158 captivitate
1065 5078 1135 5141 iore
1153 5089 1354 5154 contentum,
1405 5078 1540 5158 placent,
1559 5077 1665 5140 instar
1681 5079 1749 5141 vini
1767 5086 1846 5142 sunt
1862 5075 1981 5142 foetido
1999 5076 2086 5140 vasis
2103 5074 2202 5142 odore
2219 5077 2359 5160 corrupti.

386 5181 459 5225 eam
487 5173 654 5240 comparat
683 5164 774 5243 aquis
803 5162 906 5238 Noah,
934 5162 1050 5244 quibus
1073 5175 1193 5226 terram
1223 5163 1354 5228 nonnisi
1404 5163 1489 5227 Nam
1511 5161 1619 5247 (sicuti
1641 5163 1731 5246 prius
1757 5163 1879 5228 dictum
1896 5161 1958 5310 es?
1987 5161 2048 5243 ipsi
2078 5181 2207 5244 quoque
2236 5173 2360 5228 naturae

385 5246 486 5311 semel
505 5245 670 5327 submergi
693 5247 803 5310 voluit.
1404 5248 1549 5326 affectus,
1569 5249 1625 5328 qui
1647 5269 1705 5332 per
1727 5269 1761 5313 se
1783 5259 1860 5312 suot
1877 5248 1932 5311 lau
1955 5246 2064 5326 abiles,
2086 5247 2239 5330 originali
2260 5258 2360 5312 tamen

475 5333 557 5412 Quia
583 5333 725 5413 cogitatio
751 5333 853 5398 cordis
881 5332 1020 5398 hamoni.
1068 5332 1205 5397 Videtur
1237 5354 1353 5415 parum
1403 5343 1534 5416 peccato
1557 5333 1659 5398 vitiati
1683 5341 1775 5410 suut,
1798 5354 1835 5398 ac
1862 5345 1995 5416 propter
2023 5334 2250 5415 intemperiem
2272 5355 2290 5398 a
2310 5351 2360 5398 sua
