5000 6208
348 467 409 530 188
1010 464 1380 532 COMMENTARIUS
1403 467 1453 531 IN
1476 463 1691 532 unnssln.
2283 465 2333 529 188

349 652 416 720 Sed
455 653 622 738 quaeritur
655 673 696 715 an
730 652 815 716 iuste
848 651 1016 717 Pharaoni
1055 653 1182 718 inflicta
1222 653 1320 716 fuerit
1343 666 1346 725 ξ
1371 655 1493 719 namet.
1540 656 1569 719 6.
1600 652 1644 717 Et
1671 673 1731 717 nan
1756 650 1875 734 ferebat
1901 672 1952 716 eos
1980 655 2079 730 arra,
2111 637 2145 715 bt
2173 649 2334 716 babitarent

346 761 468 824 poena,
494 759 596 821 quum
620 758 723 818 neque
744 737 892 802 insidiari
915 738 1050 802 alterius
1073 738 1184 816 thoro,
1216 759 1319 820 neque
1343 766 1346 810 ·,
1368 743 1506 820 pariter:
1528 741 1604 820 quia
1625 743 1690 803 erat
1710 737 1883 803 substordia
1904 757 2009 802 eoram
2030 737 2137 812 matta,
2161 743 2189 802 et
2209 757 2270 802 nan
2285 757 2334 816 po·

347 845 406 909 per
424 825 491 890 vim
509 844 647 888 uxorem
664 845 779 906 rapere
796 824 831 887 in
850 823 958 888 animo
976 821 1137 888 habuerit.
1171 823 1320 909 Respon·
1343 816 1346 835 ⁸
1372 832 1472 890 terant
1494 827 1632 890 babitare
1644 825 1779 904 pariter.
1810 823 1838 887 7.
1862 823 1904 886 Et
1923 824 1986 904 snr't
2007 823 2152 888 mutando
2169 823 2251 888 inter
2265 843 2333 902 pas·

348 910 416 989 deo,
440 931 505 974 non
527 930 655 993 semper
676 908 878 973 aestimanda
901 930 972 975 esse
995 916 1105 974 nostro
1127 907 1244 973 iudicio
1263 910 1319 972 ho·
1371 917 1450 976 teres
1475 913 1627 992 pecudum
1654 908 1790 986 Abram,
1819 914 1847 974 et
1869 914 2012 990 pastores
2033 909 2189 989 pecudum
2212 908 2285 972 Lot:
2313 914 2334 973 et

347 997 472 1061 minum
496 997 594 1074 faeta,
625 996 681 1060 sed
711 995 819 1077 potius
849 994 1068 1059 examinanda
1096 1017 1166 1060 esse
1189 993 1229 1059 ad
1252 1005 1320 1059 tru·
1375 998 1600 1062 Cherraeaaeas
1621 999 1647 1060 et
1671 993 1864 1059 Pharisaeus
1890 1000 1961 1060 tanc
1989 993 2169 1059 habitabant
2196 995 2232 1058 in
2253 997 2334 1059 terra

346 1083 451 1148 tinam
474 1081 552 1145 Dei:
581 1082 657 1163 qnia
679 1101 775 1164 saepe
798 1080 916 1146 accidit
935 1089 973 1144 ut
994 1080 1136 1163 reperiat
1158 1081 1321 1144 Dominus
1374 1085 1401 1146 8.
1432 1083 1474 1146 Et
1501 1086 1585 1149 diait
1612 1082 1734 1147 Abram
1760 1080 1803 1144 ad
1833 1080 1906 1145 Lot:
1941 1079 1990 1145 Ne
2016 1101 2096 1145 nune
2125 1081 2167 1144 sit
2199 1080 2334 1145 mnemia

347 1167 433 1250 quod
462 1168 547 1231 inste
575 1167 610 1230 in
640 1166 734 1230 nobis
763 1167 895 1249 puniat,
929 1165 1008 1230 dum
1045 1167 1139 1231 nohis
1171 1165 1322 1229 videmur
1373 1169 1518 1233 interme
1540 1175 1567 1232 et
1588 1174 1624 1244 te,
1647 1172 1674 1231 et
1695 1167 1933 1245 interpastcres
1955 1183 2038 1229 meas
2059 1171 2088 1230 et
2103 1171 2250 1247 pastores
2270 1171 2334 1245 taos,

348 1274 419 1319 csse
437 1263 532 1318 extra
561 1273 844 1334 aerumnasque
872 1253 961 1316 omni
990 1263 1083 1316 reatu
1111 1249 1319 1316 absolvimus.
1373 1256 1449 1335 qaia
1480 1255 1545 1318 uiri
1575 1255 1692 1335 fratres
1723 1272 1841 1317 mmm.
1897 1252 1926 1316 9.
1952 1251 2117 1332 Numquid
2152 1273 2214 1316 non
2247 1251 2335 1315 omnis

347 1339 464 1405 Potius
486 1338 615 1403 discant
637 1359 730 1420 reges
753 1359 795 1401 ex
822 1338 883 1402 hac
909 1337 1061 1416 historia,
1087 1357 1179 1402 suam
1208 1345 1321 1419 poten·
1373 1346 1457 1404 terra
1479 1345 1522 1402 ert
1543 1359 1647 1404 coram
1667 1337 1719 1402 te?
1740 1357 1853 1418 separa
1875 1341 1903 1402 te
1923 1357 2004 1401 nanc
2023 1358 2044 1400 a
2065 1358 2129 1402 me:
2154 1339 2185 1402 si
2207 1337 2283 1402 ieris
2301 1338 2335 1400 ad

347 1426 427 1490 tiam
449 1426 615 1504 fraenare,
644 1445 681 1490 ac
703 1423 869 1488 moderate
898 1424 945 1488 uti
967 1445 1025 1487 suo
1048 1423 1198 1504 imperio:
1230 1421 1321 1486 deni·
1372 1426 1547 1502 sinistram,
1565 1423 1834 1489 deutramtenebo:
1851 1427 1879 1486 et
1894 1423 1924 1486 si
1938 1423 2131 1487 addeatrom
2148 1423 2334 1501 11118111ιέ-

348 1532 411 1594 que
444 1509 664 1577 voluntariam
697 1508 762 1576 sibi
792 1508 970 1572 modestiae
1002 1509 1109 1592 legem
1144 1509 1320 1592 imponere.
1374 1515 1455 1574 tram
1476 1509 1585 1574 terrebo.
1632 1509 1681 1572 10.
1706 1508 1750 1572 Et
1770 1507 1881 1572 leuauit
1903 1508 1962 1573 Lot
1982 1509 2085 1574 mulae
2106 1529 2191 1584 suas,
2220 1513 2249 1574 et
2269 1510 2336 1575 cut

349 1596 510 1677 Quamvis
543 1595 631 1659 onim
663 1595 699 1658 in
721 1594 894 1659 Pharaone
927 1615 991 1658 non
1023 1592 1131 1676 palam
1168 1602 1323 1675 appareat
1374 1617 1492 1661 omnem
1508 1596 1676 1676 planitiem
1695 1595 1822 1672 Ierderr,
1843 1595 1924 1674 quod
1945 1597 2007 1659 tota
2023 1599 2100 1658 esset
2117 1595 2242 1678 irripua
2263 1601 2336 1658 aab·

349 1683 460 1764 culpa:
481 1681 557 1764 quia
575 1689 685 1744 tamen
699 1680 804 1744 fidum
822 1679 1019 1744 monitorem
1038 1701 1102 1744 non
1120 1678 1220 1743 habet
1235 1679 1323 1743 inter
1374 1703 1468 1764 qaam
1496 1683 1686 1762 disperderet
1714 1679 1828 1744 Ieboca
1858 1679 1967 1744 Sedom
1996 1684 2023 1743 et
2051 1679 2228 1759 Romami,
2255 1681 2336 1744 sardi
2461 1739 2462 1752 ,

348 1769 515 1846 homines,
544 1767 599 1849 qui
627 1767 695 1832 eius
724 1767 889 1831 licentiam
919 1785 1121 1847 compescere
1149 1764 1282 1844 audeat,
1306 1785 1323 1828 e
1375 1767 1484 1831 bertas
1507 1767 1649 1845 Iebaaae,
1679 1768 1758 1829 sicat
1779 1771 1862 1829 terra
1883 1766 2030 1848 Aepppti,
2053 1766 2243 1848 iaprediente
2263 1771 2289 1830 te
2307 1767 2336 1828 in
2461 1783 2462 1788 ¹

349 1854 438 1921 coelo
467 1853 604 1936 castigat
633 1850 725 1915 illum
749 1852 917 1916 Dominus.
963 1850 1060 1930 Quod
1087 1849 1128 1915 ad
1156 1851 1323 1928 familiam,
1379 1853 1489 1918 Solea-r.
1536 1855 1585 1917 11.
1611 1853 1652 1916 Et
1674 1853 1760 1932 elepit
1782 1851 1843 1915 sibi
1866 1849 1924 1915 Lot
1944 1870 2064 1915 manem
2083 1850 2252 1932 pannum
2274 1851 2335 1914 Inr-

349 1947 421 2006 erat
449 1937 579 2022 qnidam
607 1937 755 2002 innoxia:
790 1936 847 2002 sed
874 1937 973 2002 habet
1005 1956 1133 2019 semper
1162 1937 1325 2002 Dominus
1376 1941 1449 2018 den,
1477 1944 1505 2002 et
1519 1939 1677 2022 prosedas
1698 1943 1741 2001 est
1764 1937 1821 2000 Lot
1851 1940 1888 2000 ub
1915 1937 2044 2014 oriente,
2074 1941 2103 2000 et
2125 1941 2336 2017 separaverant

349 2026 451 2091 instas
473 2044 602 2100 cemes,
634 2023 710 2088 licet
732 2022 825 2087 nobis
847 2023 1006 2101 occultas,
1034 2043 1091 2087 our
1118 2022 1230 2088 ferulis
1252 2043 1324 2104 per·
1376 2045 1409 2090 se
1441 2025 1520 2088 ader
1551 2025 1589 2088 ab
1622 2025 1726 2088 attero.
1781 2023 1830 2086 12.
1861 2021 1982 2086 Abram
2016 2021 2165 2086 imbitaur't
2198 2025 2232 2087 in
2263 2027 2337 2087 terra

350 2111 454 2178 cutiat
480 2110 536 2192 qni
558 2108 639 2172 nihil
671 2108 824 2174 videntur
853 2109 916 2172 tale
945 2107 1063 2172 meriti.
1109 2106 1206 2188 Quod
1230 2129 1325 2172 servo
1381 2109 1548 2190 Obanaan,
1568 2115 1597 2174 et
1620 2110 1678 2173 Lot
1705 2109 1854 2173 habitauit
1879 2110 1910 2171 in
1932 2108 2059 2171 urbibus·
2074 2107 2240 2188 planitiei,
2262 2113 2338 2173 uu-

349 2217 408 2262 suo
430 2194 541 2261 Abrae
562 2194 721 2277 pepercit,
750 2203 905 2277 paternae
927 2195 996 2259 eius
1023 2192 1246 2277 indulgentiae
1269 2192 1325 2257 ad·
1377 2196 1473 2260 uadit
1505 2195 1734 2260 tabernaculam
1769 2194 1877 2258 Sedena
1905 2215 2010 2272 asqrce.
2064 2194 2113 2257 13.
2148 2193 2220 2258 Viri
2248 2199 2338 2258 antem

350 2282 448 2351 scribi
469 2279 574 2347 debet.
1382 2281 1493 2346 Sedmn
1520 2285 1609 2344 urard
1637 2280 1728 2356 mali,
1761 2287 1787 2344 et
1816 2281 1953 2344 scelerati
1981 2299 2085 2344 eoram
2107 2277 2223 2344 choaa
2251 2279 2337 2344 vaae.

437 2368 487 2433 18.
519 2366 702 2448 Vocaaitque
722 2364 859 2431 Pharao.
903 2364 996 2429 Iuste
1019 2365 1149 2430 Pharao
1171 2371 1326 2446 expostn·
1381 2369 1430 2431 14.
1454 2366 1499 2431 Et
1519 2367 1634 2432 lebana
1660 2367 1741 2429 dicit
1770 2366 1812 2430 ud
1833 2366 1970 2442 Abram,
1995 2370 2166 2446 postquam
2195 2365 2340 2446 separauit

349 2453 398 2520 lat
419 2474 494 2520 eum
516 2452 656 2528 Abram,
687 2473 785 2533 penes
815 2472 910 2534 quem
934 2452 1107 2533 praecipua
1128 2459 1199 2514 erat
1220 2449 1324 2531 eulpa.
1379 2475 1412 2519 se
1435 2453 1492 2517 Lot
1514 2453 1554 2518 ab
1576 2472 1625 2516 ea:
1648 2451 1733 2515 Lava
1757 2471 1837 2514 nane
1865 2451 1967 2514 oeulos
1990 2456 2076 2527 taos,
2105 2451 2224 2516 etaide
2246 2473 2265 2516 a
2285 2452 2339 2516 baa

351 2539 452 2606 Nulla
468 2538 523 2603 hic
542 2538 661 2621 legitur
679 2537 787 2602 Abrae
807 2538 989 2620 responsio:
1014 2547 1047 2600 et
1063 2537 1146 2600 forte
1164 2537 1270 2600 iustae
1289 2554 1327 2599 ac
1379 2539 1433 2603 abi
1461 2558 1509 2616 es,
1538 2537 1581 2602 ud
1609 2537 1796 2618 aquilonem,
1822 2537 1995 2614 nreridiem,
2023 2537 2187 2614 orientem
2218 2542 2245 2601 et
2273 2535 2339 2601 acci·
2463 2527 2464 2550 ¹

351 2647 449 2692 verae
472 2623 716 2707 reprehensioni
745 2623 943 2706 subscripsit.
988 2623 1232 2686 Potesttamen
1256 2621 1327 2685 fieri
1379 2626 1506 2689 dacum
1553 2623 1602 2687 15.
1630 2624 1711 2704 Quia
1732 2642 1849 2686 arrarum
1871 2628 1987 2686 terram
2008 2639 2102 2701 quam
2122 2627 2158 2686 tn
2180 2623 2273 2698 eides
2293 2623 2340 2687 tibi
2463 2623 2464 2634 ³

351 2719 389 2778 ut
410 2710 529 2776 omissa
549 2709 648 2774 inerit
675 2709 840 2774 excusatio
863 2708 1007 2773 aMose:
1037 2709 1131 2774 cuius
1153 2707 1326 2771 consilinm
1379 2710 1457 2774 dabo
1483 2715 1510 2774 et
1536 2709 1650 2773 semini
1676 2714 1728 2772 tuo
1757 2728 1854 2787 usque
1880 2709 1916 2770 in
1943 2709 2109 2772 saeculam.
2157 2710 2206 2773 16.
2234 2707 2276 2772 Et
2289 2729 2339 2790 pa

351 2806 431 2875 erat,
450 2796 581 2862 divinae
600 2793 823 2877 providentiae
841 2795 1004 2876 specimen
1022 2792 1193 2858 ostendere
1210 2794 1246 2856 in
1262 2814 1326 2857 ser·
1379 2816 1454 2860 nam
1476 2815 1580 2860 senua
1601 2800 1690 2858 taum
1711 2795 1791 2858 staec
1805 2793 1964 2875 pulverem
1987 2799 2102 2857 terrae:
2128 2797 2206 2874 quia
2228 2796 2257 2858 si
2267 2798 2341 2874 pate·

351 2881 457 2951 vando
479 2880 621 2960 Abram,
643 2889 676 2944 et
698 2879 893 2945 vindicando
916 2880 985 2944 cius
1007 2879 1167 2963 coningio.
1212 2877 1325 2958 Quen·
1379 2883 1424 2946 rit
1443 2882 1610 2963 quisquam
1633 2899 1796 2943 nmnerare
1813 2880 1973 2960 patrarem
1995 2885 2111 2957 terrae,
2136 2881 2231 2944 etiam
2251 2899 2339 2944 samm

350 2990 447 3051 qnam
469 2977 579 3033 autem
609 2967 742 3048 agnovit
763 2965 888 3030 Abram
911 2987 945 3030 se
968 2964 1046 3030 dare
1074 2965 1194 3029 iustam
1216 2963 1326 3029 sculti-
1379 2972 1466 3032 mum
1494 2966 1677 3032 nanrerabit.
1722 2964 1773 3028 l't.
1801 2965 1914 3046 Saepe,
1944 2964 2071 3028 ambedo
2094 2983 2153 3045 per
2179 2971 2292 3030 terrena
2310 2966 2340 3029 in

351 3058 416 3120 tiae
448 3073 526 3120 snae
555 3050 607 3118 vel
640 3063 869 3135 praeposterae
898 3051 1058 3116 cantionis
1086 3071 1242 3135 poenam:
1276 3069 1326 3114 se·
1381 3053 1604 3136 insipitudinem
1630 3052 1714 3124 eius,
1743 3056 1772 3114 et
1800 3051 1834 3114 in
1864 3050 2059 3114 latitudinem
2090 3052 2175 3115 eires:
2202 3051 2274 3132 qaia
2292 3049 2341 3114 tibi

351 3139 458 3207 cundo
487 3147 599 3204 maren
621 3137 656 3202 in
686 3136 771 3202 idem
799 3137 917 3204 vitium
946 3137 1095 3219 relapsus
1117 3143 1182 3216 est,
1211 3144 1249 3200 ut
1268 3155 1327 3200 sno
1379 3139 1458 3205 dabo
1485 3159 1563 3204 eam.
1609 3138 1658 3202 18.
1683 3137 1726 3201 Et
1752 3135 1875 3201 menan
1903 3137 2134 3200 tabernaculam
2163 3137 2293 3215 Abram,
2318 3139 2341 3198 et

352 3227 422 3292 loco
445 3225 637 3290 videbimus.
1380 3225 1477 3300 emit,
1498 3229 1526 3288 et
1546 3223 1696 3288 habitavit
1718 3223 1753 3287 in
1770 3221 1940 3301 quercubus
1963 3221 2102 3299 Merme,
2125 3243 2204 3304 qaae
2225 3228 2293 3286 srmt
2311 3223 2341 3284 in

437 3311 489 3376 20.
518 3309 738 3390 Praecepitquc
773 3306 912 3373 Pbaraa.
968 3306 1064 3388 Quod
1098 3305 1164 3372 fide
1198 3306 1327 3390 publica
1381 3310 1517 3388 Hebron,
1540 3315 1566 3374 et
1587 3309 1763 3390 aedificavit
1784 3306 1830 3371 ibi
1850 3307 1949 3372 altare
1971 3307 2112 3373 labarae.

353 3395 470 3463 deduci
498 3396 588 3461 iubet
608 3396 740 3460 Pharao
762 3392 888 3458 Abram
919 3404 1012 3458 extra
1038 3413 1192 3478 regnum,
1223 3392 1327 3458 videri

353 3494 462 3566 posset
481 3480 554 3547 ideo
576 3481 700 3546 factum
723 3500 793 3544 esse
811 3490 848 3542 nt
866 3479 1008 3561 perienlo
1030 3485 1229 3545 occurreret:
1253 3479 1329 3559 quia
1468 3481 1497 3544 1.
1521 3480 1564 3544 Et
1593 3479 1729 3545 ascardit
1751 3477 1880 3543 Abram.
1926 3476 2026 3541 Initio
2056 3481 2172 3560 eapitis
2194 3482 2254 3545 Dei
2276 3501 2341 3562 gre·

353 3569 415 3634 sibi
448 3569 555 3652 gentis
588 3566 698 3631 odium
738 3565 937 3630 conflaverat
964 3567 1105 3641 Abram,
1141 3564 1234 3646 quasi
1266 3563 1329 3628 Dei
1382 3567 1460 3631 tiam
1483 3567 1519 3630 in
1540 3566 1739 3650 protegendo
1761 3565 1885 3628 Abram
1905 3564 2111 3628 commendat
2133 3567 2254 3631 Moses:
2277 3565 2344 3645 qnia

354 3654 521 3738 flagellum
543 3652 620 3717 illuc
642 3671 754 3717 secum
776 3650 955 3715 attulisset:
979 3650 1036 3715 sed
1058 3651 1134 3734 qnia
1154 3649 1235 3715 haec
1253 3669 1329 3714 con·
1381 3655 1503 3718 factum
1533 3661 1583 3716 est
1605 3666 1641 3716 ut
1669 3671 1734 3718 non
1763 3659 1891 3714 tantum
1921 3671 2074 3714 reversus
2103 3652 2201 3716 tuerit
2230 3650 2342 3714 ineolu-

353 3741 478 3804 iectura
497 3759 613 3822 parum
633 3738 729 3802 firma
751 3745 816 3814 est,
847 3736 1027 3818 simplicius
1052 3738 1251 3818 interpretor
1273 3735 1328 3799 da·
1382 3739 1453 3817 mis,
1477 3736 1534 3803 sed
1552 3759 1662 3804 secum
1685 3736 1824 3800 traxerit
1846 3755 1982 3818 magnas
2002 3735 2120 3817 copias.
2160 3738 2247 3801 Haeo
2266 3737 2343 3800 enim

354 3836 423 3890 tam
444 3824 545 3889 luisse
565 3825 676 3889 Abrae
698 3820 838 3887 exeundi
861 3822 997 3904 copiam,
1019 3830 1051 3886 et
1072 3820 1222 3886 custodes
1241 3821 1330 3886 addi·
1381 3823 1630 3890 circumstantia
1652 3821 1797 3887 notanda
1827 3831 1892 3898 cst,
1923 3842 2023 3903 quum
2048 3843 2163 3902 pecore
2186 3833 2219 3887 et
2239 3823 2342 3904 opibus

354 3919 414 3987 tos,
436 3932 478 3975 ne
495 3907 634 3992 praedae
652 3915 787 3991 pateret.
826 3906 954 3973 Scimus
973 3908 1060 3972 enim
1079 3928 1177 3990 qnam
1197 3906 1329 3989 superbi
1381 3911 1492 3994 gravis
1505 3912 1695 3992 Aegyptum
1714 3908 1921 3988 relinqueret,
1943 3923 2090 3988 pacatum
2114 3910 2144 3972 oi
2163 3909 2260 3972 fuisse
2274 3909 2341 3971 iter:

354 3996 478 4061 fuerint
499 3995 656 4078 Aegyptii
681 4003 714 4058 et
741 3991 906 4059 crudeles:
937 4001 970 4058 et
998 3994 1159 4059 obnoxius
1187 3993 1330 4058 invidiae
1381 3995 1458 4078 quia
1480 3995 1600 4059 mirum
1624 4005 1674 4059 est
1696 4015 1807 4076 passos
1838 3993 1936 4057 tuisse
1960 3994 2140 4076 Aegyptios
2163 3994 2225 4058 alio
2245 4003 2343 4056 trane·

356 4088 428 4146 erat
456 4082 597 4157 Abram,
629 4078 715 4162 quod
741 4078 807 4143 illie
836 4089 971 4162 repente
1002 4078 1139 4156 ditatus,
1172 4086 1331 4161 tanquam
1382 4079 1461 4146 farri
1487 4081 1572 4162 qnod
1602 4078 1688 4162 apud
1717 4081 1804 4158 ipsos
1833 4079 2026 4159 acquisierat
2049 4079 2183 4144 Abram.
2227 4074 2343 4143 Deinde

356 4168 458 4250 spolia
480 4186 592 4234 secum
614 4165 765 4230 auferret.
1382 4167 1524 4231 ostendit
1545 4167 1671 4243 Moses,
1695 4165 1803 4228 Abrae
1825 4185 1900 4228 suas
1926 4163 2055 4228 divitias
2081 4186 2147 4229 non
2178 4166 2272 4230 luisse
2294 4162 2344 4226 ob·

1384 4253 1518 4331 staculc,
1539 4253 1617 4336 quin
1640 4251 1799 4315 adfinem
1820 4251 2024 4331 propositum
2046 4263 2234 4316 constanter
2252 4248 2346 4329 respi-

1384 4348 1488 4414 ceret,
1523 4359 1560 4402 ae
1588 4337 1665 4402 illuc
1701 4347 1849 4418 pergeret
1876 4335 2038 4399 indefesso
2065 4357 2171 4400 eursu.
2224 4335 2346 4400 Scimus

1383 4433 1584 4506 quantopere
1605 4423 1726 4487 multos
1748 4420 1926 4502 impediant
1947 4421 2091 4485 modicae
2115 4421 2289 4498 facultates,
2310 4439 2346 4481 ne

710 4505 860 4573 CAPUT
881 4505 981 4572 XIII.
1385 4510 1420 4573 in
1441 4508 1567 4574 coelum
1596 4517 1696 4591 caput
1725 4507 1887 4582 attollant,
1917 4507 1972 4588 qui
1995 4529 2071 4572 vero
2099 4507 2262 4572 abundant
2284 4523 2346 4568 ma·

1385 4595 1453 4658 iore
1475 4594 1582 4676 copia,
1607 4615 1673 4658 non
1696 4593 1790 4656 modo
1814 4593 1895 4675 pigri
1920 4607 2063 4674 torpent,
2089 4593 2146 4657 sed
2169 4613 2295 4675 prorsus
2316 4590 2347 4652 iu

444 4679 472 4743 1.
496 4677 539 4742 Et
560 4677 698 4744 ascendit
720 4677 841 4743 Abram
869 4697 908 4742 ea
930 4678 1084 4760 Aepypta,
1113 4677 1181 4758 ipse
1202 4682 1229 4742 et
1249 4696 1333 4740 naar
1385 4693 1473 4744 terra
1495 4679 1633 4745 demersi
1655 4691 1741 4745 sunt.
1787 4678 1898 4758 Qnme
1916 4677 2025 4742 Abrae
2049 4679 2206 4743 virtutem
2227 4675 2347 4759 vulgari

359 4767 435 4840 eius,
458 4765 610 4830 alumnia
628 4784 707 4844 quae
730 4768 818 4829 erant
839 4763 876 4841 ei,
905 4762 1016 4828 etLat
1035 4781 1104 4826 aaa
1125 4784 1158 4830 ea
1177 4763 1219 4829 ad
1240 4762 1332 4827 meri·
1385 4766 1522 4829 aliorum
1557 4767 1634 4831 vitio
1667 4766 1803 4848 opponit
1825 4765 1946 4838 Moses,
1982 4785 2081 4845 quum
2117 4779 2227 4829 narrat
2256 4761 2347 4826 nullis

359 4853 449 4917 dian.
494 4849 524 4915 2.
547 4849 590 4914 Et
611 4849 734 4914 Abram
760 4850 847 4914 diues
868 4851 936 4912 erat
955 4847 1045 4913 ualde
1061 4867 1187 4930 pecore,
1207 4854 1332 4931 arpenta
1384 4851 1626 4933 impedimentis
1666 4852 1765 4915 fuisse
1809 4861 1973 4912 retentum
2017 4851 2191 4930 quominus
2231 4859 2347 4912 terram

359 4943 495 5003 etaura.
536 4934 581 4999 Et
596 4937 737 5016 perrexit
750 4955 811 5015 per
826 4934 1032 5015 profectiones
1060 4954 1137 5002 snas
1159 4957 1180 5000 a
1201 4935 1332 4999 meridie
1385 4937 1543 5002 (thannan
1567 4945 1736 5020 repeteret.
1782 4937 1916 5000 Poterat
1938 4935 2023 4998 enim
2047 4934 2099 5017 (ut
2121 4935 2216 5000 multi
2236 4930 2349 5012 solem)

359 5043 457 5104 usqae
475 5019 517 5085 ad
537 5020 662 5100 Betbei,
690 5041 788 5102 usqae
809 5021 852 5084 ad
868 5021 967 5085 laeum
988 5018 1043 5083 abi
1061 5020 1167 5101 fuerat
1186 5022 1332 5086 taberna·
1384 5023 1446 5087 sihi
1473 5023 1600 5088 delitias
1631 5025 1735 5088 tacere
1764 5022 1900 5085 honesto
1931 5033 2120 5102 praetextu,
2152 5041 2265 5102 nempe
2292 5017 2347 5081 sibi

360 5109 463 5172 culam
485 5107 554 5172 ciac
575 5107 609 5171 in
626 5106 802 5187 principia,
832 5106 913 5170 inter
935 5103 1190 5180 Rettulerat,
1221 5107 1250 5170 4.
1278 5107 1332 5169 Ad
1383 5108 1481 5173 licere
1502 5111 1538 5172 in
1561 5112 1714 5192 Aegypto
1737 5129 1877 5185 mernere,
1900 5107 2031 5170 favento
2054 5128 2091 5170 ao
2115 5109 2249 5191 propitio
2273 5105 2347 5177 Deo,

362 5194 460 5258 laeum
488 5192 600 5257 altaris
628 5191 708 5273 quad
731 5191 844 5273 fecerat
865 5193 900 5256 ia
920 5191 1098 5272 principia:
1127 5197 1155 5258 et
1177 5191 1333 5257 inuocauit
1383 5195 1474 5259 cuins
1509 5195 1764 5259 benedictionem
1800 5193 1864 5257 illie
1898 5213 1960 5255 nen
1999 5193 2166 5269 vulgarem
2199 5206 2346 5257 senserat.

362 5279 406 5344 ibi
424 5279 545 5344 Abram
566 5298 673 5342 namen
696 5275 834 5342 Isiacae.
863 5277 893 5342 b.
917 5276 962 5340 Ei
981 5277 1076 5350 ctiam
1096 5277 1160 5360 ipsi
1183 5277 1241 5343 Lot
1263 5298 1330 5341 am·
1356 5290 1358 5308 ¹
1384 5282 1484 5362 Atqui
1514 5303 1578 5345 non
1609 5279 1810 5344 obliviscitur
1839 5278 1914 5361 qnid
1943 5278 2002 5340 sihi
2033 5279 2190 5344 divinitus
2219 5273 2347 5340 manda-

362 5364 482 5429 bnianti
502 5383 571 5428 cam
593 5362 715 5428 Abram
736 5367 823 5428 erant
839 5363 988 5443 pecudes,
1010 5367 1039 5426 et
1059 5362 1161 5442 bocas,
1185 5368 1212 5428 et
1232 5363 1330 5428 taber·
1383 5373 1453 5430 tum
1475 5366 1530 5431 sit:
1554 5366 1627 5431 ideo
1650 5389 1739 5449 quan
1763 5366 1898 5431 solutus.
1923 5384 1985 5446 quo
2017 5381 2149 5429 vocatus
2171 5373 2217 5430 est
2238 5381 2349 5444 prope·
