5022 6192
417 430 460 496 35
1077 428 1447 499 COMMENTARIUS
1470 429 1521 497 IN
1544 427 1759 497 GENESIN.
2370 425 2411 492 36

416 620 509 687 Dens
531 629 668 700 terram,
697 640 763 686 non
787 640 879 686 more
900 619 965 686 iam
987 621 1124 687 ιιιιιιοε
1148 618 1237 707 (qnia
1261 619 1389 685 nullum
1441 627 1527 699 sunt,
1546 617 1632 702 qnod
1650 625 1816 684 mortuum
1833 636 1952 702 eorpus
1973 635 1991 682 e
2009 623 2097 682 terra
2113 619 2225 684 fiotum
2249 625 2308 696 est,
2327 617 2413 702 quod

417 713 489 772 erat
509 727 637 783 semen,
659 705 751 770 nulla
772 705 883 786 radix,
904 706 996 772 nulls
1024 706 1137 790 planta
1163 727 1247 791 quas
1269 705 1389 790 germi-
1441 704 1589 772 dotatum
1619 715 1670 770 eet
1691 703 1817 781 anima,
1840 703 1928 768 unde
1949 702 2083 769 vitalsun
2114 701 2250 769 haberet
2275 713 2412 782 motum,

417 791 549 879 nerent)
570 790 628 858 sed
645 792 709 857 Dei
730 791 822 858 iussu
845 801 878 856 et
899 793 993 859 verbi
1011 794 1080 858 eins
1102 793 1226 858 virtute
1255 799 1390 874 repente
1443 790 1531 874 quod
1553 789 1630 856 huie
1652 789 1781 856 animae
1800 787 1894 854 Deus
1914 789 2093 874 imaginem
2114 811 2207 856 snam
2230 787 2411 874 insculpsit,

416 877 627 944 exstiterunt.
663 878 809 944 Duravit
825 877 861 942 in
879 877 945 944 illis
967 878 1062 963 vigor
1081 887 1121 943 ut
1141 878 1175 943 in
1195 897 1254 943 sua
1271 884 1390 942 natura
1439 877 1492 942 eni
1514 896 1643 942 annexa
1664 885 1715 940 est
1734 873 1972 940 immortalitas.

415 971 558 1042 starent,
579 983 646 1028 non
679 963 743 1027 ista
778 965 985 1048 vegetatione
1011 985 1096 1047 qnae
1132 963 1291 1040 oernitur,
1324 983 1389 1028 non
1526 961 1644 1028 Faetus
1676 965 1722 1026 eet
1753 961 1790 1026 ta
1817 961 1959 1026 anianum
1989 961 2147 1027 amenum.
2193 975 2261 1030 met
2288 963 2411 1046 aeoipio

413 1047 546 1134 pluviae
589 1047 762 1132 benefitio,
806 1069 872 1114 non
910 1049 1057 1116 humana
1101 1049 1293 1134 irrigatione
1336 1047 1390 1115 vel
1439 1067 1498 1131 pro
1515 1049 1587 1132 ipsa
1604 1047 1732 1112 animae
1742 1046 1896 1112 mentia:
1915 1044 2251 1131 sedepithetonqnod
2270 1048 2411 1131 additur,

415 1135 557 1201 unitura:
590 1133 648 1200 sed
680 1133 757 1217 qnia
790 1154 910 1218 vapore
942 1136 1034 1201 Deus
1067 1145 1188 1200 terram
1220 1133 1387 1218 irrigabat.
1440 1131 1607 1215 praesenti
1634 1141 1765 1198 ιιιιιιιι
1787 1130 1862 1196 loeo
1891 1131 2056 1216 oongroit,
2087 1153 2153 1198 non
2183 1143 2294 1200 autem
2325 1155 2411 1202 oom-
2508 1191 2509 1200 ,

415 1221 491 1286 Duo
524 1219 612 1286 enim
645 1218 805 1300 exoludit,
836 1219 997 1303 pluviem,
1019 1221 1108 1286 unde
1132 1241 1263 1286 snoeum
1286 1219 1389 1286 trahit
1439 1219 1592 1301 pleutitur
1619 1219 1749 1282 animae
1779 1217 1927 1282 virtnms.
1979 1216 2072 1282 Nihil
2100 1220 2188 1284 enim
2216 1220 2307 1286 aliud
2336 1243 2411 1304 pro·

415 1313 505 1371 terra
523 1315 560 1371 nt
576 1305 726 1371 nativum
745 1327 839 1372 suum
859 1306 1029 1372 humorem
1048 1308 1203 1372 retineat:
1228 1312 1262 1371 et
1284 1304 1387 1370 homi·
1439 1304 1581 1387 positum
1602 1302 1665 1369 tuit
1687 1303 1767 1368 Mosi
1787 1322 1885 1385 quam
1904 1301 2142 1387 vegetationem
2160 1305 2269 1372 luteae
2286 1308 2411 1391 figurae

415 1412 495 1456 num
510 1391 683 1472 culturam,
700 1411 784 1476 quae
796 1399 933 1458 naturae
945 1400 996 1458 est
1008 1391 1252 1458 adminioulum.
1276 1391 1388 1472 Quum
1439 1409 1612 1474 exponere,
1634 1409 1700 1472 qua
1719 1389 1842 1453 laetum
1863 1397 1914 1453 est
1935 1397 1974 1453 ιι
1995 1389 2092 1455 homo
2115 1391 2226 1457 vivere
2243 1393 2411 1476 inoiperst.

416 1476 509 1557 dioit,
542 1476 687 1542 nondum
721 1476 842 1560 pluisse
870 1477 993 1556 Deum,
1027 1476 1126 1543 simul
1157 1475 1280 1543 indioat
1311 1496 1388 1543 eum
1439 1475 1562 1541 Paulus
1588 1475 1704 1559 prioris
1733 1473 1774 1538 ad
1804 1471 1952 1540 Corinth.
1981 1476 2125 1558 dapib,
2153 1476 2196 1542 45
2229 1478 2410 1545 antithesin

416 1583 487 1629 esse
506 1563 562 1646 qui
574 1563 681 1645 aperit
695 1571 875 1630 eatamotos
892 1563 975 1628 coeli
992 1571 1025 1630 et
1035 1562 1165 1643 olandit,
1178 1563 1389 1647 pluviamque
1439 1563 1555 1627 statuit
1580 1562 1669 1627 inter
1695 1559 1781 1625 hano
1810 1559 1954 1624 animam
1983 1561 2165 1640 viventem,
2195 1572 2229 1628 et
2257 1565 2411 1648 spiritum

416 1655 449 1714 et
471 1649 652 1714 sioeitatsm
675 1669 745 1714 esse
766 1649 802 1713 in
824 1649 895 1714 eins
916 1670 1027 1715 mann.
1439 1647 1678 1723 vivificantem,
1700 1666 1796 1728 quom
1826 1645 1977 1711 fidelibus
2000 1647 2126 1711 oonlert
2148 1647 2321 1715 Christus:
2342 1670 2411 1715 non

503 1733 531 1798 l.
561 1733 765 1800 Formeverot
800 1739 902 1799 oetam
940 1733 1031 1801 Deus
1072 1735 1234 1801 honinem.
1290 1732 1388 1814 Quod
1426 1733 1503 1798 'alio
1524 1733 1590 1798 fine
1612 1732 1676 1796 nisi
1698 1739 1737 1796 ut
1758 1729 1871 1796 dooeat
1891 1751 1959 1796 non
1980 1731 2081 1797 inisse
2102 1733 2137 1797 in
2155 1755 2296 1816 pareone
2318 1737 2411 1802 Adae

415 1821 510 1902 prius
531 1821 685 1885 omiserat
706 1819 742 1884 in
764 1821 930 1886 creatione
953 1820 1106 1899 hominis,
1129 1842 1218 1887 nuno
1242 1819 1387 1902 exponit,
1439 1817 1623 1884 absolutum
1646 1817 1790 1883 hominis
1812 1825 1951 1882 statum:
1980 1816 2038 1882 sod
2061 1818 2124 1884 hoo
2145 1819 2313 1905 singulare
2334 1843 2408 1888 esse

416 1913 585 1988 sumptum
608 1912 737 1971 eterra
765 1904 865 1971 luisse
893 1906 963 1971 eins
993 1927 1120 1989 eorpus.
1164 1908 1306 1972 Dixerat
1326 1905 1389 1972 lor·
1439 1904 1634 1970 benefitium
1673 1902 1800 1969 (lhristi
1842 1908 1880 1966 ut
1922 1922 2120 1969 renovemur
2158 1905 2192 1970 in
2236 1907 2411 1974 eoelestem

416 1999 543 2055 matum
566 1991 606 2056 ad
629 1990 804 2071 imaginem
822 1991 895 2057 Dei.
940 1991 1032 2057 Haeo
1060 2013 1188 2058 summa
1206 2001 1240 2057 et
1266 1991 1387 2056 ineam·
1440 1991 1557 2066 vitam,
1581 2009 1664 2072 quae
1689 1989 1789 2054 etiam
1815 1998 1891 2052 ante
1918 1988 2047 2071 lapsum
2068 1989 2161 2055 Adae
2191 1995 2321 2058 nonnisi
2343 2004 2411 2060 ter·

415 2074 572 2226 parabilis
601 2076 769 2142 nobilitas:
797 2077 890 2143 onius
923 2087 1095 2160 praetextu
1124 2099 1166 2144 ne
1197 2076 1389 2161 superbiant
1438 2097 1518 2142 rena
1539 2075 1615 2140 fruit:
1638 2075 1800 2158 quianon
1820 2072 1960 2139 habebat
1980 2075 2131 2141 stabilem
2149 2078 2313 2162 fixamque
2334 2101 2412 2146 eon·

392 2159 397 2170 “
439 2162 582 2240 omines,
616 2163 722 2244 prima
754 2162 819 2228 illis
852 2183 913 2228 sua
946 2163 1038 2246 origo
1066 2163 1102 2227 in
1135 2163 1279 2228 medinm
1312 2182 1386 2245 pro-
1437 2161 1603 2227 stantiam.

414 2248 564 2398 ffinitnr,
597 2245 684 2312 unde
716 2257 897 2331 agnoeoant
924 2246 1141 2314 adventitium
1174 2248 1256 2314 illud
1286 2247 1387 2314 fuisse
1524 2247 1553 2312 8.
1580 2246 1784 2312 Ploolaoerot
1818 2265 1937 2326 quoque
1968 2244 2134 2312 Dentato.
2191 2248 2288 2316 Nune
2319 2250 2413 2317 addit

456 2354 546 2398 num.
590 2332 706 2398 Refert
733 2333 821 2398 enim
844 2334 954 2400 Moses
981 2333 1146 2400 hominem
1168 2335 1270 2400 luisse
1296 2334 1387 2416 prin·
1437 2333 1548 2399 Moses
1564 2331 1670 2415 qualis
1688 2328 1821 2398 vivendi
1838 2330 1980 2396 eonditio
2002 2343 2035 2397 ιι
2056 2334 2171 2417 regula
2191 2335 2317 2401 homini
2335 2336 2415 2403 data
2509 2379 2510 2394 ι

415 2418 499 2502 oipio
523 2427 632 2483 terrae
656 2417 835 2501 pulverem.
886 2421 976 2485 llant
1002 2441 1091 2486 nuno
1117 2421 1211 2486 stulti
1228 2420 1386 2499 homines,
1437 2418 1546 2484 fuerit.
1601 2421 1651 2483 Ao
1677 2416 1838 2501 prinoipio
1866 2429 1981 2481 narrat
2001 2416 2036 2482 in
2069 2439 2133 2502 qua
2172 2419 2287 2486 mundi
2319 2431 2414 2504 parte

415 2513 449 2569 et
471 2505 511 2569 de
534 2513 670 2569 naturae
693 2523 769 2570 snae
790 2504 983 2571 exoellsntia
1004 2505 1193 2589 glorientur.
1236 2504 1290 2571 De
1311 2505 1386 2569 reli·
1437 2504 1563 2570 looatus
1580 2504 1695 2581 buerit,
1725 2511 1759 2566 et
1783 2522 1881 2584 qnam
1906 2501 2033 2568 ielioem
2059 2523 2293 2589 amoenumque
2318 2507 2414 2574 habi·
2509 2577 2510 2584 ,

416 2590 489 2671 quis
529 2588 724 2656 animalibus
755 2591 877 2656 dietum
916 2591 1038 2656 luerat:
1094 2591 1260 2658 Prodnoat
1298 2597 1387 2655 terra
1439 2589 1595 2655 tationem
1617 2589 1661 2654 sit
1682 2589 1825 2654 sortitus.
1867 2586 1978 2652 Deum
2007 2589 2173 2672 plantasse
2194 2590 2282 2671 dioit,
2303 2613 2415 2660 orasse
2509 2605 2510 2664 ἒ

416 2695 546 2740 omnem
576 2677 719 2740 animam
746 2676 930 2742 viventem:
959 2697 1046 2744 nuno
1076 2676 1201 2742 Ιιιιιιιιι
1227 2685 1259 2742 et
1287 2696 1386 2744 sensu
1438 2675 1575 2758 rudique
1605 2673 1706 2759 stylo,
1732 2673 1773 2738 ad
1803 2673 1894 2757 vulgi
1928 2683 2061 2756 septum
2090 2697 2126 2741 ee
2153 2679 2413 2746 aeoommodans.

415 2781 531 2828 sarens
564 2761 701 2844 fingitur
734 2761 826 2826 Adae
863 2783 995 2846 eorpus:
1024 2783 1067 2827 ne
1098 2764 1172 2846 qnia
1204 2762 1267 2829 sibi
1299 2761 1387 2827 ultra
1438 2760 1525 2826 Nam
1546 2761 1622 2845 quia
1642 2760 1708 2825 Dei
1725 2759 1894 2835 maiestas,
1916 2759 2022 2841 qualis
2045 2769 2102 2839 est,
2122 2763 2238 2846 nequit
2259 2766 2413 2848 exprimi,

416 2845 550 2910 modum
577 2847 613 2911 in
635 2866 733 2912 earne
755 2869 814 2912 sna
843 2847 983 2930 plaoeat,
1004 2847 1180 2932 plusquam
1207 2849 1293 2914 anim
1317 2857 1387 2913 stu·
1439 2848 1601 2928 seriptnra
1622 2844 1814 2911 humanitus
1851 2843 2033 2912 deseribere
2065 2866 2140 2912 enm
2162 2848 2254 2915 solet.
2308 2851 2413 2918 Plan·

414 2930 512 3015 pidus
545 2938 595 2997 est
628 2933 777 3015 quiaquia
818 2933 1036 2999 humilitatem
1068 2934 1144 2999 inde
1184 2955 1249 2999 non
1283 2933 1386 2998 diseit.
1439 2940 1568 2998 taverat
1609 2931 1711 3016 igitur
1750 2931 1844 2996 Dens
1875 2931 2075 3080 *paradisum
2120 2934 2155 2999 in
2203 2935 2273 3001 loeo
2311 2957 2411 3020 quem

417 3017 513 3098 Quod
534 3017 674 3088 ,aliunde
702 3027 818 3102 postea
840 3021 989 3100 necessit,
1011 3019 1083 3086 Deo
1104 3039 1164 3084 nos
1192 3018 1387 3084 tantundem
1440 3017 1637 3085 amoenitate
1661 3016 1848 3100 multiplioi,
1908 3025 2043 3083 uotunm
2066 3021 2214 3085 omnium
2243 3023 2348 3105 eopia,
2381 3033 2414 3090 et

418 3103 550 3187 obligat.
603 3103 799 3186 Quanquam
831 3104 930 3170 simul
962 3105 1071 3188 aliqua
1100 3106 1282 3188 praestanti
1311 3113 1388 3170 nota
1440 3104 1513 3170 aliis
1547 3103 1678 3187 optimis
1714 3103 1898 3187 quibusque
1933 3099 2063 3170 dotibus
2095 3107 2192 3173 nnioe
2223 3117 2413 3175 ornaverat.

419 3189 602 3254 dieoernere
635 3188 802 3255 hominem
843 3190 948 3256 voluit
979 3211 998 3256 a
1031 3191 1136 3257 brutis
1176 3191 1386 3256 animalibus:
1439 3191 1513 3256 Hae
1534 3190 1661 3255 mtione
1689 3197 1826 3254 voantur
1854 3188 1968 3254 hortus
1985 3190 2026 3255 ob
2044 3190 2238 3276 elegantiam
2262 3196 2353 3272 situs,
2381 3203 2413 3261 et

417 3273 499 3339 haee
521 3274 607 3338 enim
630 3283 835 3341 momentoe
862 3287 951 3342 terre
978 3278 1184 3342 exstiterunt.
1236 3280 1283 3342 At
1304 3275 1388 3360 quod
1440 3277 1563 3341 formae
1580 3273 1868 3359 pulohritudinem.
1908 3271 2014 3340 Vetus
2031 3277 2194 3360 interpres
2213 3298 2278 3344 non
2299 3281 2413 3364 inepte

417 3359 516 3425 homo
555 3358 712 3442 paulatim
752 3361 910 3427 formatus
949 3370 1007 3441 est,
1048 3363 1220 3446 peoulieris
1252 3363 1288 3428 in
1326 3362 1387 3427 hoe
1439 3361 1625 3445 paradisum
1638 3358 1819 3425 transtulit:
1841 3360 2102 3444 quandoquidem
2119 3374 2246 3432 otone
2264 3366 2413 3432 Hebraei

417 3453 549 3512 ostensa
582 3454 632 3510 est
664 3445 735 3513 ains
768 3446 922 3532 dignitas.
968 3447 1037 3514 Our
1076 3449 1164 3514 enim
1195 3449 1289 3516 Deus
1321 3468 1388 3513 non
1439 3447 1592 3512 onitiores
1621 3446 1733 3512 hortos
1767 3445 1948 3511 nominant.
2006 3447 2051 3513 Et
2082 3449 2270 3534 Xenophon
2300 3474 2413 3519 vooem

417 3532 528 3598 statim
551 3531 667 3596 vivum
689 3553 708 3597 e
730 3542 818 3598 terra
839 3534 930 3600 iubet
947 3534 1046 3612 exire,
1069 3533 1134 3599 nisi
1157 3543 1194 3600 ut
1215 3533 1388 3619 privilegio
1440 3551 1511 3598 esse
1538 3531 1695 3614 persioam
1719 3531 1834 3609 tradit,
1856 3553 1957 3614 quum
1982 3532 2023 3598 da
2044 3537 2228 3620 magnilioie
2246 3546 2279 3602 st
2299 3559 2414 3622 sump-

417 3617 574 3700 quodam,
614 3637 693 3699 prae
739 3617 891 3685 omnibus
940 3640 1023 3704 quae
1080 3629 1170 3684 terra
1224 3618 1388 3705 produxit,
1439 3618 1543 3684 tuosis
1573 3637 1689 3701 regum
1718 3617 1822 3683 hortis
1861 3617 2014 3701 disputat.
2059 3621 2122 3688 Illa
2144 3622 2206 3687 fuit
2227 3623 2349 3690 seleeta
2371 3645 2414 3690 ex

417 3701 582 3769 emineat?
645 3747 652 3764 .
1440 3711 1510 3768 toto
1541 3704 1619 3769 orbe
1651 3703 1759 3787 regio,
1792 3724 1891 3786 quam
1924 3703 2088 3773 Dominus
2123 3709 2215 3772 Adae
2254 3719 2414 3794 tanquam

505 3786 723 3868 Iaspiroveral
740 3789 773 3854 ia
797 3790 920 3870 [ιιίιιι.
964 3789 1130 3873 Quidquid
1153 3789 1298 3856 sentiant
1319 3789 1389 3874 ple-
1440 3789 1587 3856 omnium
1605 3788 1821 3872 primogenito
1840 3789 2025 3856 destinavit.

418 3872 514 3954 rique
538 3885 703 3950 veterum,
723 3874 925 3940 subscribere
936 3895 1049 3940 eornm
1062 3877 1320 3942 sententiaenon
1333 3877 1389 3940 du·
1526 3874 1569 3940 Ia
1590 3873 1708 3941 liedes.
1753 3873 1849 3955 Quod
1869 3875 2092 3957 Hieronymus
2108 3899 2281 3962 perperam
2302 3891 2416 3948 verte-

418 3958 487 4022 bito
509 3960 563 4040 qui
583 3957 623 4022 de
647 3960 780 4024 animali
805 3960 946 4027 hominis
971 3962 1039 4027 vita
1057 3963 1162 4028 losum
1181 3961 1271 4027 huno
1290 3983 1389 4045 expo·
1441 3961 1500 4026 rit:
1525 3965 1553 4026 A
1578 3959 1751 4044 prinoipio,
1784 3961 1864 4026 eatis
1896 3971 2040 4028 eonetat:
2074 3965 2151 4048 quia
2181 3977 2294 4049 postea
2326 3966 2416 4034 diost

419 4051 518 4108 nunt:
544 4052 642 4126 atque
671 4047 718 4110 ita
740 4047 853 4110 flatum
879 4046 1085 4130 interpretor,
1112 4069 1207 4130 quem
1236 4048 1389 4130 spiritum
1440 4047 1558 4124 Moses,
1600 4045 1684 4112 Oain
1718 4044 1881 4112 habitasse
1911 4047 1952 4112 ad
1992 4048 2123 4136 plagam
2162 4049 2416 4118 meridionalem

418 4129 554 4195 vitalem
573 4130 754 4196 nominant.
783 4130 821 4198 Si
837 4131 911 4214 quie
930 4131 1067 4212 obiiciat,
1085 4155 1150 4199 non
1161 4134 1312 4199 debuisse
1329 4135 1388 4217 igi·
1439 4132 1530 4198 illius
1550 4131 1621 4198 looi.
1666 4131 1770 4198 Porro
1794 4131 1976 4198 notandum
1997 4145 2062 4212 eet,
2092 4157 2195 4218 quum
2217 4138 2249 4202 in
2273 4136 2415 4204 Oriente

418 4222 476 4279 tur
509 4215 684 4280 discrimen
707 4218 783 4300 poni
806 4218 893 4282 inter
917 4219 1081 4284 hominem
1106 4229 1139 4284 ιι
1162 4231 1291 4286 eaetera
1319 4219 1388 4284 ani·
1440 4219 1558 4284 statuit
1590 4217 1794 4300 paradisum,
1827 4217 1968 4284 Iudaeae
2006 4234 2154 4304 rospeotn
2192 4243 2267 4287 eum
2305 4223 2414 4307 loqui:

420 4302 555 4380 mantia,
574 4322 675 4383 quum
695 4303 748 4368 hio
764 4302 849 4368 nihil
869 4304 1109 4370 relerathlosas
1131 4306 1195 4370 nisi
1217 4305 1301 4389 quod
1321 4325 1389 4368 om·
1439 4323 1621 4370 sermonem
1647 4303 1733 4368 enim
1762 4303 1874 4387 dirigit
1900 4303 1943 4368 ed
1970 4305 2129 4389 populum
2155 4328 2264 4374 suum.
2315 4309 2416 4376 Unde

419 4386 517 4452 nibus
538 4385 637 4452 simul
661 4408 832 4453 commune
855 4401 921 4454 est:
949 4391 1136 4473 respondeo,
1163 4392 1314 4474 quamvis
1337 4391 1390 4456 hio
1440 4390 1545 4472 primo
1581 4387 1780 4474 oolligimus,
1814 4400 1938 4455 oet-tam
1977 4391 2077 4458 fuisse
2115 4394 2280 4477 regionem
2313 4415 2415 4478 quam

419 4479 549 4538 tantum
579 4486 778 4538 memoretur
807 4475 942 4540 inferior
972 4477 1100 4541 animae
1128 4476 1280 4555 laonltas,
1308 4495 1389 4560 qnae
1442 4474 1535 4540 Deus
1563 4475 1669 4558 primo
1697 4474 1823 4540 homini
1853 4477 2021 4553 attribuit,
2045 4479 2079 4544 in
2101 4499 2166 4560 qua
2187 4499 2284 4544 suum
2306 4479 2416 4546 domi-

418 4579 536 4641 oorpus
567 4558 723 4640 inspirat,
757 4569 790 4623 ot
828 4561 876 4625 illi
910 4559 965 4625 dat
1003 4564 1151 4646 vigorem
1183 4571 1218 4628 et
1250 4571 1389 4627 motum:
1440 4562 1550 4627 uilium
1574 4560 1717 4626 haberet.
1760 4559 1855 4641 Quod
1877 4561 1950 4626 ideo
1982 4563 2157 4641 admoneo,
2181 4565 2258 4648 qnia
2278 4567 2418 4632 luerunt

419 4666 485 4709 non
520 4656 631 4708 tamen
664 4645 793 4710 obstare
825 4647 903 4729 quin
944 4648 1082 4730 gradum
1116 4669 1211 4714 suum
1245 4648 1391 4713 obtineat
1440 4647 1494 4729 qui
1518 4647 1648 4712 hortum
1676 4647 1775 4712 istum
1798 4667 1856 4728 por
1880 4668 1993 4714 omnes
2017 4649 2132 4714 mundi
2158 4650 2274 4734 plagas
2294 4661 2418 4717 extan-

419 4731 546 4808 anima‚
574 4729 713 4813 ideoque
741 4752 888 4797 seorsum
914 4733 992 4816 poni
1021 4734 1176 4800 debuerit.
1228 4732 1281 4797 De
1310 4735 1389 4798 flatu
1440 4731 1564 4798 darent.
1616 4731 1778 4815 Equidem
1805 4732 1924 4813 fateor,
1951 4735 1980 4798 si
2004 4735 2177 4803 maledieta
2201 4756 2268 4802 non
2295 4737 2418 4805 luisset

418 4817 562 4898 primum
602 4816 747 4898 loquitur
780 4818 906 4884 Moses:
947 4820 1063 4885 deinde
1101 4820 1248 4899 sabiioit,
1281 4817 1389 4882 datam
1441 4828 1530 4883 tarra
1558 4817 1598 4885 ob
1632 4828 1800 4903 peoeatnm
1842 4819 2001 4900 hominis,
2035 4831 2151 4902 totam,
2173 4831 2212 4886 ut
2244 4823 2285 4888 ab
2318 4824 2418 4890 initio

419 4921 490 4966 esse
512 4902 654 4966 animam
675 4900 881 4987 hominique
901 4906 1222 4988 viveret,sensuque
1243 4913 1277 4970 et
1298 4915 1391 4969 motu
1440 4903 1610 4970 benedicta
1631 4916 1712 4983 erat,
1736 4903 1880 4970 futuram
1903 4907 2002 4970 luisse
2027 4907 2286 4989 puloherrimnm
2303 4911 2419 4976 omnis

419 4995 508 5052 esset
545 4986 720 5069 praeditus.
776 4989 846 5060 Iam
888 4992 1028 5056 virtutes
1065 4990 1227 5057 humanae
1264 4992 1390 5056 animae
1441 4999 1511 5054 tum
1535 4990 1736 5066 affluentiae,
1760 4999 1831 5054 tum
1850 4993 2055 5058 amoenitatis
2084 4992 2265 5060 theatrum:
2293 4994 2419 5062 fuisset

421 5073 542 5138 seimus
558 5072 751 5155 plureaesse
769 5096 807 5141 aa
827 5077 941 5142 varias.
981 5076 1189 5157 Quarenihil
1212 5075 1345 5142 absurdi
1362 5075 1390 5140 si
1442 5075 1581 5160 deniqne
1605 5097 1670 5140 non
1691 5076 1849 5142 absimilis
1871 5076 2030 5159 paradiso,
2049 5089 2165 5160 praeut
2183 5100 2223 5144 ea
2240 5089 2290 5145 est
2312 5101 2419 5163 quam

419 5179 507 5223 nuno
526 5179 625 5222 unam
639 5168 768 5225 tantum
780 5163 921 5246 attingat
933 5163 1195 5245 Moses:partem
1208 5183 1285 5229 vero
1296 5160 1391 5226 intel-
1442 5183 1530 5228 nuno
1559 5161 1725 5228 oernimus
1754 5161 1951 5227 deformitas.
2003 5161 2071 5228 Sed
2100 5185 2200 5246 quum
2231 5164 2284 5232 bio
2310 5168 2422 5232 nomi·

419 5242 593 5308 laetnalem
616 5247 762 5325 omittat,
785 5248 878 5314 ouius
900 5249 1022 5313 mentio
1044 5252 1151 5332 primo
1180 5250 1285 5332 oapite
1305 5249 1391 5312 laeto
1442 5249 1545 5311 natim
1580 5247 1681 5312 situm
1721 5249 1864 5332 regionis
1905 5249 2068 5331 exprimat
2109 5251 2219 5316 hloses
2250 5252 2338 5336 quod
2378 5255 2420 5320 de

421 5339 479 5394 est.
525 5332 575 5396 Ao
594 5338 660 5395 tres
686 5332 809 5415 gradus
838 5333 873 5398 in
904 5335 1045 5401 hominis
1068 5335 1232 5400 orestions
1254 5332 1391 5398 notandi
1442 5333 1600 5416 peoulieri
1641 5331 1781 5417 quodam
1822 5333 1891 5400 loso
1933 5334 2054 5400 dietum
2092 5347 2156 5414 eet,
2194 5334 2339 5404 absurde
2377 5339 2420 5406 ad
