5000 6208
116 439 176 505 165
770 441 1137 510 COMMENTARIUS
1160 443 1207 528 Ill
1230 442 1444 512 GENDSIN.
2050 451 2112 516 166

199 630 229 693 4.
254 627 417 712 Pertioqut
437 648 534 711 66666
554 629 597 694 ud
623 630 748 696 6661666.
792 631 1014 715 Hyperbolioa
1035 639 1086 696 est
1136 631 1300 710 historiae,
1323 635 1358 696 in
1380 654 1444 715 qua
1466 632 1559 700 docet
1581 634 1690 700 Moses
1713 656 1810 717 quam
1832 635 1926 701 facile
1948 635 2113 704 Dominus

114 716 277 798 loquutio,
305 735 370 797 qua
398 716 570 798 magnifiee
592 735 650 798 per
677 717 864 782 iactantiam
891 725 1085 795 structurae,
1135 738 1276 784 vesanos
1298 718 1427 783 illorum
1450 729 1586 785 conatus
1603 721 1768 800 everterit,
1790 741 1828 786 66
1850 721 2041 788 discusserit
2062 733 2112 788 to·

115 823 211 885 quam
233 799 421 880 moliuntur,
444 800 652 866 altitudinem
674 801 845 868 extollunt.
890 803 999 886 Atque
1019 803 1086 868 huc
1136 809 1207 868 tum
1247 815 1450 888 apparatum.
1504 806 1618 888 Neque
1650 806 1739 871 enim
1778 805 1912 871 dubium
1950 822 2000 872 est
2031 811 2112 894 quin

114 888 256 972 pertinet
276 884 361 969 quod
384 906 462 951 mox
483 894 650 964 attexant,
679 885 834 954 Paternus
853 889 941 954 cobis
960 908 1086 954 nomen:
1136 897 1269 954 strenue
1291 891 1439 974 aggressi
1464 891 1531 956 sint
1552 891 1637 974 quod
1666 891 1785 958 animis
1813 903 2110 977 praesumpserant.

114 975 300 1057 significant
317 971 404 1037 enim
422 972 489 1038 tale
506 973 574 1037 fore
591 992 682 1056 opus,
704 971 789 1056 quod
812 973 961 1039 miraculi
979 975 1086 1057 speeie
1136 973 1204 1040 Sed
1222 975 1312 1057 prius
1330 973 1483 1041 admonet
1495 977 1613 1055 Moses,
1637 976 1859 1042 dissimulasse
1876 979 2112 1063 aliquantisper

114 1079 179 1124 666
202 1058 298 1123 modo
326 1059 543 1140 spectantium
565 1057 599 1124 in
622 1079 657 1124 se
686 1068 855 1124 convertat
874 1059 1002 1138 oculos,
1029 1059 1085 1125 sed
1136 1058 1275 1138 Deum„
1301 1069 1340 1124 ut
1367 1063 1478 1126 subita
1504 1062 1691 1147 linguarum
1722 1063 1912 1128 confusione
1945 1065 2016 1130 inae
2040 1073 2110 1130 tum

113 1146 234 1226 passim
257 1163 359 1226 usque
381 1144 422 1208 ad
444 1144 578 1209 ultimos
604 1151 767 1210 terrarum
790 1145 873 1210 fines
895 1145 1084 1211 celebretur.
1136 1166 1217 1227 opus
1236 1146 1442 1231 abrumpens,
1462 1149 1583 1214 clarius
1599 1146 1712 1214 iudicii
1734 1149 1784 1213 sui
1806 1150 1969 1232 specimen
1992 1086 2111 1216 aieret.

114 1231 206 1296 Haec
226 1237 384 1313 perpetua
404 1229 522 1294 mundi
550 1227 714 1304 dementis
735 1237 799 1306 est,
826 1231 974 1314 neglecto
997 1231 1086 1298 coelo
1137 1229 1193 1296 Sic
1221 1233 1309 1296 enim
1339 1232 1535 1316 plerumque
1553 1233 1671 1315 impios
1689 1233 1824 1314 tolerat,
1856 1243 1893 1299 ut
1922 1255 1989 1299 non
2016 1236 2112 1301 modo

113 1315 390 1380 immortalitatem
411 1335 568 1400 quaerere
590 1317 623 1380 in
646 1327 744 1396 terra,
766 1316 822 1381 ubi
845 1317 929 1381 nibil
952 1327 1003 1382 est
1020 1338 1084 1382 noa
1136 1319 1264 1399 quietus
1288 1326 1321 1382 et
1348 1321 1489 1385 cessanti
1508 1319 1625 1385 similis
1647 1319 1751 1384 multa
1768 1340 1823 1386 eos
1844 1319 2111 1388 6666666661ιί-

114 1401 272 1468 6666666
304 1410 338 1464 et
370 1401 556 1466 evanidam.
610 1401 702 1486 Ergo
742 1423 809 1472 non
842 1403 905 1467 alio
937 1410 1087 1485 spectant
1135 1404 1208 1466 nari
1230 1403 1333 1483 sinat,
1354 1403 1412 1470 sed
1433 1404 1519 1470 laeto
1541 1407 1639 1470 etiam
1662 1425 1813 1471 successu
1840 1415 2031 1488 promoveat
2052 1408 2112 1473 im·

112 1509 227 1554 eorum
254 1507 351 1552 curae
380 1497 412 1552 6ι
441 1485 566 1566 studia,
598 1487 661 1552 nisi
691 1495 730 1553 ut
757 1488 819 1552 sibi
852 1489 1023 1574 acquirant
1049 1489 1084 1552 in
1135 1487 1208 1572 pios
1235 1498 1277 1580 et⁸
1296 1511 1468 1573 perversos
1501 1511 1613 1556 eorum
1646 1499 1797 1569 conatus,
1830 1501 1866 1555 ut
1894 1513 1949 1558 eos
1977 1492 2112 1558 tandem

113 1585 202 1639 terra
223 1593 352 1637 nomen.
395 1571 489 1640 Haeo
511 1581 578 1637 tam
600 1591 695 1638 caeca
720 1573 880 1656 sapiditas
902 1575 1019 1640 merito
1041 1575 1085 1638 ri·
1136 1574 1235 1640 altius
1258 1576 1457 1658 praecipitet.
1503 1577 1691 1642 Descensus
1720 1577 1808 1640 enim
1838 1577 1933 1644 ouius
1960 1578 2112 1643 meminit

112 1660 209 1724 detur
231 1680 250 1724 6
271 1656 401 1724 Davide
429 1655 529 1744 (Psal.
553 1659 605 1736 49,
625 1657 667 1745 7).
703 1660 753 1724 Ac
771 1659 960 1742 praesertim
983 1679 1086 1744 quum
1137 1661 1264 1739 Moses,
1295 1661 1335 1726 ad
1358 1661 1504 1726 homines
1529 1663 1669 1727 refertur
1689 1663 1913 1744 potiusquam
1937 1663 1978 1728 66
2002 1664 2111 1729 Deum

112 1745 315 1828 experientia
335 1743 432 1829 (quae
458 1744 634 1810 stultorum
662 1746 820 1828 magistra
848 1743 911 1830 est)
941 1757 1086 1828 posteros
1137 1767 1233 1830 quem
1256 1749 1377 1813 suimus
1398 1746 1470 1812 1666
1492 1768 1557 1812 666
1583 1749 1719 1813 moveri.
1765 1746 1890 1812 Verum
1918 1748 2111 1830 subindicat,

111 1831 270 1896 maiorum
300 1830 459 1912 exemplis
486 1831 615 1898 edoctos
644 1851 710 1896 non
740 1830 874 1896 reducat
902 1830 945 1897 ad
973 1851 1086 1896 sanam
1137 1833 1259 1898 sensim
1288 1841 1323 1898 et
1347 1835 1440 1915 quasi
1469 1833 1558 1899 lento
1585 1832 1691 1916 gradu
1713 1833 1820 1898 Deum
1848 1835 2037 1918 apparuisse
2059 1835 2110 1901 ul·

111 1925 266 1994 mentem,
288 1915 346 1982 sed
367 1917 458 1982 furor
478 1927 589 1998 serpat
605 1917 640 1981 in
657 1936 770 1982 omnes
789 1924 921 1982 aetates.
962 1917 1085 1982 Notum
1138 1927 1252 1983 torem.
1287 1918 1467 1986 Descendit
1483 1939 1561 2004 ergo
1573 1918 1736 1984 Dominus
1755 1931 1792 1983 ut
1811 1918 1945 1997 rideret,
1968 1920 2030 1985 boo
2052 1931 2111 2000 est,

110 2012 160 2068 est
183 2001 265 2066 illud
292 2002 479 2079 Iuvenalis,
501 2039 544 2048 -
566 2023 653 2068 mors
682 2002 751 2067 sola
771 2003 895 2068 fatetur
916 2002 1087 2083 Quantula
1138 2025 1173 2069 re
1209 2005 1280 2087 ipsa
1318 2004 1470 2087 patefecit
1498 2005 1560 2070 sibi
1590 2025 1656 2069 non
1684 2025 1757 2069 esse
1792 2004 1997 2089 incognitum
2033 2005 2111 2090 quid

110 2089 177 2153 sint
201 2087 373 2153 hominum
399 2087 597 2171 corpuscula.
642 2088 744 2172 Atqui
772 2107 925 2153 nemore
954 2087 1085 2169 quidem
1137 2089 1313 2173 Babylonii
1335 2097 1509 2156 tentarent.

108 2175 246 2258 corrigit
267 2182 412 2239 nostram
439 2172 654 2258 superbiam,¹
672 2194 734 2240 nec
765 2174 1001 2239 confessionem
1023 2175 1085 2238 mi·
1222 2176 1252 2240 6.
1283 2174 1346 2254 Ea,
1372 2175 1510 2258 popalus
1535 2196 1627 2242 6666.
1673 2173 1817 2256 Quidam
1850 2175 1896 2240 ita
1930 2184 2110 2258 exponunt,

108 2281 203 2326 serae
224 2271 356 2326 nostrae
377 2260 473 2326 sortis
501 2259 586 2325 serio
615 2267 801 2342 extorquet:
832 2279 910 2324 nam
931 2279 1029 2343 saepe
1051 2260 1085 2323 in
1137 2262 1245 2327 Deum
1270 2263 1425 2344 conqueri
1442 2261 1482 2328 66
1499 2269 1567 2326 166
1584 2263 1765 2345 praefracta
1781 2259 1952 2326 bominum
1976 2262 2112 2343 malitia,

108 2347 287 2430 sepulturis
316 2344 389 2428 plus
422 2349 544 2410 eminet
576 2345 748 2427 superbiae
779 2365 877 2428 quam
903 2345 938 2410 in
968 2365 1086 2428 pompa
1136 2356 1174 2412 ut
1202 2368 1237 2412 se
1274 2347 1359 2414 iusto
1389 2346 1498 2413 dolore
1526 2346 1567 2413 ad
1594 2347 1774 2413 vindictam
1803 2347 2006 2412 exstimulat:
2044 2368 2113 2414 non

108 2431 257 2516 nuptiali.
292 2429 455 2516 Exemplo
476 2439 586 2496 66666
608 2431 668 2497 hoo
691 2449 863 2496 monemur
885 2439 1092 2520 quantopere,
1136 2430 1222 2515 quod
1239 2433 1272 2496 in
1290 2433 1397 2517 ipsum
1416 2433 1535 2498 cadant
1551 2433 1610 2498 ulli
1633 2433 1784 2510 affectus,
1808 2432 1865 2498 sed
1888 2441 1927 2497 ut
1948 2432 2111 2500 diseamus

108 2519 205 2584 nobis
234 2515 388 2602 expediat
421 2515 591 2582 humiliter
622 2517 734 2582 vivere
763 2523 796 2581 et
817 2518 922 2582 mori.
974 2517 1085 2599 Atque
1136 2539 1203 2583 non
1222 2519 1344 2602 negligi
1363 2518 1403 2583 ab
1421 2519 1492 2600 ipso
1510 2540 1563 2585 rea
1586 2519 1759 2584 humanas:
1783 2526 1817 2582 et
1839 2518 2113 2602 quemadmodum

109 2604 190 2669 haee
208 2623 287 2686 pars
303 2623 370 2669 non
387 2610 437 2668 est
455 2603 571 2668 ultima
588 2622 687 2668 verae
707 2601 909 2684 prudentiae,
932 2623 1033 2686 quum
1050 2603 1084 2666 in
1137 2603 1287 2688 invigilat
1309 2604 1405 2669 saluti
1428 2603 1582 2683 fidelium,
1603 2605 1651 2670 ita
1667 2605 1832 2670 intentum
1850 2624 1921 2670 esse
1939 2605 1981 2670 ad
2003 2605 2111 2671 obser-

108 2689 218 2755 media
247 2690 317 2754 vita
343 2709 432 2754 mors
461 2688 555 2755 nobis
584 2696 736 2753 versatur
763 2695 840 2753 ante
861 2689 982 2769 666166,
1000 2709 1084 2771 6666
1137 2689 1279 2755 vendam
1301 2690 1476 2773 impiorum
1498 2690 1673 2756 malitiam:
1696 2691 1781 2754 sicut
1809 2689 1949 2755 babetur
1977 2690 2111 2756 Psalmo

108 2796 168 2841 nos
216 2773 259 2840 ad
306 2775 499 2840 modestiam
543 2774 744 2840 assuefaciat.
807 2773 892 2839 Nam
937 2773 1085 2857 quisquis
1136 2776 1192 2855 34,
1216 2776 1249 2839 7:
1283 2774 1408 2841 Vultus
1429 2775 1564 2841 Domini
1586 2797 1686 2859 super
1708 2796 1761 2840 eos
1785 2774 1842 2856 qui
1863 2776 1949 2840 6616
1977 2777 2110 2854 faciunt,

107 2881 253 2946 magnus
285 2881 356 2926 esse
381 2861 416 2925 in
446 2867 535 2926 terra
567 2859 707 2943 appetit,
739 2859 796 2924 ubi
830 2859 1085 2926 contumeliosus
1136 2870 1173 2926 ut
1194 2860 1341 2928 succidat
1362 2882 1380 2925 e
1401 2869 1490 2926 terra
1516 2861 1706 2928 memoriam
1736 2879 1858 2924 eorum.
1902 2860 1971 2926 Alii
1992 2871 2112 2943 putant

107 2946 272 3012 fueritin
299 2946 464 3024 homines,
497 2945 631 3012 tandem
659 2945 818 3030 sacrilega
847 2946 916 3012 eius
948 2945 1085 3012 audacia
1136 2947 1409 3030 comparationem
1435 2968 1505 3013 esse
1536 2948 1671 3012 minoris
1700 2957 1734 3012 et
1760 2947 1905 3012 maioris:
1933 2945 2111 3014 6661616-

106 3041 303 3117 prorumpet
324 3042 439 3098 contra
460 3031 570 3098 Deum
591 3033 713 3115 ipsum,
738 3039 777 3095 ut
797 3031 971 3115 gigantum
992 3049 1084 3096 more
1136 3041 1207 3098 tum
1225 3041 1319 3110 esset,
1337 3033 1441 3098 Pauci
1462 3031 1568 3099 adhue
1590 3041 1676 3110 sunt,
1699 3039 1734 3096 et
1754 3053 1821 3096 una
1843 3041 1971 3097 tantum
1994 3033 2111 3118 lingua

106 3121 238 3185 666166
259 3125 434 3202 oppugnet.
1135 3127 1289 3184 utuntur:
1316 3118 1394 3200 quid
1423 3119 1523 3202 igitur
1545 3139 1610 3184 non
1633 3117 1816 3198 audebunt,
1849 3119 1878 3183 si
1899 3117 1939 3183 ob
1961 3119 2111 3184 multitu·

197 3204 248 3269 Ne
267 3207 346 3286 torte
373 3204 601 3287 dispergamur.
645 3203 791 3268 Vertunt
820 3201 951 3284 quidam
981 3203 1082 3268 inter·
1136 3204 1246 3270 dinem
1267 3205 1302 3268 in
1325 3205 1432 3269 66666
1453 3205 1588 3288 6666166
1610 3202 1748 3288 dispersi
1769 3203 1913 3268 fuerint?
1938 3201 2005 3270 Sed
2027 3205 2110 3269 mihi

104 3301 227 3373 pratee,
248 3295 432 3372 Antequam
449 3289 693 3372 dispergamur:
716 3288 772 3354 sed
791 3287 852 3352 hoc
871 3310 935 3353 noa
958 3289 1084 3370 patitur
1135 3291 1244 3372 potius
1266 3288 1395 3355 videtur
1423 3289 1555 3356 subesse
1583 3291 1702 3355 ironia:
1727 3289 1820 3371 quasi
1843 3287 1935 3354 Deus
1960 3288 2023 3355 sibi
2046 3289 2110 3354 dif-

104 3376 244 3460 linguae
266 3376 460 3459 proprietas:
486 3373 629 3457 periculo
649 3375 737 3439 enim
759 3375 844 3456 quod
867 3375 991 3440 instare
1012 3395 1082 3439 ore·
1135 3374 1314 3442 fioultatem
1352 3386 1548 3459 proponeret
1586 3374 1814 3458 reprimendae
1845 3373 1976 3452 illorum
2008 3374 2108 3440 6666-

103 3462 209 3528 dibile
226 3471 298 3526 erat
314 3481 484 3528 occurrere
504 3461 663 3544 cogitant:
688 3481 725 3525 66
746 3460 775 3525 si
797 3457 955 3526 dicerent:
991 3460 1083 3526 Fieri
1134 3463 1218 3527 ciae:
1241 3469 1279 3527 ut
1299 3462 1342 3526 sit
1363 3482 1487 3538 sensns,
1510 3461 1656 3544 Populus
1678 3460 1732 3526 bic
1749 3461 1845 3525 firma
1869 3461 2108 3543 conspiratione

104 3569 173 3614 666
197 3567 309 3631 posse,
344 3557 380 3611 ut
400 3553 565 3614 crescente
586 3565 724 3611 numero
749 3566 862 3611 omnes
883 3547 971 3629 ipsos
992 3546 1083 3628 regio
1134 3547 1359 3632 agglutinatus
1387 3557 1452 3627 est,
1481 3545 1594 3612 eadem
1622 3547 1709 3610 inter
1731 3566 1765 3610 se
1790 3545 1904 3628 lingua
1925 3547 2108 3612 communi-

102 3634 163 3700 illa
191 3653 321 3715 semper
342 3641 488 3716 caperet:
518 3630 590 3696 ideo
611 3631 847 3698 exstruendum
877 3651 948 3696 esse
971 3630 1082 3696 aedifi·
1133 3645 1224 3698 caat:
1247 3653 1312 3716 qua
1332 3633 1435 3716 igitur
1457 3632 1583 3697 666666
1605 3631 1711 3717 frangi
1731 3629 1908 3715 poterunt?
1931 3630 2106 3697 Caeterum

101 3719 195 3786 cium
225 3718 312 3802 quod
340 3717 408 3785 illic
435 3717 552 3784 stabile
580 3725 615 3782 et
639 3724 836 3800 perpetuum
859 3725 1007 3784 servaret
1028 3737 1083 3784 66-
1133 3719 1256 3784 iromoe
1284 3718 1464 3784 subsannat
1495 3717 1646 3783 stolidam
1683 3727 1716 3783 et
1750 3717 1962 3802 praecipitem
1994 3738 2107 3782 eorum

102 3827 181 3870 rum
212 3824 349 3884 66666,
383 3805 535 3887 quamvis
563 3802 599 3868 in
626 3801 772 3868 diversas
799 3803 912 3886 plagas
945 3802 1083 3885 dispersi
1134 3804 1377 3869 confidentiam:
1401 3804 1477 3887 quia
1499 3803 1576 3869 dum
1599 3803 1688 3868 vires
1709 3823 1786 3867 suas
1808 3803 1984 3868 aestimant
2003 3804 2106 3888 impii,

101 3891 226 3958 forent.
271 3888 451 3970 Quaeritur
471 3897 582 3954 tamen
608 3888 694 3954 6666
721 3888 787 3953 illis
808 3889 938 3954 futurae
959 3889 1083 3973 disper·
1133 3889 1218 3955 nihil
1240 3911 1306 3955 non
1328 3891 1389 3955 sibi
1412 3898 1575 3974 arrogant.
1621 3889 1763 3968 16616666
1784 3887 1889 3968 istud,
1912 3885 1952 3952 de
1973 3909 2036 3970 quo
2058 3889 2106 3954 lo·

101 3977 209 4042 sionis
231 3977 397 4042 memoria.
441 3974 629 4044 Doniioiunt
655 3974 803 4039 nonnulli
825 3996 845 4040 6
865 3974 961 4040 Noah
983 3975 1083 4042 fuisse
1132 3977 1262 4059 quitur,
1291 3975 1441 4040 sedulum
1470 3983 1624 4050 conatum
1647 3975 1757 4058 signat
1778 3993 1845 4038 una
1866 3996 1939 4041 cum
1962 3975 2105 4040 violento

101 4063 266 4141 monitos,
294 4061 351 4144 qui
371 4060 533 4126 mundum
555 4059 597 4125 ad
618 4060 728 4144 priora
753 4060 876 4126 scelera
896 4070 930 4124 et
948 4081 1083 4144 66666·
1133 4061 1288 4144 operandi
1305 4061 1441 4126 fervore.
1476 4061 1529 4126 Ita
1546 4082 1605 4143 per
1618 4061 1859 4126 concessionem
1871 4060 1962 4125 Deus
1978 4059 2103 4124 nullam

101 4148 191 4214 telas
220 4147 407 4214 revolutum
443 4166 595 4225 cernens,
628 4146 746 4229 spiritu
779 4144 969 4229 prophetiae
1005 4146 1082 4211 bor·
1132 4149 1201 4213 fore
1213 4147 1353 4212 aedificii
1365 4147 1634 4230 interruptionem
1646 4145 1725 4210 dicit
1741 4146 1838 4210 rebus
1849 4146 1896 4209 ita
1908 4145 2104 4227 compositis.

99 4233 246 4300 rendam
285 4233 426 4316 aliquam
461 4232 704 4314 dissipationem
736 4231 834 4298 simul
868 4230 1082 4314 praeviderit:
1219 4234 1248 4299 1.
1272 4234 1379 4316 Apte,
1407 4232 1635 4300 6666666666.
1686 4231 1843 4296 Diximus
1874 4250 1932 4312 per
1961 4231 2104 4316 hypoty-

101 4341 142 4386 ae
166 4327 288 4403 putant
309 4319 375 4396 illi,
408 4316 624 4403 Babylonios,
653 4337 755 4401 quum
783 4317 906 4384 directe
929 4319 1000 4384 Deo
1022 4319 1081 4384 ob·
1131 4319 1226 4402 posin
1247 4339 1318 4384 rem
1340 4317 1433 4384 nobis
1456 4317 1588 4401 depingi
1610 4339 1630 4383 a
1652 4316 1761 4383 Mose:
1787 4335 1852 4398 quo
1876 4315 2038 4382 illustrius
2059 4317 2104 4382 sit

98 4408 224 4472 sistere
246 4425 312 4470 non
341 4411 486 4487 possent,
520 4403 649 4487 oblique
687 4411 820 4470 conatos
839 4424 910 4468 esse
932 4423 1080 4487 poenam,
1132 4406 1195 4471 Dei
1234 4403 1400 4470 iudicium.
1455 4401 1600 4470 Proinde
1634 4422 1725 4468 nune
1757 4401 1882 4466 inducit
1914 4400 2102 4484 loquentem

99 4513 190 4575 quae
212 4490 406 4556 denunciata
426 4497 512 4566 erat,
535 4499 693 4555 avertere.
737 4489 807 4555 Alii
821 4498 941 4571 putant
962 4511 1081 4556 arcano
1131 4490 1250 4570 Deum,
1273 4491 1328 4573 qui
1351 4490 1544 4572 pronunciat
1565 4488 1687 4570 absque
1705 4487 1835 4572 negotio
1851 4485 2044 4568 dissipatum
2062 4487 2103 4552 iri

97 4578 242 4661 spiritus
262 4577 420 4642 instinctu
441 4576 636 4642 66666666
657 4593 728 4640 6666
749 4574 790 4640 66
812 4596 872 4640 666
892 4595 1009 4658 66666,
1031 4574 1080 4639 id·
1131 4575 1217 4660 quod
1250 4575 1299 4640 illi
1337 4595 1504 4658 nunquam
1545 4581 1717 4659 putassent
1746 4572 1813 4638 6116
1851 4569 1947 4637 6666
1981 4572 2102 4638 tardari

98 4684 169 4748 que
187 4671 317 4746 praeter
334 4663 435 4727 animi
457 4682 600 4728 sensum.
637 4661 739 4744 Atqui
756 4670 885 4727 coactae
901 4669 981 4726 sunt
996 4661 1080 4726 istae
1130 4682 1233 4744 posse.
1284 4661 1373 4726 Talis
1405 4669 1514 4726 autem
1549 4672 1600 4725 est
1634 4659 1809 4724 verborum
1842 4675 1972 4722 sensus:
2027 4657 2103 4724 Non

96 4747 342 4833 expositiones:
366 4767 427 4814 666
448 4747 517 4812 6116
533 4749 617 4813 ratio
637 4747 733 4831 cogit,
749 4744 792 4811 ad
810 4746 1079 4826 maledictionem,
1130 4755 1207 4813 utar
1232 4747 1343 4812 multis
1371 4746 1544 4812 machinis:
1574 4744 1631 4810 sed
1661 4751 1791 4808 tantum
1819 4741 1956 4809 sufflabo
1977 4742 2013 4807 in
2036 4764 2100 4824 eos,

97 4833 274 4920 quasillis
295 4834 421 4898 inflicta
438 4843 496 4911 est,
519 4834 650 4898 trahere
667 4831 752 4916 6666
770 4833 890 4898 dicunt.
928 4831 1080 4899 Sciebant
1129 4841 1167 4898 ut
1188 4832 1331 4899 conluuie
1359 4831 1481 4916 linguis
1509 4830 1638 4896 ridiculi
1664 4829 1834 4895 dissiliant.
1880 4827 2101 4908 Quemadmo-

96 4929 231 4986 terram
253 4940 324 4985 esse
346 4918 508 4985 conditam
530 4927 568 4983 nt
590 4919 801 4998 habitaretur,
827 4927 860 4982 et
880 4917 999 5000 ubique
1021 4939 1080 4984 sua
1129 4918 1209 4984 dum
1237 4925 1348 4982 autem
1375 4937 1550 4982 numerosa
1584 4936 1684 4980 manu
1716 4914 1851 4981 collecta
1884 4913 2103 4981 moliebantur

96 5005 209 5072 ubera
226 5004 268 5070 ad
286 5005 434 5071 homines
452 5004 585 5072 alendos
606 5005 800 5090 porrigeret:
825 5013 858 5070 et
880 5003 952 5085 ipsa
971 5003 1078 5068 multi·
1129 5023 1232 5087 usqae
1254 5003 1296 5069 ad
1317 5001 1421 5068 nubes
1447 4999 1679 5068 conscendere:
1709 5001 1755 5064 ita
1776 5021 1819 5065 ex
1840 4999 1987 5082 opposito
2009 5001 2102 5067 Deus

97 5091 189 5159 tudo
201 5112 257 5157 eos
271 5090 416 5170 docebat,
438 5091 509 5156 fieri
525 5112 590 5156 non
603 5111 696 5174 posse
711 5099 750 5156 ut
771 5091 828 5156 diu
845 5097 912 5154 tam
928 5088 1079 5175 angustis
1128 5110 1205 5155 6666
1222 5089 1332 5171 copias
1349 5089 1495 5166 advocat,
1517 5107 1657 5170 quarum
1674 5085 1799 5151 obiecto
1816 5084 1977 5168 praesidio
1994 5097 2103 5152 arceat

95 5176 226 5244 finibus
254 5185 428 5242 manerent
459 5175 592 5242 inclusi:
629 5197 730 5259 quare
760 5177 816 5242 ubi
842 5175 906 5240 alio
933 5177 1078 5258 migran-
1127 5175 1224 5240 illum
1252 5175 1403 5241 furorem
1454 5173 1636 5255 Quaeritur
1661 5180 1771 5237 ι6666
1799 5190 1959 5253 quasnam
1992 5171 2101 5254 copias

94 5265 186 5330 dum
208 5262 288 5339 erit,
317 5263 436 5328 turrim
459 5261 643 5328 voluntari
669 5263 731 5328 ‘nis
757 5283 836 5328 suae
858 5279 929 5327 esse
951 5269 1076 5328 testem.
1129 5260 1287 5346 designet.
1331 5259 1445 5326 ludaei
1473 5267 1592 5342 putant
1613 5256 1654 5322 ad
1683 5256 1818 5341 angelos
1846 5254 1960 5322 baberi
1981 5277 2102 5323 sermo·

191 5349 221 5414 5.
244 5347 412 5415 Descendit
432 5348 597 5416 Dominus.
669 5349 800 5432 equitur
822 5346 980 5430 posterior
1001 5366 1078 5430 pars
1128 5369 1214 5416 nem.
1259 5345 1327 5413 Sed
1348 5346 1503 5429 quoniam
1525 5343 1616 5410 nulla
1635 5341 1673 5407 lit
1694 5342 1887 5428 angelorum
1908 5341 2046 5421 mentio,
2070 5351 2106 5409 et

236 5499 254 5536 ·
1838 5441 1889 5497 11·
