5000 6208
345 465 408 531 299
1007 458 1378 528 COMMENTARIUS
1401 459 1450 526 IN
1472 457 1686 528 GENESIN.
2282 459 2341 525 300

347 672 501 730 numero,
521 648 635 716 Iudaei
665 647 809 713 fabulam
831 668 889 714 suo
917 669 1008 713 more
1030 647 1203 728 fabricant,
1231 645 1317 731 qnod
1369 647 1512 712 tulantia
1545 647 1664 713 elatum
1698 647 1797 714 luisse
1818 647 1954 713 Ismael:
1968 693 1973 703 ·
1989 668 2053 713 non
2088 655 2197 713 tamen
2233 645 2340 714 dubito

348 759 448 822 quum
469 756 580 801 rumor
602 755 733 820 sparsus
756 743 857 808 esset,
891 735 1131 817 supposititium
1154 755 1225 800 esse
1247 754 1320 816 par·
1370 734 1449 816 quin
1468 734 1586 799 diserte
1603 734 1765 816 exprimat
1781 732 1901 810 Moses,
1921 734 1991 798 eius
2008 732 2149 798 ludibria
2166 733 2200 798 in
2218 733 2340 800 solenni

347 832 429 900 tum,
452 821 541 888 allati
560 821 627 885 sint
645 819 801 886 avitinis
823 818 957 902 plurimi
978 818 1129 898 infantes,
1152 840 1232 902 quos
1254 819 1320 885 lae·
1370 819 1426 884 illo
1456 829 1622 886 eonventu
1647 817 1749 885 Serae
1778 820 1984 903 apparuisse,
2014 828 2048 884 ιι
2069 840 2110 884 ex
2132 838 2170 883 eo
2199 825 2340 902 tempore

348 907 447 974 tando
479 926 674 990 puerperam
707 927 742 970 ιι
769 905 868 970 ιιιιιι
901 904 1052 988 probaret
1081 905 1174 971 Sara.
1216 903 1321 986 Quasi
1370 904 1468 970 fuisse
1501 904 1659 970 traduota.
1717 904 1890 972 anterum
1925 904 2068 970 lautitias
2101 904 2244 970 eonvirii
2279 926 2340 970 non

348 1015 426 1060 vero
462 1013 528 1058 non
561 989 696 1076 perinde
728 990 762 1054 id
796 991 928 1075 cognitu
961 990 1055 1056 faeile
1088 990 1186 1056 fuerit
1219 1011 1321 1074 quum
1371 989 1470 1056 refert
1492 991 1602 1056 Moses
1624 991 1660 1054 in
1683 990 1804 1055 malam
1826 999 1963 1074 partem,
1987 989 2042 1055 sed
2065 998 2223 1073 tanquam
2245 989 2285 1054 de
2306 1013 2339 1055 re

348 1080 441 1146 Isaao
463 1076 659 1164 pendentem
683 1077 908 1159 oonspiearent
931 1076 971 1141 ab
993 1075 1063 1141 eius
1086 1074 1254 1142 uberibus:
1284 1096 1322 1141 ao
1371 1075 1461 1142 linita
1478 1075 1631 1158 loquitur.
1667 1074 1759 1141 Nihil
1779 1076 1867 1142 enim
1885 1075 2037 1160 prohibet
2053 1076 2228 1158 quominus
2239 1077 2340 1142 saneti

349 1185 416 1231 non
437 1165 569 1241 elarior,
597 1171 631 1229 ιι
650 1163 687 1227 ιι
713 1175 867 1245 promptu
895 1163 995 1226 luerit
1024 1163 1270 1239 demonstratio,
1294 1162 1322 1227 si
1372 1161 1519 1226 homines
1538 1164 1658 1228 amieos
1676 1160 1716 1226 ad
1736 1182 1941 1227 oommunom
1959 1162 2116 1226 laetitiam
2137 1161 2287 1237 invitent,
2307 1173 2339 1225 ut

349 1251 400 1318 lae
433 1249 545 1335 digitis
578 1267 772 1330 expressum
804 1257 882 1312 aute
914 1247 1024 1314 oeulos
1060 1249 1217 1314 fluxisset.
1262 1248 1322 1312 Bis
1373 1247 1444 1312 Deo
1477 1246 1574 1312 simul
1606 1248 1728 1331 gratias
1760 1255 1893 1329 agentes
1921 1247 2016 1311 solito
2045 1246 2182 1311 hilarius
2211 1248 2338 1330 epulen-

349 1343 461 1402 autem
483 1333 585 1418 inepti
607 1341 685 1400 sunt
707 1355 745 1400 ao
767 1333 851 1398 fatui
873 1332 1005 1414 Iudaei,
1033 1335 1089 1415 qui
1111 1353 1178 1398 non
1200 1332 1323 1397 intelli·
1373 1345 1436 1398 tur.
1481 1331 1627 1399 Colenda
1658 1341 1707 1398 est
1740 1332 1871 1416 quidem
1904 1352 2033 1416 semper
2063 1332 2280 1415 temperantia
2309 1343 2339 1398 et

396 1431 434 1486 nt
462 1420 548 1487 hane
575 1416 728 1502 loquendi
761 1420 897 1484 formam
927 1417 1062 1501 perinde
1093 1419 1203 1484 valere
1231 1438 1268 1484 ιι
1295 1419 1323 1483 ιι
1372 1415 1544 1496 sobrietas,
1578 1416 1748 1501 dandaque
1781 1438 1879 1500 opera
1907 1424 1944 1482 ut
1972 1427 2039 1482 tam
2070 1426 2245 1502 apparatus
2275 1420 2338 1500 ipse

378 1529 436 1578 ara
457 1512 587 1572 voearet
608 1525 643 1571 se
664 1504 837 1571 nutricem.
881 1505 1013 1570 Interea
1034 1504 1214 1569 notandum
1235 1503 1321 1588 quod
1372 1505 1415 1569 sit
1438 1504 1488 1568 ιιι
1513 1503 1590 1582 ιιιι,
1610 1524 1707 1588 quam
1730 1502 1867 1568 modesti
1890 1504 2058 1570 eonvivae.
2102 1504 2248 1568 Tantum
2271 1503 2337 1568 dieo

351 1591 436 1660 Sara
456 1589 598 1658 laetandi
625 1611 744 1656 munus
773 1609 847 1655 enm
876 1597 974 1673 partu
1002 1590 1186 1675 aoninngit:
1218 1611 1322 1672 neque
1372 1610 1438 1654 nou
1461 1525 1541 1654 adeo
1564 1599 1693 1655 austere
1716 1590 1824 1654 Deum
1848 1589 2015 1656 nobiseum
2038 1609 2143 1673 agere,
2167 1589 2245 1672 quin
2264 1589 2337 1654 libe·

350 1679 438 1744 euim
460 1677 623 1744 Dominus
656 1675 781 1753 liberis,
816 1675 1005 1759 priusquam
1039 1684 1230 1754 naseantur,
1263 1674 1322 1739 ali·
1372 1675 1473 1740 relius
1494 1674 1659 1740 interdum
1678 1675 1799 1740 amieos
1820 1675 1969 1758 exeipare
1991 1675 2168 1760 permittat,
2190 1673 2245 1738 vel
2263 1673 2337 1740 dum

350 1777 461 1830 menta
480 1764 518 1828 in
538 1771 681 1828 matrum
705 1761 858 1827 uberibus
881 1762 1001 1827 frustra
1029 1771 1210 1844 praeparat.
1255 1760 1322 1828 Sed
1372 1760 1584 1826 eelebrandae
1606 1769 1683 1825 sunt
1705 1761 1847 1843 nuptiae,
1871 1760 1923 1825 vel
1944 1759 2022 1826 dum
2045 1759 2138 1826 liberi
2156 1759 2249 1826 nobis
2267 1780 2336 1826 aas·

351 1871 433 1934 quas
453 1858 595 1914 matrum
617 1848 740 1913 honore
763 1845 916 1996 diguatus
938 1855 996 1925 ιιι,
1019 1846 1080 1912 hoo
1102 1847 1198 1913 modo
1220 1848 1324 1912 nutri·
1372 1852 1501 1911 eantur.
1547 1846 1640 1911 F'eoit
1661 1865 1738 1930 ergo
1759 1844 1928 1911 Abraham
1958 1846 2144 1912 ιοιιιιιιιι
2173 1866 2336 1930 magnum,

350 1957 404 2002 ees
426 1935 609 2000 eonstituit:
633 1947 665 1998 ιι
687 1953 770 2017 quae
806 1943 899 1998 oetus
921 1953 997 1998 suos
1021 1931 1108 1997 alere
1130 1941 1323 2016 gravantur,
1373 1932 1434 1998 hoe
1456 1941 1514 2012 est,
1537 1930 1850 1997 extraordinarium:
1871 1932 2030 2015 quianon
2053 1930 2179 1997 solebat
2200 1930 2337 2015 quotidie

351 2041 479 2087 snorum
508 2029 644 2084 naturae
672 2018 857 2097 vinoulum,
885 2027 1046 2101 quantum
1073 2018 1244 2098 inanest,
1266 2017 1322 2084 ab·
1373 2027 1442 2082 tam
1475 2015 1642 2100 splendide
1674 2017 1837 2083 instruere
1870 2037 2032 2082 mensam:
2066 2038 2106 2082 ea
2139 2026 2247 2082 tamen
2280 2017 2339 2084 tuit

351 2116 517 2189 rumpunt.
564 2103 601 2172 Si
623 2102 755 2170 morbus
777 2104 829 2171 vel
850 2104 939 2168 aliud
968 2103 1135 2188 quidpiam
1157 2104 1322 2188 impediat,
1373 2103 1466 2186 eopia
1487 2123 1570 2186 quae
1591 2103 1726 2168 minime
1742 2102 1778 2168 ιι
1798 2101 1914 2168 luxum
1938 2102 2108 2168 difflueret.
2144 2101 2239 2168 Adde
2257 2102 2338 2185 quod

351 2193 438 2258 iusta
469 2197 518 2257 est
550 2191 729 2256 exeusatio:
763 2189 820 2255 sed
852 2209 1029 2273 puerperas
1057 2198 1173 2272 sponte
1202 2196 1235 2256 ιι
1264 2210 1323 2272 per
1374 2210 1433 2274 pro
1459 2187 1553 2255 modo
1581 2188 1773 2256 ιιιιιιιιιιι
1795 2188 1842 2254 ιιι
1869 2189 1979 2255 ιιιιιι
2007 2187 2072 2253 luit
2099 2189 2136 2252 in
2163 2186 2337 2254 traetandis

352 2276 483 2343 delitias
503 2276 619 2362 fugere
641 2274 783 2340 laetandi
805 2276 998 2355 molestiam,
1020 2283 1058 2339 ut
1079 2273 1232 2341 dimidiae
1254 2283 1324 2340 tan·
1373 2274 1495 2355 amieis,
1517 2283 1555 2341 ut
1573 2274 1695 2358 ignotis
1712 2274 1810 2339 etiam
1832 2273 2016 2357 hospitibus
2038 2273 2212 2353 suffieeret,
2234 2293 2338 2356 quem-

352 2370 423 2429 tum
445 2363 512 2428 siut
533 2371 665 2438 matres,
688 2361 793 2445 turpis
815 2368 866 2426 ιιι
887 2360 1079 2444 eorruptela.
1373 2359 1547 2425 admodum
1569 2360 1661 2443 prius
1683 2359 1789 2424 visum
1812 2369 1870 2425 est.

439 2448 469 2513 8.
492 2446 537 2512 Et
555 2447 651 2512 ινιυιι
666 2467 763 2528 pater,
790 2451 819 2511 et
838 2445 899 2512 abi.
944 2446 1016 2511 Iam
1043 2466 1178 2511 narrare
1207 2444 1323 2528 iueipit
1459 2446 1490 2512 9.
1513 2445 1558 2511 Et
1577 2446 1657 2511 vidit
1679 2445 1764 2511 Sara
1790 2445 1893 2527 lilium
1913 2444 2014 2528 Agar.
2060 2442 2338 2526 Quemadmodum

353 2534 464 2600 Moses
485 2530 645 2616 quomodo
667 2531 833 2597 abdieatus
854 2531 954 2597 fuerit
971 2531 1091 2598 Ismael
1110 2553 1149 2596 ex
1170 2529 1323 2596 Abrahae
1374 2529 1501 2597 ridendi
1534 2531 1670 2597 verbum
1703 2529 1853 2597 bilariam
1886 2530 2044 2614 aeoipitur
2079 2529 2165 2613 apud
2194 2529 2336 2606 Latinos,

353 2618 493 2696 familia,
524 2626 561 2682 nt
581 2616 670 2683 solus
691 2617 784 2684 Isaae
803 2617 941 2702 legitimi
969 2617 1028 2681 filii
1050 2626 1083 2682 ιι
1104 2615 1253 2683 haeredis
1275 2615 1322 2680 lo·
1373 2618 1422 2682 ita
1443 2627 1476 2683 et
1494 2616 1638 2682 Hebraei
1659 2623 1727 2681 tam
1748 2618 1786 2681 in
1806 2615 1924 2681 bonam
1950 2637 2048 2700 quam
2069 2616 2105 2680 in
2126 2615 2247 2680 malam
2268 2635 2337 2699 par·

354 2725 428 2772 oum
454 2711 592 2769 teneret.
640 2701 778 2768 Videtur
804 2702 936 2786 quidem
959 2702 1019 2769 hoe
1040 2703 1146 2786 primo
1167 2700 1322 2785 adapeotu
1374 2711 1440 2768 tem
1463 2703 1563 2769 verbo
1584 2723 1644 2768 suo
1666 2711 1819 2768 utuntur:
1843 2700 1930 2767 unde
1951 2701 2159 2786 partieipium
2181 2713 2269 2781 putu
2286 2699 2337 2764 de·

354 2811 425 2858 esse
446 2790 614 2869 frivolum,
641 2787 727 2870 qnod
749 2787 833 2854 Sara
855 2787 895 2854 de
920 2787 1023 2854 nihilo
1045 2807 1255 2866 suooenseus,
1278 2787 1322 2851 ri·
1374 2788 1507 2855 ‹luetnm
1536 2795 1594 2854 est.
1638 2787 1715 2853 Non
1743 2788 1842 2854 ιιιιιι
1870 2787 2027 2870 puerilem
2057 2786 2167 2854 lusum
2188 2795 2223 2852 et
2249 2786 2337 2850 inno·

353 2897 431 2942 xum
464 2875 552 2940 domi
585 2874 786 2940 excitaverit.
838 2873 903 2940 Sed
930 2874 1054 2940 Paulus
1083 2872 1171 2959 (Gal.
1202 2873 1237 2952 4,
1267 2870 1323 2959 21)
1374 2874 1481 2953 xium,
1512 2894 1552 2939 ex
1580 2873 1803 2958 indignatione
1826 2872 1929 2940 Sarae
1957 2881 2099 2957 apparet.
2143 2873 2224 2938 uuit
2244 2873 2338 2956 igitur

354 2962 448 3029 donat
467 2960 605 3028 sublimo
628 2960 681 3026 hie
703 2961 795 3025 uobis
816 2959 1009 3044 mysterium
1031 2959 1169 3044 proponi
1188 2958 1227 3024 de
1251 2979 1322 3042 per·
1376 2958 1521 3045 maligna
1542 2958 1768 3038 subsannatio,
1790 2979 1856 3042 qua
1877 2967 2049 3041 protervus
2071 2957 2259 3024 adolesoens
2280 2958 2339 3022 lra-
2465 2953 2466 2966 ²

354 3055 453 3132 petuo
474 3045 628 3112 eoelesiae
649 3053 746 3112 statu.
790 3045 836 3110 ldt
856 3057 944 3112 eerte
965 3046 994 3111 si
1016 3065 1169 3128 personas
1191 3055 1323 3129 reputa·
1375 3055 1460 3112 trem
1489 3044 1596 3111 adhue
1621 3045 1779 3110 infantem
1805 3063 1884 3127 prae
1909 3063 1944 3110 se
1970 3044 2173 3128 oontempsit.
2220 3047 2266 3110 Ao
2286 3063 2339 3108 no-
2465 3077 2466 3081 =

355 3154 438 3208 mus,
460 3139 645 3198 statuemus
660 3151 723 3196 non
742 3130 844 3196 luisse
862 3152 931 3196 rem
954 3131 1118 3209 lusoriam,
1141 3129 1226 3215 quod
1243 3129 1324 3196 lide·
1377 3130 1513 3198 tandum
1541 3138 1606 3211 est,
1636 3151 1654 3196 e
1677 3131 1804 3196 itheton
1833 3129 1919 3214 quod
1941 3130 1995 3196 hio
2015 3129 2150 3196 Ismaeli
2173 3129 2281 3206 datur,
2310 3136 2340 3192 ιι

354 3218 436 3283 lium
458 3216 604 3283 omnium
626 3224 720 3300 pater
745 3215 852 3282 filium
880 3216 1132 3366 primogenitum
1165 3215 1324 3282 divinitus
1376 3237 1497 3283 nomen
1518 3216 1611 3284 Isaae
1640 3151 1680 3282 ab
1708 3216 1820 3282 eadem
1850 3215 1977 3300 origine
2006 3215 2212 3282 descendere.
2253 3213 2340 3280 Isaae

355 3302 504 3370 abdieare
525 3304 632 3367 iussus
654 3310 719 3367 ast:
740 3301 825 3384 quod
843 3301 972 3381 Ismael,
1008 3302 1072 3369 ieet
1093 3302 1239 3370 eiusdem
1262 3301 1323 3367 eir·
1376 3302 1464 3387 patri
1484 3309 1518 3367 ιι
1538 3302 1612 3369 aliis
1633 3302 1739 3368 saneti
1766 3300 1968 3386 legitimique
1996 3302 2081 3367 risus
2102 3301 2240 3366 materia
2260 3308 2338 3365 arat:

355 3387 562 3457 oumoisionis
579 3389 748 3471 partieeps,
772 3389 807 3453 in
825 3387 965 3453 alienam
982 3399 1113 3471 gentem
1135 3387 1265 3465 transit,
1284 3407 1326 3452 ne
1376 3388 1463 3454 unde
1484 3394 1518 3453 ιι
1535 3407 1654 3454 nomen
1672 3387 1721 3452 illi
1743 3388 1850 3452 luerat
1870 3386 2028 3452 divinitus
2049 3387 2246 3470 impositum.
2279 3385 2338 3451 Be·

355 3475 495 3558 amplius
527 3473 563 3537 in
595 3473 720 3538 semine
752 3471 919 3539 beuedieto
951 3484 1137 3541 oenseatur:
1171 3471 1256 3557 quod
1289 3473 1325 3537 in
1375 3473 1592 3540 nedietionem
1615 3473 1687 3554 Dei,
1708 3493 1834 3555 exque
1856 3472 1922 3538 tale
1944 3472 2100 3556 gaudium
2121 3473 2285 3550 manabat,
2306 3473 2339 3535 in

355 3561 496 3646 speeiem
517 3559 681 3624 laneratur
701 3560 856 3625 ecelesiae
877 3579 1008 3643 eorpus,
1035 3568 1073 3624 ut
1095 3558 1230 3624 dimidia
1252 3566 1325 3622 tan·
1374 3558 1552 3625 ludibrium
1575 3558 1736 3625 convertit
1758 3558 1887 3624 Ismael.
1931 3558 2021 3642 Ergo
2043 3571 2201 3642 tanquam
2226 3557 2338 3642 impius

355 3653 426 3711 tum
447 3665 524 3728 pars
546 3654 691 3709 maneat:
721 3644 807 3728 quod
831 3642 914 3710 Sara
939 3646 1075 3712 aneillae
1102 3645 1207 3710 filium
1230 3643 1325 3708 domo
1375 3645 1498 3720 illusor,
1521 3645 1614 3710 fratri
1633 3644 1726 3711 Isaao
1747 3645 1931 3726 opponitur.
1967 3643 2072 3709 Ambo
2090 3642 2140 3729 (ιι
2156 3643 2204 3710 ιιι
2221 3641 2338 3728 loquar)

356 3730 531 3814 expellens,
555 3731 611 3794 uui
628 3729 721 3796 Ῑιιιι
743 3729 975 3796 haereditatem
993 3731 1028 3794 in
1051 3729 1189 3797 solidum
1212 3727 1326 3796 vendi·
1375 3743 1453 3797 suut
1468 3731 1527 3796 filii
1546 3731 1640 3806 risus,
1658 3728 1715 3796 sed
1732 3730 1828 3814 longe
1846 3729 1975 3795 diverso
1993 3751 2100 3795 sensu.
2134 3729 2226 3794 Isaeo
2243 3729 2337 3794 risum
2464 3719 2465 3750 l

356 3823 417 3883 eat.
454 3813 564 3896 Quare
581 3817 609 3880 si
627 3815 668 3880 ad
685 3815 772 3882 hano
789 3817 957 3881 historiam
975 3816 1147 3900 legendam
1170 3817 1326 3880 afferatur
1375 3838 1417 3882 ex
1439 3824 1530 3882 utero
1552 3817 1667 3880 matris
1687 3835 1797 3882 seeum
1821 3815 1945 3880 attulit:
1974 3817 2126 3898 quoniam
2148 3815 2337 3898 iusoulptum

356 3921 394 3967 ea
411 3921 495 3986 qnae
512 3899 607 3966 debet
624 3902 770 3981 attentio,
789 3909 905 3986 sponte
922 3923 957 3967 ιι
974 3901 1116 3985 proferet
1134 3901 1325 3987 mysterium
1376 3903 1510 3987 gerebat
1530 3910 1656 3982 eertum
1677 3901 1802 3985 gratiae
1820 3901 1881 3965 Dei
1904 3900 2135 3966 testimonium.
2171 3899 2229 3966 Sia
2245 3900 2338 3985 igitur

357 3985 438 4052 illud
461 3985 501 4052 de
522 4007 585 4069 quo
608 3985 736 4052 disserit
757 3987 889 4052 Paulus.
1376 3988 1507 4053 domum
1530 3989 1632 4071 patris
1654 3986 1827 4066 exhilarat,
1849 3999 1886 4050 ut
1907 3985 2031 4052 laetitia
2052 3993 2204 4070 erumpat
2220 3989 2254 4052 in
2271 4007 2337 4070 gra·

442 4071 487 4137 Et
502 4073 574 4155 feeit
592 4071 754 4138 stratam
771 4071 953 4139 ιοιιιιιιιιιι.
987 4071 1166 4155 Quaeritur
1184 4093 1242 4139 our
1260 4093 1325 4138 non
1376 4075 1496 4140 tiorum
1525 4074 1699 4138 sobonem:
1729 4072 1847 4138 Ismael
1874 4081 1982 4137 autem
2007 4072 2124 4138 eanino
2147 4093 2205 4138 suo
2227 4071 2290 4138 risu
2308 4081 2338 4135 et

356 4159 464 4243 potius
493 4157 593 4222 natali
621 4157 673 4222 vel
703 4158 955 4225 eirenmoisionis
987 4157 1048 4224 die.
1092 4157 1189 4244 Quod
1212 4169 1325 4241 argute
1376 4159 1512 4244 profano
1541 4165 1690 4224 sanetum
1712 4156 1794 4223 illud
1816 4155 1891 4223 fidei
1912 4156 2066 4241 gaudium
2101 4156 2230 4224 abolere
2249 4176 2335 4223 eona·

356 4241 606 4327 philosophatur
626 4243 849 4328 Augustinus,
881 4243 1037 4309 eelebrari
1068 4244 1155 4310 diem
1184 4243 1325 4308 ablaota-
1376 4259 1440 4310 tur.
1485 4243 1553 4311 Nee
1575 4243 1710 4310 dubium
1734 4252 1783 4309 est
1805 4243 1883 4327 quin
1906 4263 1941 4309 se
1963 4242 2137 4309 manifesta
2159 4243 2247 4309 illius
2268 4263 2336 4308 oon·

357 4330 453 4394 tionis
471 4330 572 4406 Isaae,
595 4337 632 4394 ut
654 4328 816 4396 diseamus
834 4329 903 4395 eius
925 4331 1076 4412 exemplo
1097 4350 1163 4395 non
1186 4329 1325 4411 amplius
1376 4340 1428 4395 tra
1458 4322 1575 4395 Deum
1595 4330 1746 4414 impietas
1774 4328 1835 4394 hae
1868 4328 2124 4394 subsannatione
2156 4329 2334 4412 prodiderit.
2463 4323 2464 4388 i

356 4435 428 4480 esse
450 4415 545 4498 pueri
566 4435 677 4494 sensu,
701 4413 797 4480 nimis
820 4422 965 4482 eoaetum
988 4425 1046 4481 est.
1091 4415 1203 4481 Nihilo
1226 4415 1326 4480 etiam
1379 4414 1429 4481 Ad
1448 4435 1518 4481 eam
1542 4434 1644 4498 usqne
1666 4423 1806 4481 aetatem
1827 4423 2023 4498 pervenerat
2040 4424 2077 4479 ut
2099 4415 2233 4480 minime
2253 4416 2336 4510 igna-
2463 4421 2464 4454 ³

358 4502 462 4584 magis
484 4511 737 4566 cousentaneum
760 4499 845 4582 quod
864 4501 918 4564 alii
941 4500 1061 4580 dieunt,
1084 4501 1262 4576 Abraham,
1284 4522 1326 4565 ne
1376 4522 1433 4567 rus
1455 4509 1541 4566 osset
1563 4501 1738 4584 promissae
1766 4500 1905 4585 gratiae,
1927 4498 1968 4566 ob
1989 4521 2088 4582 quam
2110 4509 2203 4566 tanto
2227 4498 2336 4586 gaudio

357 4586 503 4669 gentium
526 4605 633 4650 moras
654 4585 846 4664 imitaretur,
865 4585 950 4650 diem
973 4588 1151 4670 sumpsisse
1168 4589 1225 4670 qui
1246 4597 1326 4653 tuno
1376 4585 1572 4652 efferebatur
1605 4597 1697 4669 pater
1730 4585 1912 4652 Abraham:
1952 4585 2021 4668 ipse
2061 4597 2172 4650 ιιιιιι
2211 4583 2335 4670 superbe

357 4671 392 4735 in
414 4671 579 4736 eommuni
603 4691 663 4736 usu
687 4691 752 4736 non
774 4682 853 4736 erat.
894 4672 965 4738 Imo
987 4673 1058 4737 fieri
1079 4681 1187 4757 potest
1209 4679 1245 4737 ut
1268 4671 1326 4736 ho·
1377 4671 1438 4738 sibi
1460 4671 1605 4755 plaeens,
1633 4671 1669 4735 ιι
1691 4672 1801 4737 fratris
1823 4692 1962 4754 persona
1984 4672 2070 4752 Deo,
2092 4683 2125 4736 et
2147 4673 2218 4738 eius
2238 4671 2334 4744 verbo,

358 4776 437 4820 nore
455 4763 489 4846 et
510 4755 634 4820 laetitia
657 4756 800 4820 natalem
819 4777 946 4840 quoque
961 4756 1020 4823 filii
1038 4759 1090 4824 sui
1111 4767 1327 4842 prosequutus
1379 4757 1594 4840 Abrahaeque
1622 4757 1699 4822 fidei
1726 4757 1870 4823 insultat.
1913 4755 2024 4837 Quare
2048 4777 2116 4822 non
2146 4759 2217 4822 sine
2248 4775 2335 4823 ιιιιι

357 4839 466 4905 ιιιιιι.
511 4838 577 4906 Sed
610 4841 709 4907 huius
737 4843 882 4909 mnvivii
909 4853 1043 4927 propter
1071 4843 1167 4910 aliam
1195 4863 1326 4910 eausam
1376 4853 1444 4908 tam
1468 4843 1620 4908 atroeiter
1641 4845 1675 4907 in
1698 4864 1773 4908 eum
1797 4842 1880 4909 Sara
1901 4842 2085 4918 exeanduit,
2109 4849 2148 4908 ut
2169 4844 2287 4910 iuberet
2302 4843 2335 4904 in

358 4924 507 5009 spetialis
528 4926 566 4990 fit
587 4927 726 4992 mentio:
756 4928 833 5009 quia
855 4937 932 4993 tuno
958 4928 1179 5012 deprehensus
1199 4929 1261 4994 luit
1282 4929 1327 4993 ri·
1375 4929 1524 4995 exsilium
1543 4930 1718 5011 profligari.
1749 4928 1841 4993 Nihil
1858 4929 1946 4994 euim
1963 4935 2076 4994 saneto
2093 4929 2184 4995 nardi
2202 4927 2334 4996 omnbius
2462 4937 2463 4964 ³

358 5031 413 5076 sus
436 5009 564 5076 Ismael.
608 5010 722 5095 Neque
742 5013 831 5077 anim
852 5034 965 5079 eorum
987 5016 1193 5081 eonieoturae
1218 5035 1328 5080 assen-
1377 5035 1475 5098 quam
1493 5015 1555 5079 Dei
1573 5015 1714 5098 gratiam
1735 5012 1847 5078 videre
1869 5013 1990 5080 derisui
2011 5015 2202 5097 expositam.
2237 5013 2333 5095 Atqtm

358 5096 423 5162 tior
444 5095 499 5179 qni
519 5105 636 5180 putant
656 5119 775 5164 novam
801 5097 973 5165 historiam
1000 5102 1083 5177 texi,
1115 5111 1149 5165 et
1170 5121 1244 5166 eum
1266 5101 1328 5166 hau
1378 5101 1458 5166 haee
1488 5098 1570 5164 ratio
1599 5110 1649 5165 ast
1676 5120 1734 5165 our
1757 5099 1880 5165 Paulus
1909 5101 2013 5164 risum
2041 5108 2138 5166 voest
2171 5118 2332 5183 persequu-

359 5181 509 5247 molestia
547 5182 702 5247 luetatam
743 5183 842 5250 luisse
878 5185 1020 5268 quotidie
1054 5184 1186 5252 Soram:
1226 5185 1329 5251 donee
1379 5187 1515 5251 ιιοιιιιε
1546 5184 1808 5268 Persequebatur
1839 5183 1959 5270 (inquit
1980 5185 2055 5251 Gal.
2086 5187 2121 5266 4,
2155 5187 2209 5273 29)
2237 5181 2333 5264 isqui

358 5265 491 5331 tandem
508 5267 608 5333 eleeto
626 5269 727 5351 impio
744 5267 895 5350 derisore,
912 5269 1041 5336 domum
1055 5292 1148 5336 suam
1166 5293 1229 5357 pur
1272 5272 1328 5335 vit.
1379 5269 1561 5338 seeundum
1583 5292 1712 5337 earnem
1735 5281 1820 5344 erat,
1849 5271 2018 5354 spirituale
2040 5291 2169 5338 semen:
2198 5267 2332 5358 gladioua

359 5349 531 5418 Probabile
552 5353 683 5435 quidem
706 5362 755 5420 est
776 5355 849 5421 aliis
870 5377 997 5438 quoque
1019 5356 1131 5422 diebus
1153 5359 1251 5421 simii
1273 5376 1329 5440 pe·
1380 5376 1417 5424 ao
1436 5355 1559 5423 manu?
1582 5359 1647 5422 imo
1664 5357 1837 5423 virulentis
1853 5357 1985 5442 linguae
2002 5356 2162 5438 ludibriis,
2183 5376 2258 5442 quae
2273 5373 2332 5420 non
