4988 6192
113 429 174 498 roe
421 499 425 506 Δ
766 422 1138 498 oommurrerus
1160 427 1211 494 m
1233 425 1448 494 serrem.
2041 427 2108 494 roe

112 616 287 696 ebulliunt,
322 614 435 682 ferulis
469 612 609 681 domare.
666 613 826 700 Diligitur
856 615 983 682 Reohel
1015 636 1082 683 non
1135 636 1207 682 esse
1223 614 1342 682 Deum.
1374 612 1469 681 Idem
1490 624 1628 698 sequute
1648 621 1700 681 est
1720 613 1756 679 in
1778 612 1920 680 seeundo
1942 613 2010 680 filio
2026 613 2108 682 Iree.

111 705 181 770 sine
203 703 324 770 sororis
343 701 476 778 iniurio,
495 701 549 766 oui
570 721 637 767 non
658 699 796 768 hebetur
818 700 946 767 debitus
966 700 1082 768 honor.
1134 702 1221 768 Nem
1243 701 1284 768 eb
1306 700 1421 768 auditu
1444 720 1564 766 nomen
1586 699 1636 765 illi
1656 699 1811 784 imponit,
1837 707 1877 764 ut
1898 698 1961 766 sibi
1981 701 2017 765 in
2038 721 2110 767 me-

111 789 275 856 Domiuus
300 807 378 872 ergo
399 807 435 854 se
463 786 627 853 vindioem
654 787 849 872 interponit,
878 795 913 852 et
932 795 1009 871 epto
1031 807 1083 852 re-
1133 789 1270 854 moriem
1306 793 1437 854 revooet
1468 784 1638 852 exauditos
1671 805 1690 850 a
1721 782 1865 850 Domino
1897 783 2001 852 fuisse
2032 807 2109 854 suos

110 874 218 942 medio
247 873 395 940 animum
416 855 644 939 Ieeob'fleetit
664 873 701 938 in
727 893 801 938 enm
829 883 957 956 partem
978 894 1000 939 o
1020 893 1085 956 que
1134 873 1285 958 gemitus.
1329 871 1427 940 Unde
1459 870 1651 938 ooniioimus
1679 868 1779 955 (quod
1807 869 1904 954 peulo
1926 880 2004 937 ente
2025 870 2108 959 dixi)

111 961 210 1028 nimis
226 979 363 1028 eversus
381 966 460 1024 eret.
500 959 606 1025 Dooet
621 965 730 1024 eutem
748 958 802 1025 bio
820 958 919 1039 loeus,
941 957 1084 1024 sobolem
1134 979 1198 1042 quo
1219 968 1365 1042 tempore
1386 957 1525 1042 urgebat
1546 956 1689 1036 afflietio,
1712 954 1899 1039 deposuisse
1920 977 1996 1022 suos
2017 956 2108 1024 dolo·

110 1046 274 1130 peculiare
291 1065 362 1110 esse
380 1043 500 1109 donum
511 1044 585 1120 Dei,
604 1064 706 1126 quum
723 1043 773 1109 illi
790 1042 911 1110 diserte
928 1043 1085 1112 tribuitur
1134 1065 1188 1124 res
1215 1045 1251 1109 in
1280 1044 1391 1110 sinum
1413 1042 1487 1110 Dei.
1531 1042 1681 1108 'Pertinm
1709 1041 1815 1108 filium
1835 1061 1858 1106 e
1877 1042 2106 1110 ooniunotione

111 1133 194 1198 heeo
232 1139 391 1216 potestus,
430 1127 517 1213 quod
556 1129 693 1196 ultorem
730 1128 848 1196 reddet
882 1127 1082 1207 foseundem,
1134 1129 1296 1208 nominet,
1319 1151 1357 1197 uo
1378 1130 1407 1195 si
1428 1128 1567 1206 dioeret,
1596 1128 1663 1194 iem
1691 1147 1812 1198 novem
1834 1128 1982 1211 oopulum
2003 1129 2107 1195 inter·

111 1218 248 1283 ulterius
298 1223 393 1281 utero
436 1213 618 1281 melodient.
681 1213 871 1281 Notandum
914 1222 1084 1300 preeteree
1134 1215 1258 1296 sedere,
1281 1223 1320 1281 ut
1340 1215 1446 1299 mugio
1467 1223 1596 1280 emetur
1612 1235 1632 1280 e
1648 1213 1777 1280 merito.
1812 1211 1855 1278 In
1876 1220 1992 1296 quarto
2014 1233 2108 1280 susm

110 1302 196 1388 quod
236 1301 354 1368 sobolis
393 1300 574 1383 prooreetio
613 1301 749 1367 meritos
787 1300 945 1366 uxoribus
976 1300 1084 1385 magis
1134 1321 1249 1367 rursus
1271 1321 1351 1386 erge
1371 1298 1482 1366 Deum
1509 1301 1667 1384 pietatem
1696 1297 1854 1365 deoleret:
1883 1320 1961 1364 nem
1990 1321 2108 1367 eume

111 1387 270 1456 oonsiliet.
314 1383 411 1453 Unde
431 1393 466 1451 et
486 1405 675 1456 eommunes
701 1386 820 1453 liberos
841 1395 969 1453 veteres
990 1384 1082 1451 dixe·
1133 1386 1233 1453 leude
1260 1385 1334 1452 ideo
1362 1397 1534 1471 nuneupet
1562 1384 1648 1467 quod
1677 1383 1836 1470 singulari
1857 1383 1923 1449 Dei
1951 1385 2106 1452 benefioio

111 1484 191 1540 runt
212 1475 364 1558 pignore:
398 1470 475 1555 quie
490 1471 533 1536 ed
554 1470 742 1556 eugendum
763 1480 917 1538 mutuum
938 1491 1084 1537 umorem
1134 1473 1231 1539 dutus
1249 1473 1301 1538 sit.
1335 1471 1406 1536 Iam
1423 1471 1516 1554 prius
1533 1469 1663 1554 quidem
1681 1470 1804 1555 gratius
1821 1476 1934 1554 egeret
1945 1468 2105 1538 Domino:

112 1570 144 1625 et
179 1557 358 1626 fovendum
389 1576 457 1623 non
487 1576 606 1640 perum
644 1557 787 1624 vnleent.
842 1555 941 1639 Quod
971 1557 1082 1624 Moses
1134 1558 1192 1624 sed
1209 1558 1286 1640 quie
1303 1557 1431 1624 uberior
1448 1554 1554 1623 leudis
1570 1556 1709 1621 muteris
1725 1555 1879 1638 suppetit,
1901 1556 2023 1622 fatetur
2039 1577 2105 1623 non

111 1665 245 1712 exosum
265 1641 367 1710 fuisse
391 1643 495 1708 Iseum
517 1641 632 1723 trudit,
664 1663 780 1710 sensus
801 1650 867 1720 est,
895 1663 963 1708 non
983 1642 1083 1708 fuisse
1134 1643 1235 1711 semel
1258 1662 1364 1727 neque
1386 1662 1451 1710 uno
1480 1642 1591 1719 modo,
1621 1640 1679 1708 sed
1708 1641 1837 1724 saepius
1858 1662 1894 1709 se
1915 1642 1978 1708 Dei
1999 1643 2108 1729 gretie

112 1730 264 1797 dileomm
295 1738 333 1793 ut
365 1747 425 1812 per
460 1737 541 1794 erut.
592 1725 703 1810 Neque
735 1729 824 1794 enirn
856 1727 1005 1795 infensus
1032 1727 1084 1792 illi
1134 1727 1280 1795 adiutem
1301 1748 1381 1794 esse.
1684 1761 1691 1774 ·

111 1827 183 1882 eret
204 1814 319 1892 Ieoob,
349 1814 401 1880 rel
429 1833 503 1880 eum
531 1812 605 1879 odio
633 1812 902 1898 prosequebatur:
935 1812 992 1879 sed
1020 1814 1084 1880 hoo

110 1900 211 1968 verbo
232 1899 409 1983 emplilioet
426 1899 536 1965 Moses
556 1899 675 1965 vitium
696 1898 788 1979 illud,
810 1899 970 1983 quianon
992 1919 1084 1986 prue-

110 1986 220 2054 stebet
234 1986 347 2052 meriti
367 1985 525 2052 ollioium:
552 2004 613 2050 nee
634 1985 715 2051 setis
732 1985 835 2050 emioe
852 1991 886 2049 et
906 1983 1085 2051 honorifioe

109 2073 253 2157 priorem
281 2091 419 2137 uxorem
445 2068 617 2136 meetabet.
667 2070 742 2137 Hoo
770 2070 945 2154 diligenter
970 2080 1085 2136 notare
1475 2069 1627 2138 uAPUu
1648 2069 1763 2137 XXX.

109 2157 392 2242 operaepretium
414 2163 474 2235 est,
496 2155 574 2239 quie
594 2154 692 2221 multi
713 2176 749 2223 se
770 2155 938 2222 delunotos
958 2163 1085 2239 putent,

109 2242 208 2309 modo
236 2263 278 2308 ne
308 2249 482 2325 erumpent
513 2241 549 2306 in
582 2241 693 2307 odium
726 2241 873 2324 ospitale.
924 2239 1085 2307 Videmus
1222 2242 1251 2308 1.
1287 2240 1386 2308 Porro
1418 2241 1498 2307 etde
1531 2240 1650 2308 Ruebel
1679 2243 1760 2325 quod
1791 2261 1853 2308 rtem
1882 2246 2010 2324 pareret
2040 2240 2107 2323 ipsi

107 2337 222 2396 eutem
249 2337 289 2393 ut
316 2327 452 2412 spiritus
481 2335 614 2392 senotus
643 2326 717 2392 odio
745 2327 859 2394 heberi
891 2325 1086 2410 pronunoiet
1136 2327 1287 2396 Iobueob:
1313 2334 1342 2395 et
1370 2327 1485 2394 invidit
1508 2325 1626 2393 Ruebel
1650 2329 1753 2394 sorori
1779 2348 1869 2406 seue,
1903 2332 1933 2392 et
1958 2326 2040 2392 dizit
2061 2325 2106 2394 od

107 2415 168 2498 qui
188 2414 358 2480 nonestis
379 2418 542 2478 ementur.
586 2412 660 2477 Ium
681 2412 794 2492 suitur,
815 2413 850 2477 in
872 2411 1085 2494 huno¹finem
1135 2413 1286 2480 latret.-
1312 2412 1370 2480 Do
1396 2411 1476 2478 mibi
1505 2413 1603 2495 filios:
1633 2413 1687 2479 elo
1715 2414 1837 2490 minue,
1869 2417 1993 2478 mortuo
2024 2430 2104 2478 eum.

106 2509 238 2566 oreetos
262 2519 334 2566 esse
362 2497 529 2578 homines,
557 2506 595 2564 ut
615 2498 703 2565 inter
724 2519 759 2566 se
780 2496 929 2582 diligunt.
972 2495 1085 2579 Quare
1135 2500 1165 2566 2.
1189 2499 1234 2565 Er
1260 2499 1365 2565 eamr
1385 2502 1430 2564 ert
1455 2497 1549 2581 furer
1570 2497 1705 2564 Ieboeob
1725 2500 1762 2564 irs
1784 2497 1917 2578 Rachel,
1950 2502 1978 2562 et
2006 2496 2107 2564 eme.-

105 2605 209 2652 nemo
243 2583 286 2650 eb
311 2583 377 2650 odii
410 2584 548 2650 erimine
579 2582 736 2650 innooens
768 2583 832 2649 erit
863 2602 972 2648 oorem
1001 2583 1083 2663 Deo,
1137 2584 1302 2666 Numquid
1324 2603 1387 2666 pro
1407 2582 1476 2649 Deo
1503 2603 1589 2660 seen,
1617 2585 1674 2665 pei
1696 2583 1860 2665 mobiduit
1879 2604 1901 2649 o
1921 2587 1949 2648 te
1966 2581 2106 2664 fmeem

104 2669 553 2823 tt'rtlettfflrttt?
574 2669 982 2838 tmffilttttt
1008 2667 1084 2820 lt
1133 2667 1424 2841 weldi
1442 2667 1643 2836 illidii
1656 2669 1877 2838 elmi
1895 2666 2106 2820 {bibile

104 2840 280 2927 neglectus
300 2842 457 2919 flauum,
478 2831 637 2924 et'frigus
658 2837 820 2918 ueritatis,
853 2837 939 2924 quod
960 2838 1083 2922 possim
1135 2842 1231 2908 etium
1260 2840 1340 2907 miti
1369 2803 1458 2922 filies
1483 2859 1522 2905 ee
1549 2861 1595 2907 ee.
1639 2840 1669 2907 d
1699 2839 1796 2907 Dedit
1826 2859 1896 2923 erpo
1927 2840 1957 2906 ee'
1983 2838 2106 2908 Betae

103 2937 229 3013 regnet
259 2929 296 2993 in
326 2924 460 2993 mundo.
514 2924 692 2992 Caeterum
723 2934 762 2992 nt
792 2924 916 3012 singuli
949 2924 1085 3009 propius
1135 2925 1284 2994 amellam
1308 2945 1402 2993 suom
1428 2927 1464 2992 r'rr
1488 2945 1634 3004 morere,
1663 2930 1691 2991 et
1718 2926 1881 3010 mpreesee
1907 2930 1952 2992 est
1972 2925 2016 2994 ad
2036 2947 2105 2992 eom

102 3015 197 3080 inter
218 3033 254 3079 se
274 3012 439 3080 ooniunoti
456 3019 549 3078 sunt:
569 3011 618 3077 itu
639 3009 747 3077 dende
767 3009 834 3078 illis
854 3029 954 3094 opere
974 3018 1084 3078 estut
1135 3011 1278 3078 Iebuoob.
1322 3009 1352 3078 5.
1375 3009 1420 3079 Et
1445 3013 1579 3092 erepit
1599 3011 1735 3091 Bilbub,
1764 3017 1794 3077 et
1814 3012 1938 3094 peperit
1962 3012 2029 3094 ipsi
2050 3012 2107 3078 Io·

103 3100 273 3166 semotiore
302 3097 422 3164 umoris
450 3116 539 3162 nexu
566 3096 654 3163 inter
675 3116 711 3163 se
739 3096 943 3164 ooheereent.
986 3094 1084 3162 Adde
1133 3098 1228 3166 bueob
1246 3096 1358 3175 tilium.
1394 3098 1424 3166 6.
1442 3095 1487 3162 El
1507 3097 1591 3164 dieii
1608 3095 1742 3164 Ruelel:
1763 3095 1922 3163 Iudieeeit
1939 3117 1988 3165 me
2004 3097 2104 3179 Deus,

102 3182 192 3269 quod
214 3185 302 3250 inter
322 3183 493 3268 ooniuges,
522 3181 654 3250 etiamsi
674 3190 786 3266 aperte
806 3202 874 3249 non
895 3180 1082 3261 dissideant,
1134 3184 1277 3252 etets'em
1301 3183 1425 3250 audivit
1448 3201 1549 3249 votem
1573 3202 1689 3262 marn,
1722 3187 1751 3249 et
1776 3182 1860 3249 dedit
1886 3182 1967 3249 mite·
1990 3183 2104 3267 filium,

102 3273 133 3338 si
156 3279 272 3337 temen
294 3269 403 3335 minus
430 3277 579 3334 amenter
603 3288 639 3335 ee
665 3267 793 3349 uolunt,
825 3267 995 3334 festidium
1015 3287 1083 3334 nou
1133 3270 1249 3337 ideireo
1269 3269 1388 3336 secund
1403 3287 1513 3335 nomem
1528 3268 1694 3335 eireeDem
1729 3268 1757 3333 7.
1776 3267 1821 3334 Er
1840 3270 1975 3351 concepit
1994 3269 2104 3352 auree,

100 3355 223 3442 prooul
247 3355 339 3421 abest
360 3352 402 3420 nb
418 3352 501 3420 odio.
1132 3360 1163 3421 et
1176 3355 1299 3440 peperit
1315 3353 1438 3421 Belem
1457 3353 1575 3421 oroellu
1593 3353 1711 3421 Rachel
1728 3353 1833 3437 filium
1850 3355 2018 3422 serendum
2037 3355 2105 3437 ipsi

192 3441 248 3507 32.
277 3439 405 3508 Vecooit
429 3458 539 3504 remeo
563 3439 632 3503 eim
655 3436 791 3504 Reubere.
835 3439 951 3506 Refert
971 3440 1082 3506 Moses
1133 3439 1278 3508 Iobeeob.
1315 3440 1343 3508 8.
1370 3439 1459 3506 Ture
1478 3439 1561 3506 esee
1578 3437 1710 3506 Recte:
1731 3439 1964 3507 Ledotiombue
1984 3440 2105 3508 divinis

99 3529 213 3596 heum
235 3547 304 3593 non
325 3526 425 3592 fuisse
446 3523 520 3589 Deo
546 3525 720 3610 ingratum.
763 3523 833 3592 Neo
862 3545 941 3591 enne
968 3523 1082 3593 dubito
1132 3525 1248 3595 teotolo
1278 3545 1350 3594 stem
1374 3545 1445 3594 eom
1469 3545 1574 3593 sorore
1601 3545 1685 3592 meo:
1715 3527 1810 3594 etiem
1837 3525 2016 3610 proevalet
2059 3525 2105 3592 Et

98 3614 187 3698 quin
207 3623 288 3678 tuno
301 3611 419 3678 melius
436 3629 581 3693 expense
597 3609 699 3694 vulgo
716 3610 840 3676 luerint
849 3611 913 3677 Dei
925 3609 1083 3678 bonefisio
1131 3613 1251 3680 roeoor't
1275 3632 1384 3682 emnem
1403 3612 1473 3678 eloe
1495 3609 1678 3694 Nopbtbole'.
1722 3611 1752 3678 9.
1783 3611 1872 3679 Vidit
1890 3617 1994 3682 eoem
2015 3610 2104 3678 Lesb

97 3720 207 3800 quem
240 3696 348 3764 bodie.
396 3695 558 3762 Prolonus
589 3696 679 3762 enim
711 3705 828 3795 stupor
854 3705 982 3763 mentes
1013 3697 1081 3772 lere
1131 3698 1214 3781 quod
1229 3701 1378 3798 oeseeesel
1386 3717 1512 3782 perere,
1533 3702 1562 3763 et
1576 3698 1693 3798 ueeepr't
1703 3697 1819 3780 Zrlpub
1835 3697 1984 3765 arellam
1999 3717 2102 3799 meum,

95 3804 264 3938 tritt
283 3779 843 3966 ttttttttttttttt,
864 3801 1082 3952 1Ἥέἓέ
1132 3783 1384 3952 irim
1400 3782 1553 3952 Wi-
1569 3783 2104 3952 ‘immittet

95 3957 211 4024 Porro
229 3955 301 4020 Iree
320 3974 387 4020 non
408 3952 504 4018 modo
525 3971 605 4020 sune
625 3950 855 4019 ioooundrtetrs
871 3953 981 4020 Deum
1003 3954 1082 4021 lueit
1132 3953 1236 4021 snt.-
1264 3954 1355 4022 Veru't
1375 3953 1478 4034 uerba,
1497 3955 1659 4022 etvoeoml
1674 3975 1784 4022 eornm
1799 3955 1868 4022 eius
1881 3954 1962 4021 (led.
1996 3955 2046 4020 12.
2057 3953 2104 4022 Et

95 4052 272 4120 autorem,
300 4038 359 4107 sed
387 4058 519 4105 oensem
540 4037 640 4104 simul
661 4039 818 4122 assignet,
841 4037 927 4122 quod
948 4039 1081 4106 afflietio
1124 4041 1250 4123 peperit
1281 4040 1401 4122 Zidpub
1435 4039 1552 4106 areolllu
1581 4039 1669 4107 Leob
1698 4041 1803 4123 filium
1840 4040 2006 4107 seeundum
2036 4042 2103 4126 ipsi

92 4149 163 4196 sue
185 4137 336 4211 respeotn
357 4124 457 4190 fuerit
478 4123 669 4203 eDomino,
691 4132 726 4189 et
746 4122 834 4209 lilius
855 4124 952 4190 fuerit
974 4123 1080 4204 detur,
1131 4125 1274 4192 Ioboeob.
1320 4126 1370 4192 13.
1393 4125 1438 4191 Er
1464 4125 1548 4191 erere
1573 4125 1677 4194 Leodr:
1711 4123 1751 4192 Ut
1775 4127 1865 4192 beato
1890 4126 1996 4207 diem,
2023 4129 2102 4210 quio

91 4214 160 4299 qui
195 4211 308 4278 meriti
347 4210 497 4276 effoetum
530 4208 571 4276 ed
603 4209 709 4293 ipsam
747 4217 928 4276 eonvertet.
984 4209 1080 4278 Unde
1130 4211 1252 4278 boetem
1267 4231 1316 4278 me
1331 4212 1433 4280 dicent
1447 4211 1542 4293 filiae.
1577 4209 1624 4278 Et
1642 4213 1761 4278 meavit
1775 4231 1885 4279 nornen
1900 4211 1991 4278 olliue
2006 4215 2099 4280 Aser.

91 4296 274 4384 probabile
294 4307 353 4374 est,
374 4315 477 4378 quum
498 4315 534 4362 se
555 4294 682 4361 videret
701 4296 882 4374 oontemui,
904 4295 946 4360 ed
967 4316 1079 4380 preoes
1132 4299 1182 4364 14„
1205 4297 1272 4364 Iot't
1292 4303 1395 4364 arden
1416 4295 1545 4362 Roudon
1565 4299 1602 4362 s'rr
1626 4296 1735 4364 eoem
1761 4299 1874 4365 messis
1894 4297 2047 4378 semeae,
2073 4303 2102 4366 er

88 4383 396 4553 ιιιι
1128 4385 1243 4536 ι
1258 4382 1545 4534 eruerer
1560 4382 2101 4550 ...ιι

87 4559 212 4624 mines
234 4561 310 4619 ente
330 4555 367 4619 in
388 4552 538 4636 preoibus
559 4552 779 4618 exerouorint:
800 4553 896 4620 eionti
918 4553 973 4636 qui
995 4554 1080 4618 nihil
1128 4555 1350 4638 „onerarere
1382 4552 1447 4634 fite·
1478 4553 1536 4619 lesi.
1581 4553 1631 4620 15.
1664 4553 1709 4619 Et
1740 4555 1822 4620 utre
1853 4555 1899 4620 ei:
1933 4553 2100 4636 Numquid

85 4663 111 4708 a
152 4641 232 4708 Deo
269 4647 444 4722 sperarunt
476 4657 538 4705 sus
567 4635 715 4703 sooordie
746 4636 890 4703 obruunt
921 4637 1079 4722 quidquid
1125 4660 1243 4722 porum
1262 4643 1308 4706 eet
1328 4639 1411 4720 quod
1438 4637 1606 4706 mortem
1633 4641 1737 4706 virum
1763 4659 1881 4719 merem,
1909 4644 1944 4704 ot
1968 4641 2100 4722 auferes

86 4728 266 4794 bonorum
288 4726 322 4789 in
350 4743 406 4790 eos
432 4723 616 4790 eontulerit.
660 4722 823 4806 Insoulpit
851 4744 929 4807 ergo
949 4724 1021 4790 Len
1041 4725 1077 4790 in
1127 4727 1222 4792 etiam
1238 4725 1467 4808 mandragorae
1480 4723 1545 4804 filei
1560 4721 1648 4792 mei?
1667 4723 1712 4790 Et
1727 4723 1955 4790 etetReeeez:
1972 4725 2097 4793 Idm‘reo

83 4831 245 4900 persone
265 4809 326 4876 filii
347 4803 530 4889 μνημόσυνον
551 4829 616 4892 quo
634 4829 668 4875 se
686 4806 803 4874 edDei
819 4807 933 4875 leudes
954 4811 1076 4876 inritet.
1126 4812 1262 4878 emmim
1292 4817 1396 4877 terrm
1420 4808 1478 4875 bae
1508 4815 1591 4876 noete
1615 4831 1676 4894 pro
1702 4809 1922 4894 mandragoris
1948 4811 2012 4892 fite
2039 4813 2097 4878 tui.

83 4901 209 4966 Donet
231 4895 331 4961 etiarn
352 4893 408 4960 hio
428 4894 518 4962 loeus
539 4894 657 4977 respioi
678 4895 858 4962 eDomino
880 4895 936 4977 qui
957 4895 1078 4963 iniuste
1129 4897 1179 4962 16.
1208 4894 1297 4962 Venit
1316 4901 1419 4962 eutem
1441 4893 1576 4962 Ieboeod
1597 4915 1637 4962 ee
1657 4896 1890 4980 spreveram,
1916 4895 1948 4960 'et
1973 4916 2099 4982 egresse

81 4985 136 5051 ab
181 4979 374 5048 hominibus
413 4988 625 5065 spernuntur.
679 4979 777 5047 Unde
808 4981 956 5064 opprime
985 4981 1077 5047 utilis
1126 4981 1269 5048 estLeob
1285 4981 1320 5046 ire
1336 4999 1497 5048 ooeersom
1513 4982 1591 5061 eires,
1608 4986 1637 5047 et
1652 4982 1748 5048 etet.-
1764 4981 1819 5048 Ae
1832 4981 2098 5066 miserereris:

81 5067 282 5139 consolatio
308 5064 395 5133 redit
414 5065 457 5132 ed
478 5064 604 5146 fideles,
632 5085 712 5149 quos
733 5073 771 5130 nt
796 5066 978 5150 plurimum
999 5085 1077 5131 oon·
1125 5067 1202 5150 qm'u
1223 5066 1386 5132 merendo
1413 5071 1549 5132 mereatu
1568 5087 1640 5133 eum
1660 5072 1689 5132 te
1705 5067 1801 5132 enee
1858 5067 1924 5134 ors'e
1942 5065 2007 5148 filet
2027 5069 2097 5134 mei.

81 5152 305 5238 temptibiles
321 5171 392 5218 esse
408 5153 445 5218 in
461 5150 585 5219 mundo
601 5152 805 5235 experientis
821 5150 976 5217 ostendit:
999 5171 1077 5236 ergo
1126 5152 1171 5218 Et
1190 5152 1338 5218 dorrnr'mt
1364 5171 1435 5218 eom
1455 5173 1492 5218 eo
1518 5156 1602 5220 reete
1622 5152 1689 5219 illo.
1735 5153 1785 5217 17.
1839 5151 1986 5218 erudivit
2006 5152 2096 5220 Deus
2173 5184 2174 5190 ¹

80 5240 234 5328 quoties
255 5235 380 5304 duriter
400 5258 439 5304 eo
468 5237 699 5304 oontumeliose
720 5245 918 5317 truotentur,
951 5235 992 5303 ed
1014 5236 1076 5305 hoo
1126 5237 1229 5319 Leols,
1268 5243 1297 5303 et
1331 5239 1484 5318 concepit,
1523 5243 1551 5305 et
1576 5239 1699 5322 peperit
1728 5238 1793 5319 ipsi
1826 5236 1961 5304 satane
1992 5238 2097 5320 filium

78 5326 235 5414 asylum
263 5323 464 5410 eonfugient,
495 5323 558 5389 heo
579 5321 619 5389 de
647 5342 744 5389 oeuse
765 5323 870 5408 megis
898 5322 1075 5406 propitium
1124 5325 1277 5407 quietem.
1310 5323 1360 5390 18.
1383 5323 1470 5390 Terre
1487 5324 1573 5390 dixit
1587 5323 1693 5391 Leob:
1710 5323 1807 5390 Dedr't
1824 5322 1913 5390 Deue
1929 5323 2096 5391 mercedem
