4988 6192
388 446 451 512 379
1044 444 1415 516 COMMENTARIUS
1438 448 1488 514 IN
1505 445 1719 514 GENESIN.
2308 445 2363 514 380

471 633 523 700 29.
546 629 763 700 Moledieenies
790 631 856 700 tibi.
906 633 1066 701 Memoria
1095 632 1273 701 tenendum
1302 649 1353 704 ιιι
1404 634 1482 702 dore
1503 635 1673 714 eonfusus,
1701 633 1800 702 simul
1828 641 1940 702 tamen
1968 631 2104 700 eolleote
2133 632 2243 700 animo
2265 643 2361 704 ratam

386 717 471 802 quod
492 718 583 802 prius
605 717 759 796 diximus,
782 740 847 784 non
870 739 940 786 esse
962 719 1043 786 haee
1065 719 1250 798 nudavota,
1273 742 1351 805 qua·
1404 740 1476 788 esse
1503 719 1761 789 benedietionem
1783 719 1930 805 agnoseit
1957 739 2053 804 qnam
2081 717 2279 802 protulerat:
2314 743 2362 790 nee

386 805 462 870 liter
483 803 587 869 solent
609 813 716 887 patres
738 802 820 871 bene
841 806 967 887 predari
989 805 1064 872 filiis
1086 805 1171 871 suis:
1198 805 1255 872 aed
1276 827 1352 890 pro·
1403 826 1482 873 vere
1511 805 1622 873 dubito
1651 806 1732 890 quin
1754 815 1833 872 tune
1853 805 2101 890 expergefaetus
2121 804 2157 870 in
2180 805 2361 874 memoriam

386 889 556 956 missiones
577 889 643 955 Dei
664 890 762 956 simul
790 911 860 956 esse
881 890 1034 958 inelueas.
1078 891 1164 958 Nam
1186 891 1279 960 Isaae
1304 892 1351 958 le·
1402 912 1556 960 revoeare
1578 891 1722 977 eoeperit
1742 891 1919 972 oraoulum,
1942 890 1995 957 oui
2015 892 2125 956 minus
2143 890 2362 959 attentusfue·

385 975 521 1062 gitimus
541 984 592 1040 est
613 973 676 1040 Dei
698 976 876 1060 interpres,
906 997 944 1043 ae
969 976 1103 1060 spiritus
1131 979 1235 1045 saneti
1256 997 1351 1064 erga·
1403 985 1466 1044 rat.
1516 976 1629 1060 Quare
1664 983 1815 1044 sanetum
1847 977 1956 1042 virum
1982 995 2049 1042 non
2077 973 2209 1058 impulit
2237 974 2361 1044 ambitio

386 1080 481 1128 num:
511 1059 647 1144 ideoque
668 1060 859 1141 effioaeiter,
888 1071 1043 1145 tanquam
1065 1082 1107 1129 ex
1125 1061 1190 1128 Dei
1213 1083 1351 1146 persona
1403 1069 1441 1128 ut
1463 1063 1513 1130 sui
1535 1063 1693 1148 propositi
1715 1061 1795 1128 adeo
1817 1070 1918 1130 tenax
1939 1069 2041 1128 esset:
2063 1066 2101 1128 ut
2120 1060 2295 1144 praeiraeti
2315 1063 2361 1130 ho

385 1145 576 1214 maledietos
602 1146 671 1212 fore
697 1149 891 1231 pronunoiat
917 1147 1101 1231 quicunque
1129 1147 1189 1214 filii
1211 1148 1351 1216 salutem
1403 1148 1634 1233 minessolent,
1655 1147 1743 1233 quod
1764 1147 1874 1225 semel,
1895 1147 1972 1216 lieet
1988 1145 2099 1230 stulte,
2120 1146 2267 1232 aggressi
2285 1159 2363 1250 snut,

385 1233 655 1317 oppugnaverint.
710 1229 824 1316 Itaque
858 1233 939 1302 haee
992 1232 1195 1302 remissionis
1227 1235 1351 1302 sanatio
1403 1232 1673 1302 adextremumu
1712 1255 1753 1300 ue
1763 1233 1923 1318 persequi,
1933 1231 1991 1300 sed
2002 1237 2135 1298 raraeet
2145 1231 2286 1300 eximiae
2297 1233 2363 1300 fider

385 1329 533 1470 ditat
554 1316 1352 1473 dimittatistttttlttt
1402 1317 1994 1472 ltltttffdttlffl
2010 1316 2362 1472 ”diffidit

385 1496 510 1574 speetat
538 1497 607 1555 tota
638 1487 871 1557 benedietiouis
903 1511 1039 1569 summa,
1072 1501 1111 1556 ut
1139 1490 1231 1558 Deus
1258 1512 1352 1558 servo
1404 1489 1535 1572 addioit,
1557 1499 1592 1557 ιι
1611 1489 1706 1558 illum
1727 1488 1963 1558 benedietionis
1994 1451 2071 1556 ιιι
2103 1488 2248 1572 prolatae
2282 1499 2362 1557 anto

386 1593 446 1642 suo
479 1573 576 1641 Iaeeb
606 1575 787 1641 benefieum
820 1595 857 1642 se
889 1576 923 1642 in
955 1576 1107 1643 omnibus
1138 1584 1266 1661 patrem
1295 1598 1352 1645 ex·
1404 1596 1475 1642 rem
1496 1595 1686 1662 agnosoens,
1709 1575 1851 1644 debitam
1872 1574 1922 1641 illi
1964 1573 2080 1641 leriam
2102 1573 2233 1656 tribuit,
2256 1581 2298 1642 ιι
2320 1595 2361 1642 re·

385 1660 513 1744 hibeat,
552 1669 590 1725 ut
621 1659 714 1727 illum
747 1661 926 1744 prinoipem
958 1663 1152 1743 eonstituat,
1188 1668 1223 1728 et
1255 1669 1352 1747 eaput
1404 1667 1545 1728 traetare
1566 1683 1632 1728 non
1653 1659 1779 1728 audeat.
1814 1661 1923 1745 Atque
1939 1596 2039 1727 buius
2058 1657 2227 1726 doetrinae
2247 1661 2363 1728 utilitas

385 1746 491 1814 saneti
513 1752 546 1812 et
567 1745 661 1812 eleoti
677 1745 804 1829 populi:
838 1759 875 1814 ut
896 1767 971 1812 enm
994 1757 1127 1813 tueatur
1148 1768 1208 1814 sua
1230 1747 1352 1815 virtute
1404 1744 1446 1812 ad
1468 1754 1570 1814 ιιιιιι
1593 1746 1761 1816 eoelesiam
1783 1748 1943 1831 pertinet,
1969 1751 2007 1812 nt
2028 1753 2115 1812 eerto
2137 1745 2281 1813 ιιιιιιιι
2303 1747 2363 1814 effi-

386 1853 424 1898 ao
455 1841 655 1915 propugnet,
696 1831 900 1917 salutemque
940 1833 1010 1899 eius
1047 1832 1208 1900 custodiat
1239 1843 1353 1902 eontra
1405 1851 1467 1932 ear
1484 1841 1519 1898 ιι
1540 1833 1656 1900 stabile
1673 1831 1743 1933 lore
1762 1830 1919 1916 quidquid
1930 1831 2002 1931 Dei·
2011 1829 2167 1898 mandato
2188 1830 2285 1898 nobis
2299 1852 2363 1916 pro·

387 1915 888 2087 οωῃιθὲωιῗιιιιιιιᾞιιιιιιιιι
909 2023 1050 2088 quotus
1074 2009 1150 2072 eret.
1202 2005 1267 2073 Hie
1295 2003 1352 2070 ad·
1403 1918 1717 2087 ιιιιιιιιιιῢιιιιιιιξιξ
1735 1937 2035 2086 ιιιιωιιιιξιιιιιιωιι
2046 1935 2121 2101 ruffi
2134 1915 2364 2086 ltitgtsiiuursrufflt

387 2086 474 2154 ditur
497 2086 656 2171 quemodo
678 2088 841 2170 repulsam
887 2109 979 2156 ιιιιιι
1000 2089 1098 2156 inerit
1119 2090 1224 2158 Ειιιι
1268 2111 1352 2174 quae
1404 2087 1489 2156 dato.
1533 2088 1648 2174 Neque
1677 2089 1765 2155 enim
1793 2089 1901 2156 obstat
1928 2087 2073 2154 ministra
2094 2087 2271 2155 infirmitas
2293 2089 2365 2172 quin

384 2172 629 2240 oiroumstautia
661 2171 702 2240 ad
727 2174 859 2240 sanoien
901 2195 934 2240 m
967 2173 1223 2244 benedietionem
1254 2175 1351 2243 Iaeob
1402 2174 1466 2241 Dei
1489 2173 1588 2240 verbo
1609 2181 1737 2242 ιιιιιιι
1757 2195 1818 2241 ιιι
1839 2173 1929 2254 fides,
1952 2173 2003 2242 ris
2024 2180 2059 2239 et
2084 2171 2229 2240 effeetus.
2275 2172 2363 2240 Gom·

384 2279 452 2326 non
472 2278 589 2342 parum
601 2256 712 2324 valuit.
745 2258 819 2326 Nisi
837 2258 926 2325 enim
942 2260 1132 2344 repudiatus
1150 2271 1236 2329 esset
1252 2261 1351 2342 llsau,
1403 2259 1558 2328 munibus
1574 2260 1715 2328 miseriis
1732 2269 1765 2326 et
1782 2260 1879 2326 morti
1895 2257 2056 2326 obnoxius
2068 2265 2125 2324 est
2143 2258 2199 2342 qui
2221 2265 2365 2325 aeternae

385 2343 490 2412 videri
519 2353 646 2428 peterat
674 2343 798 2411 honore
825 2344 971 2412 nondum
1003 2346 1150 2429 privatus
1178 2368 1274 2431 quem
1301 2346 1353 2412 illi
1402 2345 1568 2414 felioitatis
1590 2346 1723 2412 etvitae
1745 2363 1934 2428 sponsorem
1955 2365 1991 2412 se
2012 2343 2121 2410 offert:
2140 2343 2232 2427 atqui
2253 2343 2365 2410 nihilo·

386 2438 504 2498 natura
523 2428 629 2495 dabat.
672 2429 769 2497 Nune
789 2451 868 2496 vero
886 2430 1028 2498 deelarat
1048 2430 1158 2514 Isaeo,
1184 2433 1256 2499 fieri
1284 2453 1352 2499 nou
1403 2431 1514 2498 minus
1532 2429 1650 2498 effieax
1667 2437 1717 2498 est
1737 2431 1918 2515 promissio.
1963 2430 2119 2498 Peeoator
2135 2437 2186 2496 est
2202 2429 2261 2514 qni
2278 2448 2367 2496 noea

386 2535 491 2668 itt,
512 2515 608 2666 quil
624 2514 1353 2688 tttm,lluttlptttltttl‘ttlt
1402 2516 1711 2670 inimit‘biild‘
1731 2517 1859 2683 {tlt
1877 2514 2063 2668 {biddu
2076 2513 2366 2668 diffidi

386 2686 495 2765 fuisse,
518 2684 605 2770 qnod
624 2685 723 2753 Iaoeb
744 2687 844 2753 iratre
865 2687 1043 2772 praeterito
1064 2689 1352 2776 primogenituram
1402 2651 1573 2772 nunquam
1592 2686 1745 2756 labasoet.

386 2772 527 2839 obtinet:
560 2771 646 2837 Nam
666 2772 697 2838 si
718 2773 888 2857 utriusque
909 2793 1007 2858 opera
1028 2773 1116 2840 iuter
1137 2797 1172 2842 se
1193 2774 1352 2855 eonferas,
1489 2773 1541 2842 34.
1566 2771 1721 2842 (demovit
1751 2773 1884 2840 domm
1914 2791 2036 2857 mepte.
2087 2770 2231 2838 'l'ametsi
2260 2770 2296 2836 in
2317 2792 2365 2854 pe·

385 2858 477 2926 Esau
497 2858 585 2941 patri
606 2857 803 2941 obsequitur,
837 2857 980 2926 fruetum
1003 2859 1184 2927 venationis
1205 2881 1285 2928 suae
1306 2859 1353 2928 af·
1404 2857 1505 2926 tenda
1528 2858 1752 2926 benedietione
1773 2857 1919 2942 persistit
1931 2857 2033 2940 llsau,
2055 2856 2152 2923 simul
2171 2864 2283 2923 tamen
2301 2856 2366 2924 des·

386 2943 480 3022 fert,¹
496 2964 538 3008 ex
565 2941 686 3027 praeda
714 2943 823 3010 labore
850 2965 910 3010 suo
937 2951 1031 3029 parta
1052 2945 1159 3013 eibum
1186 2946 1272 3030 patri
1293 2966 1353 3014 sno
1405 2945 1584 3029 perationis
1612 2945 1743 3044 signum
1772 2943 1856 3010 edit:
1887 2963 1951 3026 quo
1978 2943 2017 3010 fit
2044 2949 2082 3008 ut
2102 2941 2187 3009 nihil
2210 2942 2366 3026 profitiat:

386 3030 505 3114 eoquit,
528 3027 610 3095 nihil
632 3029 696 3096 nisi
718 3050 795 3096 vere
815 3029 970 3096 affirmat:
996 3028 1135 3116 denique
1157 3031 1240 3097 nihil
1261 3033 1298 3097 in
1315 3053 1353 3098 eo
1428 3031 1481 3098 uia
1501 3051 1560 3114 per
1582 3029 1660 3096 fider
1681 3031 1813 3096 ianuam
1835 3049 1901 3096 uon
1928 3027 2122 3113 ingreditur.
2163 3027 2283 3094 Fletus
2304 3027 2368 3111 qni·

387 3115 531 3198 reperies
552 3135 618 3180 non
640 3112 736 3180 laude
757 3114 903 3200 dignum.
935 3115 1032 3184 Iaoob
1054 3116 1149 3185 domo
1166 3137 1232 3184 non
1244 3139 1352 3203 egres·
1404 3051 1479 3182 dem
1501 3135 1700 3200 magnosque
1720 3115 1879 3183 elamores
1895 3134 1975 3181 vera
1995 3133 2122 3198 quoque
2143 3114 2249 3197 pietas
2264 3112 2368 3212 expri-

387 3221 463 3281 sus,
484 3199 625 3266 hoedum
646 3220 705 3283 pro
727 3201 832 3266 lerina
853 3221 950 3267 earne
977 3202 1146 3286 supponit,
1175 3203 1354 3271 mendaeiis
1405 3201 1542 3268 mitDei
1564 3199 1650 3281 liliis,
1668 3199 1725 3268 sed
1747 3210 1798 3267 tre
1821 3199 1915 3268 idaus
1936 3200 2037 3280 Esau,
2059 3196 2242 3283 plenusque
2265 3199 2368 3266 fornu-

387 3307 423 3353 ιι
450 3283 598 3370 pluribus
625 3285 788 3367 insinuat,
821 3285 904 3353 nihil
935 3287 1031 3354 affert
1060 3287 1146 3372 quod
1179 3309 1255 3356 eum
1282 3290 1354 3356 iure
1406 3286 1481 3353 dine
1508 3287 1625 3353 eiulat:
1652 3293 1765 3372 postea
1792 3221 1925 3354 ιιιιιιιιο
1953 3288 1989 3352 ιι
2017 3305 2127 3353 aerem
2155 3292 2270 3352 votum
2292 3281 2370 3350 illud

387 3369 601 3448 commendet,
625 3371 736 3438 multis
753 3378 864 3438 autem
886 3373 921 3437 in
942 3373 1039 3441 rebus
1067 3373 1354 3458 reprehensionem
1405 3372 1542 3454 emittit,
1581 3380 1619 3439 ut
1645 3373 1715 3456 ipse
1755 3391 1882 3472 quoque
1914 3369 2173 3440 benedietionem
2204 3370 2367 3455 pereipiat.

387 3467 542 3523 meretur.
585 3456 698 3523 Fateri
724 3478 802 3543 ergo
831 3478 961 3526 neeesse
991 3467 1041 3525 est
1062 3479 1195 3527 eausam
1214 3469 1354 3528 eventus
1405 3458 1534 3542 Quibus
1567 3458 1674 3526 verbis
1703 3464 1892 3542 ooorgurtur
1919 3476 2016 3524 eaeoa
2043 3455 2114 3524 eius
2141 3455 2369 3524 ineredulitas:

387 3565 454 3608 non
477 3540 618 3626 pendere
639 3564 681 3609 ex
703 3541 864 3627 operibus,
887 3543 944 3611 sed
965 3544 1068 3612 latere
1089 3545 1124 3610 in
1147 3553 1279 3612 aeterno
1290 3545 1355 3613 Dei
1404 3565 1609 3628 numquam
1638 3544 1735 3610 unios
1764 3551 1892 3610 tantum
1918 3541 2100 3610 benedietio
2121 3540 2271 3626 deposita
2292 3543 2370 3608 foret

386 3628 529 3696 oonsilio.
585 3628 700 3712 Neque
733 3639 844 3695 ιιιιιι
877 3631 996 3696 iniuria
1030 3631 1223 3715 reprobatur
1254 3631 1353 3711 llsau,
1404 3629 1491 3714 apud
1513 3637 1656 3714 patrem,
1683 3628 1819 3696 alteram
1848 3629 1910 3695 sibi
1936 3627 2007 3696 dari
2028 3626 2189 3711 postulat,
2216 3625 2371 3711 quasiiu

386 3715 461 3798 quia
492 3713 657 3797 suseipere
686 3727 775 3782 reete
804 3715 913 3782 animo
941 3715 1024 3782 nibil
1053 3725 1190 3802 possunt
1210 3717 1266 3800 qui
1288 3736 1353 3784 non
1405 3717 1476 3782 eius
1508 3716 1644 3783 arbitrio
1676 3715 1721 3781 sit
1758 3714 1943 3799 promiseue
1980 3712 2094 3780 efflare
2133 3713 2372 3782 benedietiones

2460 166 2463 247 1

2458 297 2463 450 l

386 3808 547 3886 reguntur
569 3799 633 3866 Dei
654 3801 786 3883 spiritu:
816 3809 946 3868 tantum
974 3800 1056 3868 illud
1082 3803 1186 3868 fixum
1212 3809 1354 3882 maneat,
1404 3809 1534 3885 praeter
1556 3800 1620 3867 Dei
1638 3798 1840 3867 mandatum.
1885 3799 1951 3868 Hie
1977 3798 2071 3866 nobis
2091 3806 2264 3866 suoeurrat
2287 3802 2372 3882 Apo·
2466 3812 2467 3874 ι

386 3906 490 3970 quum
511 3885 656 3968 aequalis
685 3887 729 3951 sit
758 3887 904 3952 omnium
925 3886 1083 3967 ιιιιιιιι,
1111 3888 1233 3972 siquis
1259 3887 1355 3955 alteri
1405 3887 1480 3954 stoli
1512 3885 1707 3966 admonitio,
1740 3882 1826 3969 quod
1858 3885 1951 3952 assu
1981 3884 2137 3969 laerymis
2168 3893 2204 3952 ιι
2232 3885 2373 3953 ιιιιιιιι

386 3970 580 4056 praefertur,
604 3990 670 4036 non
692 3973 824 4056 proprio
845 3973 962 4039 merito
990 3973 1162 4052 exoellere,
1192 3973 1249 4041 sed
1278 3975 1355 4058 quia
1404 3972 1532 4039 ululatu
1554 3972 1708 4039 amissam
1725 3968 1982 4038 benedietionem
1996 3990 2180 4053 reposeens,
2202 3971 2373 4122 §beniten-

387 4078 463 4124 eum
486 4056 650 4124 Dominus
671 4059 815 4141 gratuito
838 4058 947 4143 elegit.
1405 4058 1469 4124 tiae
1491 4058 1598 4132 looum
1626 4054 2157 4144 noninvenerit(Heb.12‚li).
2234 4076 2293 4123 am
2321 4057 2374 4140 qui

474 4141 525 4208 33.
548 4140 594 4207 Et
613 4142 740 4225 erpaett
760 4142 865 4210 Ieooe.
909 4142 975 4210 Hie
1002 4143 1068 4209 iam
1098 4165 1211 4210 rursus
1238 4143 1356 4210 emieat
1406 4152 1577 4212 vosautem
1607 4141 1717 4209 Deum
1748 4143 1841 4226 sequi
1874 4141 2062 4227 negligunt,
2100 4140 2224 4208 frustra
2264 4151 2375 4227 postea

387 4226 468 4295 fides
508 4247 590 4312 quae
622 4226 658 4292 in
691 4227 787 4294 eorde
819 4230 924 4296 saneti
956 4228 1021 4295 viri
1053 4229 1210 4296 suffooata
1238 4230 1355 4310 luerat,
1406 4230 1515 4295 isum
1541 4229 1713 4310 inveeant,
1745 4227 1802 4294 ubi
1835 4237 1928 4314 terga
1959 4227 2069 4294 vertit
2111 4225 2288 4309 Quamdiu
2319 4247 2376 4294 ιιι

387 4333 554 4396 novasque
575 4312 734 4380 suintillae
756 4312 889 4397 profert.
939 4313 1009 4380 Neo
1038 4313 1125 4380 enim
1147 4314 1282 4382 dubium
1305 4326 1356 4382 est
1449 4316 1580 4400 oquitur
1602 4315 1702 4394 Deus,
1725 4321 1759 4380 et
1778 4312 1908 4392 invitat,
1930 4311 2168 4398 quodammodo
2189 4324 2308 4398 aperta
2329 4319 2376 4379 est

388 4400 469 4483 quin
497 4399 594 4464 timor
622 4397 677 4465 hio
702 4398 827 4465 oriatur
854 4420 894 4465 ex
923 4398 996 4466 fide.
1046 4399 1141 4466 Adde
1174 4399 1260 4484 quod
1289 4421 1354 4467 uon
1405 4401 1500 4485 regni
1519 4399 1683 4467 eoelorum
1704 4399 1821 4466 ianua:
1850 4398 1913 4466 hae
1933 4399 2176 4484 opportunitate
2203 4397 2375 4478 utendum,

386 4483 535 4570 vulgaris
556 4483 679 4550 aMose
701 4483 906 4560 deseribitur‚
926 4484 984 4551 sed
1005 4485 1062 4569 qui
1083 4492 1232 4552 sanetum
1247 4486 1355 4552 virum
1405 4485 1434 4554 ιι
1473 4485 1602 4570 ingredi
1640 4485 1791 4569 oupimns
1830 4482 2008 4552 seeundum
2053 4481 2137 4551 illud
2176 4483 2375 4569 prophetae:

387 4590 522 4656 prorsus
555 4569 729 4637 attonitum
756 4568 871 4637 reddit.
915 4571 1001 4637 Nam
1030 4592 1130 4654 quum
1159 4571 1221 4637 sibi
1253 4572 1354 4655 probe
1405 4571 1563 4654 Quaerite
1584 4570 1765 4639 Dominum
1785 4569 1863 4636 dom
1895 4568 2038 4637 inveniri
2068 4577 2190 4655 potest,
2220 4569 2378 4638 invoeate

386 4657 535 4723 eonseius
556 4655 600 4722 sit
625 4675 703 4722 suae
725 4656 920 4740 voeationis,
944 4677 983 4724 ae
1011 4654 1083 4722 ideo
1108 4676 1283 4740 persuasus
1311 4659 1355 4724 sit
1404 4677 1480 4724 eum
1503 4657 1581 4724 dum
1603 4677 1704 4740 prope
1731 4664 1781 4724 est
1801 4653 1891 4742 (aaa.
1914 4654 1967 4735 55,
1988 4654 2032 4755 6).
2076 4654 2181 4724 Ouius
2208 4655 2378 4740 interpres

386 4743 552 4810 iniunetas
569 4739 632 4808 sibi
653 4762 723 4808 esse
745 4740 905 4808 divinitus
925 4749 1035 4826 partes
1057 4742 1353 4826 nunenpandihae-
1404 4742 1538 4822 Paulus,
1561 4753 1689 4826 tempus
1710 4741 1908 4826 aeoeptabile
1927 4749 1962 4808 ιι
1983 4741 2069 4808 ιιιιι
2091 4741 2206 4808 salutm
2222 4762 2306 4809 esse
2329 4739 2379 4808 de·

388 4826 490 4910 redis,
524 4825 610 4910 apud
643 4848 739 4911 qoem
773 4827 885 4894 foedus
917 4827 1004 4894 vitae
1032 4837 1183 4894 aeternae
1204 4827 1353 4912 deponat,
1404 4829 1493 4907 linit,
1524 4848 1623 4912 quum
1652 4827 1747 4894 nobis
1776 4848 1836 4912 per
1864 4826 2071 4912 evangelium
2101 4826 2240 4894 offertum
2271 4829 2380 4912 gratia

388 4913 518 4998 eoguito
540 4932 599 4978 suo
621 4933 730 4979 errore
752 4914 956 4996 erpaveeoit:
987 4913 1183 4997 qnodinre
1206 4923 1354 4981 tantast
1404 4912 1438 5000 (2
1466 4914 1541 4981 (lor.
1575 4913 1605 4994 5,
1642 4911 1703 5000 17).
1754 4912 1822 4996 Qui
1854 4920 1983 4996 tempus
2015 4910 2097 4978 illud
2128 4911 2213 4978 elabi
2249 4915 2379 4989 sinunt,

389 5010 457 5066 tam
478 4997 564 5065 seria
584 5009 700 5082 passus
722 4998 766 5064 sit
788 4998 879 5066 Deus
900 5000 1006 5082 ipsum
1025 5019 1143 5066 errare.
1174 4999 1248 5066 Nisi
1265 5001 1353 5066 enim
1403 5020 1476 5067 sero
1508 4997 1625 5065 deinde
1656 5011 1691 5066 et
1719 4997 1791 5066 siue
1817 5000 1963 5082 proiectu
1992 4999 2138 5081 pulsant:
2172 4997 2253 5082 quia
2286 4999 2379 5066 Deus

388 5092 571 5168 reputasset
602 5084 711 5150 Deum
742 5084 842 5150 fuisso
872 5084 969 5151 huius
998 5085 1134 5152 aetionis
1163 5085 1353 5169 praesidem,
1403 5105 1515 5152 eorum
1537 5083 1716 5152 soeordiam
1739 5084 1915 5151 uleisoitur.
1960 5081 2156 5150 'limandum
2177 5103 2263 5168 ergo
2286 5084 2380 5150 nesi

389 5170 466 5256 quid
498 5168 649 5236 obstabat
680 5169 853 5254 quominus
884 5171 1105 5255 ignorantiam
1139 5181 1353 5255 praetexeret,
1403 5179 1608 5255 praesentem
1635 5170 1696 5236 Dei
1719 5191 1831 5237 vooem
1852 5169 1961 5236 surdis
1984 5166 2116 5236 auribus
2140 5168 2282 5236 effluere
2306 5171 2384 5237 sini·

389 5267 487 5342 atque
516 5255 616 5323 etiam
644 5255 892 5323 exoandesoeret
914 5257 947 5321 iu
969 5255 1083 5336 Iaoob,
1110 5257 1166 5340 qui
1187 5255 1300 5323 fraude
1322 5267 1354 5323 et
1403 5276 1494 5338 mus,
1521 5256 1592 5340 ipse
1614 5255 1758 5322 vioissim
1782 5254 1900 5322 surdus
1922 5256 1966 5322 sit
1987 5252 2028 5320 ad
2050 5254 2204 5322 elamores
2229 5265 2380 5323 nostrus.

389 5343 484 5410 malis
506 5339 630 5408 artibus
657 5339 867 5425 obrepserat?
911 5343 1036 5446 yerum
1066 5342 1186 5408 erroris
1215 5345 1267 5409 sui
1293 5363 1352 5426 pu·
1405 5340 1473 5410 Sed
1495 5341 1665 5428 quaeritur
1685 5340 1846 5425 quomodo
1867 5361 1941 5409 eum
1962 5338 2024 5406 hae
2048 5340 2178 5425 repulsa
2196 5342 2383 5423 promissio
