4962 6192
370 435 438 502 595
1035 435 1406 506 COMMENTARIUS
1429 435 1479 502 IN
1501 435 1715 505 GENESIN.
2306 435 2367 502 596

373 625 542 692 hominem
564 625 764 706 obtendunt,
793 629 849 711 qui
869 627 932 694 sibi
952 626 1040 710 apud
1057 648 1204 694 erassum
1227 626 1348 711 vulgus
1399 626 1494 692 initio
1529 627 1691 705 violenta,
1732 635 1764 691 ιι
1800 646 1905 709 usque
1943 625 1979 691 in
2018 627 2118 691 linem
2157 623 2367 708 implacabilis

373 712 562 794 aequisierit
582 713 767 796 imperium.
801 711 868 780 Sed
885 715 913 779 si
930 713 993 780 hoe
1010 715 1211 797 propositum
1223 712 1346 791 habuit,
1399 712 1507 778 fuerit.

372 816 434 861 our
466 817 534 861 non
564 799 663 862 etiam
692 800 861 882 prospexit
892 798 981 865 suis?
1026 799 1129 864 Filios
1161 799 1280 882 quibus
1311 798 1347 862 in
1484 797 1640 864 Dividam
1660 817 1710 864 ιιι
1730 797 1766 864 iu
1787 795 1932 863 lauet.
1967 795 2083 860 Videri
2110 795 2240 878 quidem
2262 804 2368 879 posset

372 881 513 948 sublime
542 882 702 950 vehendis
730 905 862 967 operam
899 885 977 950 dare
1013 886 1171 951 suasisset
1202 883 1347 963 ambitio,
1398 883 1540 949 absurda
1560 884 1642 948 ιιιι
1662 883 1754 961 ratio,
1777 881 1969 967 quodlaeob
1990 881 2074 947 lilios
2091 881 2246 947 ordinans
2268 882 2368 949 eoele-

372 968 547 1034 saeerdotii
568 967 691 1034 honore
713 969 876 1049 abdioans,
898 970 940 1036 ad
962 971 1088 1036 humile
1109 981 1143 1036 et
1159 972 1348 1055 gregarium
1398 969 1465 1034 siae
1487 969 1705 1053 patriarohas,
1728 977 1760 1034 ιι
1781 967 1885 1034 divini
1907 967 2045 1034 foederis
2067 967 2224 1034 haeredes
2245 990 2367 1035 nunon-

373 1053 593 1119 ministerium
616 1054 754 1140 ablegat.
799 1056 884 1138 Quis
906 1077 972 1122 non
994 1056 1085 1124 videt
1106 1055 1216 1122 divino
1238 1057 1347 1139 potius
1398 1074 1499 1137 pane,
1531 1053 1794 1120 maledictionem
1821 1054 1902 1137 ipsis
1931 1053 2108 1120 denunoiat
2136 1055 2251 1120 beatae
2271 1055 2366 1120 sortis

372 1140 510 1206 oonsilio
538 1160 638 1223 quam
666 1141 813 1208 humana
838 1141 1016 1227 prudentia
1048 1164 1219 1209 oeeursum
1248 1142 1347 1207 fuisse
1398 1141 1477 1205 loeo.
1521 1140 1662 1208 Neeesse
1684 1152 1795 1206 tamen
1817 1139 1880 1205 fuit
1901 1159 1922 1203 a
1943 1139 2156 1223 eastigatione
2184 1161 2260 1204 eum
2285 1141 2366 1206 inei·

371 1225 484 1309 impiis
517 1225 711 1292 calumniis?
745 1227 882 1311 ideoque
914 1228 1038 1293 honore
1071 1229 1215 1311 privatos
1246 1225 1347 1293 fuisse
1397 1246 1484 1308 pere,
1503 1244 1584 1309 quae
1601 1226 1709 1292 looum
1725 1225 1850 1292 faeeret
1866 1225 1990 1308 gratiae
2001 1226 2075 1302 Dei,
2097 1225 2367 1308 quemadmodum

372 1312 497 1376 summi
520 1323 552 1376 et
581 1312 758 1395 singularis
785 1315 849 1378 viri
876 1312 1048 1393 haeredes,
1081 1334 1122 1378 ne
1152 1314 1279 1396 quain
1308 1333 1347 1378 eo
1398 1314 1433 1374 in
1455 1313 1522 1376 fine
1539 1312 1654 1396 eapitis
1672 1312 1791 1377 iterum
1811 1321 1973 1394 repetam:
1995 1331 2224 1394 poenamvero
2241 1311 2368 1412 mitigat
2449 1315 2450 1322 ’

371 1396 509 1463 sinistra
526 1397 676 1463 haereret
694 1399 856 1482 suspieio?
876 1400 1001 1464 Verum
1021 1407 1057 1464 ut
1074 1407 1199 1465 taeeam
1212 1399 1252 1464 de
1269 1398 1347 1463 filiis
1398 1395 1500 1475 Deus,
1523 1395 1601 1462 dum
1623 1397 1840 1464 honorifioum
1862 1396 1928 1461 illis
1945 1397 1980 1461 in
1998 1396 2134 1462 eoelesia
2151 1418 2278 1476 nomen,
2300 1419 2366 1462 rus·

372 1490 408 1547 et
434 1484 620 1566 nepotibus,
652 1483 737 1567 qnod
765 1485 800 1550 in
827 1505 967 1568 persona
994 1486 1079 1551 Levi
1107 1494 1213 1551 totum
1242 1505 1347 1569 genus
1398 1503 1460 1566 que
1482 1483 1648 1568 integrum
1666 1484 1837 1565 relinquit:
1859 1482 2139 1549 imoinoredibilie
2155 1484 2226 1549 eius
2243 1481 2367 1548 bonitas

372 1587 470 1634 suum
492 1568 643 1648 traducit,
669 1569 704 1634 in
727 1591 764 1636 eo
787 1591 961 1655 agnoscere
983 1570 1059 1636 lieet
1081 1591 1146 1636 non
1169 1572 1346 1649 hominem,
1398 1590 1440 1634 ex
1461 1569 1644 1652 inoptinato
1665 1568 1802 1648 refulsit,
1824 1568 1903 1634 dum
1926 1588 2030 1650 poena
2041 1568 2126 1636 Levi
2145 1569 2179 1634 in
2198 1569 2367 1636 saeerdotii

371 1653 431 1720 sed
452 1654 606 1739 angelum
627 1656 785 1721 instinotu
808 1657 943 1740 spiritus
965 1657 1071 1722 saneti
1094 1657 1292 1738 loquentem,
1314 1667 1347 1720 et
1397 1657 1579 1737 praemium
1601 1655 1665 1719 fuit
1686 1675 1854 1722 eonversa.
1887 1654 2057 1736 Dispersio
2087 1654 2193 1720 tribus
2219 1655 2367 1720 levitieae

371 1760 493 1823 purum
514 1742 604 1805 omni
626 1743 734 1806 earnis
756 1743 884 1808 affeetu.
929 1740 1106 1808 Caeterum
1135 1743 1246 1825 priore
1275 1741 1346 1808 loeo
1399 1741 1575 1806 aerimine
1603 1739 1706 1823 patris
1734 1738 1848 1806 habuit
1876 1740 2037 1825 originem
2065 1760 2107 1805 ne
2128 1739 2191 1806 sibi
2212 1761 2368 1823 perversa

373 1825 415 1890 de
450 1827 588 1892 erimine
626 1828 837 1909 pronuntiat:
878 1827 994 1893 deinde
1029 1849 1167 1911 poenam
1206 1827 1345 1892 subiicit.
1397 1825 1578 1910 illicitaque
1599 1825 1747 1892 vindiota
1767 1826 1918 1909 plaeeret.
1953 1825 2059 1908 Atqui
2072 1825 2174 1904 Deus,
2197 1827 2250 1910 qui
2271 1827 2367 1892 initio

372 1909 509 1976 Orimen
538 1921 603 1990 est,
632 1913 717 1995 quod
746 1935 838 1979 arma
866 1913 1043 1980 violentiae
1074 1915 1141 1980 sint
1169 1915 1202 1979 in
1232 1933 1346 1978 eorum
1398 1911 1555 1996 produxit
1581 1911 1688 1977 lueem
1717 1932 1735 1976 e
1764 1911 1924 1989 tenebris,
1953 1931 2084 1978 eausam
2111 1911 2210 1977 aliam
2239 1912 2368 1978 invenit

372 1995 608 2062 tabernooulis:
641 1998 777 2081 ideoque
804 2006 944 2066 testatur
965 2020 1000 2065 se
1023 2011 1089 2064 tam
1112 2000 1227 2083 lingua
1248 2020 1346 2082 quam
1398 2019 1459 2064 our
1475 1998 1613 2081 dispersi
1631 2007 1741 2063 essent
1758 1997 1824 2064 hue
1841 2008 1874 2063 ιι
1891 1997 1969 2062 illue
1986 1997 2135 2075 Levitae,
2153 2016 2220 2063 non
2238 2009 2367 2064 tantum

373 2081 471 2148 eorde
500 2082 675 2148 abhorrere
703 2084 744 2149 ιι
774 2105 886 2151 eorum
917 2085 1068 2164 oonsilio,
1100 2087 1176 2167 qnia
1205 2104 1263 2167 pro
1287 2103 1348 2151 sua
1398 2084 1520 2167 absque
1542 2083 1675 2166 probro,
1706 2083 1762 2150 sed
1791 2082 1988 2150 etiamnum
2011 2101 2130 2167 magno
2159 2083 2298 2163 honore,
2328 2105 2367 2149 ne

373 2167 510 2234 libidine
534 2169 646 2235 urbem
669 2190 734 2234 una
755 2192 830 2236 eum
852 2171 967 2237 ineolis
985 2171 1176 2238 exciderint.
1210 2170 1250 2234 In
1273 2190 1346 2235 ver·
1398 2169 1472 2252 quis
1494 2169 1619 2235 scilieet
1640 2179 1748 2234 terrae
1769 2168 1911 2253 angulus
1941 2167 2050 2251 probis
2073 2168 2256 2236 dootoribus
2277 2190 2367 2236 eare-

373 2253 424 2320 bis
447 2253 644 2320 dissentiunt
665 2257 869 2339 interpretes.
914 2256 999 2321 Nam
1019 2271 1121 2326 nitate
1143 2255 1276 2339 quidam
1299 2275 1349 2320 se-
1398 2265 1458 2322 ret.
1509 2254 1659 2338 Denique
1693 2254 1911 2338 speoulatores
1943 2273 1999 2320 eoe
2029 2267 2063 2319 ιι
2094 2254 2273 2337 praefantes
2308 2277 2366 2321 suo

374 2340 502 2423 oipiunt
533 2360 593 2424 pro
626 2340 758 2424 gladiis,
791 2343 882 2425 quasi
915 2342 1052 2408 dixisset
1078 2342 1193 2418 Iaeob,
1221 2339 1347 2426 gladios
1398 2342 1530 2406 nomine
1547 2341 1581 2404 in
1601 2341 1740 2424 singulis
1758 2340 2094 2423 partibuseonstituit,
2116 2361 2155 2407 ae
2171 2341 2200 2406 si
2217 2348 2366 2407 aeternae

373 2426 521 2510 ipsorum
546 2425 704 2492 scelerate
732 2427 832 2494 fnisse
853 2428 993 2510 pollutos
1014 2429 1176 2511 sanguine
1197 2427 1347 2492 innoxio:
1398 2427 1513 2492 salutis
1530 2446 1641 2491 semen
1662 2425 1779 2508 ubique
1796 2433 1976 2510 spargeret,
1995 2425 2050 2491 vel
2063 2426 2226 2492 emitteret
2242 2427 2366 2510 gratiae

373 2509 432 2577 sed
455 2511 575 2576 reetius
596 2513 743 2576 sentiunt
765 2514 821 2596 qui
843 2522 977 2580 vertunt
995 2510 1227 2580 habitationes:
1260 2535 1298 2578 ιι
1319 2512 1348 2576 si
1398 2533 1476 2578 suae
1497 2512 1674 2578 ministros.
1719 2510 1815 2578 Unde
1836 2512 2019 2595 oolligimus
2042 2521 2165 2595 quanto
2192 2511 2241 2578 illi
2262 2515 2367 2598 magis

375 2594 523 2674 dixisset,
545 2598 702 2664 iniustam
720 2599 785 2662 vim
805 2619 905 2682 penes
923 2619 977 2664 eos
996 2599 1151 2679 habitare,
1175 2600 1250 2682 quia
1267 2597 1348 2664 adeo
1399 2598 1540 2681 optabile
1562 2597 1660 2664 fuerit
1681 2596 1834 2681 castigari
1855 2597 1897 2662 ad
1918 2607 2049 2680 tempus
2070 2598 2106 2662 in
2128 2619 2226 2664 suum
2246 2598 2366 2665 bonum

374 2682 579 2766 sanguinarii
600 2684 740 2749 fuerant.
776 2685 895 2750 Vooem
917 2697 981 2754 ιι)
1002 2706 1061 2768 pro
1079 2685 1192 2770 lingua
1209 2685 1347 2768 positam
1399 2703 1499 2765 quam
1519 2685 1653 2764 impune
1680 2683 1715 2746 in
1742 2691 1874 2766 peoeato
1902 2703 1961 2748 suo
1990 2684 2149 2748 iaoontem
2171 2693 2366 2766 putrescere.

374 2788 447 2834 esse
476 2775 514 2833 ut
541 2767 616 2834 aliis
644 2769 740 2849 loeis,
772 2790 839 2835 non
869 2769 997 2837 dubito:
1031 2779 1128 2854 atque
1156 2772 1205 2836 ita
1232 2789 1347 2835 sensns
1399 2768 1469 2834 Neo
1489 2789 1567 2834 vero
1588 2767 1766 2835 absurdum
1787 2778 1847 2846 est,
1870 2788 1971 2851 quum
1990 2767 2196 2835 distribuitur
2218 2777 2316 2851 terra,
2336 2780 2366 2836 ιι

373 2852 483 2920 olarus
505 2863 564 2930 est,
587 2854 781 2936 qnodIaeob
804 2877 847 2920 ιι
864 2857 974 2921 animo
989 2855 1169 2922 detestetur
1182 2863 1346 2939 patratum
1400 2853 1529 2920 Levitis
1552 2853 1674 2920 dantur
1696 2854 1794 2920 urbes
1815 2854 1928 2936 prooul
1957 2854 2045 2919 inter
2065 2877 2101 2920 se
2130 2854 2278 2936 dissitae,
2307 2856 2366 2922 hae

374 2960 396 3003 a
416 2939 492 3005 filiis
514 2939 636 3018 seelus,
660 2961 702 3005 ne
724 2939 827 3006 ullum
850 2961 1018 3008 assensum
1047 2941 1161 3027 lingna
1183 2941 1346 3026 praebeat.
1400 2961 1499 3007 eausa
1531 2960 1721 3023 suppressa,
1760 2938 1922 3006 diversam
1953 2959 2087 3021 prorsus
2119 2939 2250 3020 adduei,
2283 2941 2366 3024 qnod

376 3023 475 3105 Quod
496 3024 569 3090 ideo
591 3025 670 3090 saoit
691 3034 729 3091 ut
747 3026 809 3092 sibi
838 3025 1008 3110 displioere
1037 3028 1208 3111 insipient,
1237 3037 1269 3093 ιι
1291 3025 1349 3091 alii
1399 3027 1562 3093 Dominus
1588 3026 1632 3091 sit
1653 3026 1798 3110 ipsorum
1825 3024 2019 3092 haereditas.
2063 3025 2150 3092 Nam
2177 3027 2238 3092 hoe
2265 3048 2366 3093 unum

375 3129 491 3176 omnes
513 3111 587 3176 odio
610 3110 731 3176 habere
753 3111 880 3179 disoant
908 3113 1077 3196 perfidiam
1106 3135 1181 3180 oum
1210 3112 1349 3178 saevitia
1400 3132 1472 3178 esse
1494 3133 1535 3176 ex
1548 3110 1612 3177 Dei
1631 3112 1796 3176 miraoulis
1814 3133 1920 3194 nuper
1938 3111 2014 3188 dixi,
2038 3112 2144 3178 luoem
2167 3132 2210 3177 ιι
2228 3113 2366 3179 tenebris

375 3195 594 3262 ooniunotam.
637 3196 748 3262 Furor
768 3199 880 3280 proeul
894 3197 990 3264 dubio
1008 3219 1199 3282 perversum
1222 3206 1255 3264 ιι
1276 3217 1348 3263 ιιι·
1400 3197 1555 3282 proferre.
1602 3195 1640 3263 Si
1669 3197 1841 3263 damnatus
1872 3206 1958 3262 esset
1980 3197 2065 3263 Levi
2091 3199 2126 3262 in
2154 3198 2366 3282 longinquum

375 3300 452 3346 oum
473 3280 543 3347 irae
564 3282 723 3365 impetum
745 3285 917 3367 signifieat.
954 3284 1073 3351 Libido
1096 3293 1215 3365 autem,
1238 3283 1348 3349 mode·
1401 3284 1562 3361 exsilium,
1585 3282 1647 3348 hae
1668 3303 1773 3365 poena
1792 3293 1863 3348 erat
1884 3282 2111 3366 dignissimus:
2142 3305 2231 3350 nune
2251 3284 2366 3370 grade-

376 3378 469 3434 ιιιιι
499 3368 618 3432 rationi
650 3369 841 3452 opponitur,
875 3372 950 3453 qnia
983 3371 1073 3437 nullo
1105 3372 1177 3438 iure
1210 3369 1350 3456 grassati
1400 3371 1460 3435 tim
1472 3370 1564 3434 Deus
1580 3368 1629 3433 illi
1647 3369 1759 3453 paruit,
1777 3368 1856 3433 dum
1874 3369 1974 3434 vitam
1992 3369 2163 3435 erratieam
2181 3369 2217 3434 in
2234 3381 2368 3452 paterna

376 3461 465 3520 sunt.
519 3452 562 3518 In
593 3473 674 3519 voee
713 3475 841 3538 quoque
873 3469 935 3526 ιιι)
972 3457 1103 3524 variant
1141 3458 1349 3540 interpretes.
1401 3455 1602 3521 haereditate
1630 3456 1785 3538 assignat.
1836 3452 1965 3520 Deinde
2001 3455 2139 3520 remissa
2170 3456 2366 3540 ignominiae

375 3537 522 3622 Quidam
542 3549 674 3604 taurum
698 3549 840 3620 vertunt,
863 3561 900 3607 ao
921 3549 1041 3624 putant
1057 3542 1228 3628 allegoriae
1245 3541 1352 3606 notari
1400 3549 1492 3620 nota,
1523 3547 1668 3624 posteros
1689 3542 1759 3606 eius
1780 3538 1842 3606 sub
1869 3539 2055 3623 praeelarae
2081 3541 2256 3625 legationis
2278 3543 2366 3608 titulo

377 3625 585 3705 Siehimitas,
619 3626 695 3708 quia
727 3626 808 3692 satis
839 3625 965 3693 robusti
997 3636 1031 3693 et
1058 3629 1159 3694 validi
1188 3635 1283 3694 erant
1309 3627 1351 3693 ad
1398 3627 1436 3692 in
1464 3627 1610 3693 diversas
1636 3637 1745 3709 partes
1773 3625 1937 3692 amandat.
1981 3625 2023 3690 In
2052 3623 2207 3693 Simeone
2238 3628 2367 3694 damvit

378 3710 534 3779 tuendam
558 3713 670 3792 vitam,
693 3711 756 3777 nisi
775 3711 975 3779 eosSimeon
999 3722 1031 3778 ιι
1053 3714 1139 3781 Levi
1157 3736 1216 3780 sua
1238 3713 1352 3778 fraude
1400 3711 1579 3796 quoddam,
1607 3711 1684 3778 hest
1705 3711 1894 3791 obseurum‚
1918 3709 2156 3779 maledietionis
2177 3714 2366 3798 vestigium:

378 3807 413 3864 et
434 3796 571 3881 perfidia
586 3806 810 3864 enervassent.
844 3796 911 3864 Sed
930 3799 1062 3866 diversa
1078 3801 1238 3882 expositio
1255 3798 1351 3882 longe
1400 3798 1477 3882 quia
1497 3798 1574 3864 filiis
1595 3797 1666 3862 eius
1683 3818 1750 3864 non
1768 3797 1904 3881 oontigit
1931 3805 2018 3864 sorte
2039 3798 2170 3881 propria
2187 3801 2292 3884 regio:
2314 3799 2369 3865 sed

378 3893 429 3951 est
449 3883 567 3966 aptior,
589 3883 674 3966 quod
696 3903 828 3948 murum
850 3883 1079 3951 subverterint.
1113 3886 1198 3952 Nam
1221 3884 1351 3951 seelerie
1400 3884 1503 3951 tribui
1525 3881 1627 3950 Indae
1648 3884 1783 3948 fuerunt
1805 3883 1969 3965 permixti,
1995 3883 2093 3950 ιιιιιί
2114 3883 2254 3952 habetur
2275 3886 2368 3954 Ioaue

378 3971 584 4036 atrooitatem
606 3967 683 4034 inde
705 3971 883 4052 amplificat
898 3969 1004 4052 Ιιιιι,
1026 3971 1110 4056 quod
1134 3992 1175 4036 ne
1196 3971 1352 4036 aedificiis
1402 3971 1453 4047 19,
1476 3973 1504 4038 l.
1548 3968 1668 4036 Postea
1689 3968 1827 4052 profeoti
1855 3969 1889 4032 in
1912 3976 2058 4034 montem
2081 3968 2197 4050 Sehir,
2227 3973 2369 4056 expulsis

379 4055 512 4140 quidem
533 4054 738 4139 pepercerint
759 4056 828 4121 filii.
1207 4121 1210 4132 ,
1399 4054 1478 4123 inde
1490 4054 1688 4134 Amaleeitis,
1711 4075 1824 4120 eorum
1841 4053 1966 4119 ditione
1987 4055 2080 4138 potiti
2101 4064 2190 4135 sunt,
2213 4065 2249 4124 ut
2269 4061 2368 4144 serip-

466 4141 496 4206 t.
531 4139 719 4206 Maledictus
736 4141 828 4222 saror
848 4161 962 4209 emm.
997 4142 1188 4211 Tenendum
1211 4149 1263 4209 est
1284 4161 1351 4208 me-
1402 4153 1474 4209 tum
1496 4154 1546 4208 est
1567 4141 1596 4206 1.
1616 4139 1738 4208 Obron.
1761 4160 1829 4223 oap.
1852 4140 1883 4218 4,
1906 4139 1958 4205 40.
2004 4141 2068 4206 Ηίι
2094 4142 2195 4207 etiam
2217 4149 2368 4229 perspiti-

379 4227 485 4293 moria
506 4224 592 4310 quod
614 4223 691 4304 dixi,
714 4225 872 4292 divinitus
889 4247 950 4292 nos
967 4229 1093 4294 moneri
1110 4248 1169 4311 per
1190 4249 1226 4294 os
1248 4228 1353 4294 saneti
1402 4249 1477 4295 mus
1497 4247 1594 4311 quam
1615 4225 1782 4292 heroieum
1804 4225 1905 4302 fuerit
1926 4234 2038 4310 pentus
2058 4228 2165 4292 saneti
2186 4227 2293 4311 Iaoob,
2316 4233 2369 4316 qui

379 4313 574 4398 prophetae,
604 4323 641 4377 ut
667 4313 708 4378 ab
736 4311 886 4378 omnibus
909 4312 1067 4396 improbis
1088 4315 1232 4382 eonsiliis
1254 4314 1352 4380 alieni
1403 4313 1588 4397 deerepitns
1606 4329 1707 4378 senex
1724 4319 1757 4378 et
1773 4312 1877 4396 exsul,
1898 4313 1935 4377 in
1956 4312 2086 4396 privato
2103 4323 2137 4380 ιι
2153 4314 2289 4398 ignobili
2307 4316 2368 4382 lee-
2449 4363 2450 4392 ,

380 4401 496 4465 simne.
540 4398 613 4462 Vae
633 4397 830 4480 pronunciat
846 4397 942 4464 laeob
963 4399 1095 4465 illorum
1118 4401 1236 4466 furori:
1259 4420 1353 4483 quor·
1403 4401 1473 4466 tulo
1507 4398 1717 4476 deoumbens,
1750 4407 1859 4464 tamen
1893 4398 1988 4480 quasi
2020 4419 2062 4464 ex
2094 4399 2229 4466 sublimi
2261 4423 2314 4469 ma
2359 4405 2369 4468 i

381 4505 455 4550 sum
478 4484 550 4564 hoo,
573 4483 637 4549 nisi
659 4493 697 4548 ιι
717 4483 868 4549 fraenum
890 4484 951 4550 eibi
973 4485 1030 4550 alii
1051 4484 1215 4566 iniioiant,
1237 4496 1271 4552 ιι
1292 4485 1353 4552 sibi
1402 4486 1490 4570 regis
1522 4484 1603 4550 solio
1635 4483 1820 4565 provintias
1858 4482 1934 4550 filiis
1965 4485 2033 4551 suis
2070 4483 2246 4552 adiudieat.
2336 4510 2370 4554 oe

382 4581 521 4637 eaveant
553 4591 573 4634 a
611 4569 670 4634 tali
706 4568 867 4635 saevitia?
922 4569 1120 4655 Quanquam
1158 4570 1210 4657 (ut
1248 4592 1354 4656 nuper
1403 4579 1515 4640 autem
1536 4569 1609 4635 iure
1630 4591 1690 4635 suo
1711 4569 1804 4650 faeit,
1829 4570 1906 4652 quia
1934 4570 2058 4636 eeiebat
2079 4570 2166 4654 apud
2187 4591 2225 4638 se
2246 4573 2370 4657 deposi-

382 4655 500 4742 attigi),
530 4675 596 4721 non
617 4654 698 4720 satis
720 4655 820 4720 fuerit
845 4675 945 4740 puras
967 4677 1100 4723 servare
1127 4679 1261 4739 manus,
1291 4658 1355 4724 nisi
1403 4665 1474 4724 tum
1495 4677 1566 4722 esse
1587 4653 1653 4721 Dei
1681 4653 1809 4733 foedus,
1837 4675 1903 4738 quo
1932 4664 2138 4738 nuncupatus
2166 4667 2240 4723 erat
2269 4669 2370 4726 terrae

382 4743 425 4808 ab
446 4743 537 4807 omni
557 4742 711 4806 serietate
733 4740 848 4824 preoul
870 4741 971 4808 simus
993 4743 1118 4810 remoti.
1164 4744 1237 4810 litei
1266 4744 1353 4808 enim
1403 4745 1518 4810 haeres
1536 4761 1574 4808 ιι
1596 4740 1757 4819 dominus,
1787 4749 1820 4806 ιι
1841 4740 1938 4807 simul
1969 4743 2179 4808 autoritatem
2209 4744 2270 4810 sibi
2293 4767 2370 4812 ven·

382 4849 451 4892 non
483 4847 613 4910 semper
644 4827 677 4891 in
714 4826 806 4894 nobis
843 4835 908 4907 est,
942 4828 1098 4894 iniustam
1132 4829 1200 4895 vim
1235 4850 1356 4910 areere,
1404 4829 1493 4896 dieat
1527 4836 1689 4912 quatenus
1721 4845 1892 4910 personam
1920 4827 2061 4894 sustinet
2092 4827 2270 4911 prophetae
2298 4831 2369 4898 Dei.

383 4914 502 4980 vitiosa
528 4921 639 4977 tamen
668 4922 718 4976 est
745 4912 963 4979 dissimulatio
994 4935 1078 4997 quae
1107 4915 1149 4980 ad
1174 4936 1355 4984 eonsensus
1404 4916 1605 4999 Magnopere
1624 4913 1712 4978 enim
1730 4921 1843 4978 nostra
1863 4912 2010 4992 interest,
2032 4934 2134 4996 quum
2150 4913 2282 4982 insonat
2303 4939 2370 4984 ver-

383 5000 524 5082 speeiem
558 4998 693 5064 aoeedit.
750 4999 867 5064 Valeat
905 5000 958 5065 hio
996 5001 1281 5085 eonsangninitas,
1323 5007 1356 5066 et
1405 5003 1483 5068 bum
1505 4999 1568 5066 Dei
1589 4998 1723 5065 auribus
1744 4999 1881 5076 nostris,
1908 4999 1979 5065 eiua
2000 4999 2150 5065 effaetum
2172 5000 2238 5066 fide
2258 5023 2370 5087 appre-

383 5101 596 5169 quaeeunque
627 5104 747 5168 purum
775 5084 931 5152 iudioium
964 5097 1194 5169 eorrumpnnt:
1227 5087 1356 5171 quando
1405 5087 1567 5165 bendere,
1589 5106 1627 5151 ιι
1648 5085 1677 5149 si
1698 5083 1769 5150 eius
1790 5084 1950 5151 ministris
1972 5083 2127 5152 mandata
2154 5097 2369 5154 austrorum

382 5170 536 5237 videmus
572 5179 720 5236 sanetum
754 5180 881 5253 patrem
911 5172 976 5238 Dei
1012 5173 1166 5238 mandato
1204 5181 1272 5238 tam
1305 5193 1352 5237 se·
1405 5195 1488 5258 quae
1499 5171 1717 5257 pronuntiant
1727 5170 1928 5254 exsequutio,
1948 5171 2020 5237 ideo
2037 5177 2072 5236 ιι
2081 5170 2241 5237 Ieremias
2256 5172 2301 5259 (l,
2321 5175 2370 5260 10)

383 5277 465 5323 vere
503 5258 541 5322 in
582 5256 669 5322 filios
711 5266 834 5322 tonare.
896 5256 984 5322 Iram
1024 5256 1158 5324 Simeon
1197 5266 1232 5325 ιι
1269 5259 1355 5326 Levi
1405 5259 1528 5325 dietum
1560 5257 1637 5322 luit:
1679 5256 1780 5334 ane,
1814 5257 1968 5322 eonstitui
2000 5265 2033 5322 ιι
2064 5276 2165 5339 super
2201 5279 2303 5344 regna
2336 5275 2370 5325 ιι

383 5363 424 5409 eo
455 5341 562 5427 magis
593 5342 819 5408 detestabilem
854 5363 925 5410 esse
956 5345 1168 5426 pronunoiat,
1208 5345 1284 5429 quia
1322 5352 1355 5411 ιι
1404 5346 1532 5429 plantes
1552 5351 1587 5409 et
1607 5341 1737 5422 evellas,
1759 5341 1909 5408 aedifioes
1930 5351 1964 5409 ιι
1985 5342 2143 5410 destruas.
2178 5341 2236 5411 Sio
2253 5348 2369 5428 passim
