4988 6192
389 435 454 500 575
1040 432 1412 502 COMMENTARIUS
1434 433 1484 499 IN
1508 429 1721 512 caussis.
2321 431 2386 496 576

389 623 569 706 probosque
591 643 756 688 sacrorum
779 622 953 699 ministros,
977 641 1114 704 quorum
1136 642 1268 706 operam
1289 623 1360 688 Deo
1411 629 1451 687 nt
1477 642 1551 688 cum
1573 622 1733 686 immenso
1754 619 1841 704 regis
1862 625 2001 702 quaestu
2028 619 2199 686 coniuncta
2221 627 2309 686 esset
2334 627 2384 685 to·

389 708 529 793 probari,
551 707 677 792 sibique
695 709 873 774 salvificam
897 727 967 773 esse
990 706 1137 773 norunt?
1173 707 1238 774 Sed
1261 729 1361 791 quae·
1412 706 1558 772 lerabilis
1581 707 1692 792 populi
1715 705 1864 772 conditio.

345 811 348 820 ⁴
388 795 473 858 ritur
494 815 536 858 an
557 792 608 858 fas
628 793 726 859 fuerit
743 800 854 859 sancto
871 792 990 876 Ioseph
1008 793 1174 875 suscipere
1191 794 1361 876 hancpro-
1497 790 1953 858 tessarescedecade.
1996 789 2070 855 Non
2092 790 2250 873 iutelligit
2272 791 2384 856 Moses

389 879 548 947 vinciam:
571 879 617 943 sic
648 880 734 944 enim
762 877 911 945 fovendis
940 879 1049 962 impiis
1077 880 1361 961 superstitionibus
1412 878 1510 944 Iacob
1538 885 1570 943 et
1600 879 1669 944 eius
1702 878 1787 942 filios
1821 877 2052 960 proprietarios
2080 876 2179 941 tuisse
2211 877 2281 942 eius
2311 877 2384 959 agri

389 985 521 1047 operam
544 985 636 1029 suam
658 963 793 1030 locabat.
839 965 911 1049 Ego
939 985 1019 1030 vero
1048 965 1132 1030 sicut
1160 965 1253 1030 facile
1284 986 1361 1031 con·
1412 985 1507 1047 quem
1530 964 1597 1028 illis
1618 963 1832 1030 habitandum
1854 963 2015 1030 concessit
2036 961 2176 1042 Pharao,
2198 963 2283 1028 sicut
2305 963 2384 1027 reli·

389 1048 468 1116 cedo
489 1051 524 1114 iu
546 1057 615 1114 tam
637 1049 754 1132 ampla,
767 1060 800 1114 et
822 1050 932 1126 ardua,
945 1057 977 1114 et
999 1051 1173 1132 multiplici
1196 1051 1361 1117 iunctione
1412 1071 1495 1134 quae
1517 1058 1627 1133 partes
1639 1050 1781 1134 Aegypti
1803 1048 1919 1114 incolis
1941 1049 1974 1112 in
1996 1056 2187 1131 perpetuam
2208 1049 2385 1130 tpprirsocu

389 1135 567 1219 proclivem
590 1135 624 1199 in
647 1136 739 1200 varia
762 1134 880 1200 delicta
900 1135 1000 1200 fuisse
1019 1137 1157 1218 lapsum,
1169 1137 1360 1202 ita'factum
1413 1135 1507 1201 datae
1536 1143 1629 1201 sunt:
1660 1134 1717 1200 sed
1750 1133 1918 1201 commode
1946 1133 2012 1200 illio
2040 1132 2082 1200 ad
2111 1143 2241 1217 tempus
2268 1134 2385 1218 egisse,

389 1222 452 1287 hoc
474 1221 619 1303 praecise
641 1221 797 1286 damnare
816 1242 881 1286 non
904 1220 1016 1286 audeo.
1050 1221 1163 1303 Neque
1181 1231 1292 1286 temen
1311 1223 1361 1286 in·
1412 1232 1445 1287 ct
1467 1223 1513 1288 sic
1541 1221 1704 1304 precarios
1734 1221 1833 1286 tuisse
1862 1239 2077 1303 possessores,
2100 1227 2137 1283 ut
2166 1219 2264 1284 simul
2293 1231 2385 1285 tran-

391 1307 481 1371 fitior
503 1307 581 1389 quin
610 1306 781 1389 deliquerit
806 1307 863 1372 vol
884 1306 946 1373 hoc
974 1307 1059 1390 ipso,
1088 1307 1164 1390 quia
1190 1328 1256 1371 non
1282 1308 1361 1372 satis
1412 1307 1506 1391 quilli
1530 1315 1652 1372 essent:
1678 1305 1754 1372 bine
1780 1305 1903 1373 factum
1926 1313 1977 1370 est
1997 1314 2035 1369 ιιι
2061 1314 2231 1388 tantopere
2260 1325 2387 1372 cresee-

389 1391 519 1460 oordate
560 1392 841 1475 superstitionibus
879 1393 1047 1458 restiterit.
1103 1391 1170 1458 Sed
1210 1395 1360 1475 quoniam
1412 1401 1488 1458 rent
1514 1393 1633 1476 exiguo
1662 1393 1817 1475 temporis
1846 1391 1959 1474 spatio.
2003 1389 2119 1472 Itaque
2148 1389 2189 1454 ad
2218 1395 2387 1474 sequentis

391 1478 483 1544 nulla
511 1477 560 1542 illi
589 1477 661 1561 lege
688 1478 873 1543 iniunctum
904 1486 975 1542 erat
1002 1485 1040 1544 ut
1068 1478 1154 1543 lame
1188 1481 1363 1545 conficeret
1413 1479 1570 1562 temporis
1597 1477 1765 1542 historiam
1788 1479 1931 1562 pertinet
1952 1475 2037 1559 quod
2058 1483 2212 1541 narratur
2234 1497 2253 1540 a
2274 1477 2386 1543 Mose:

390 1561 583 1639 sacerdotes,
618 1564 699 1647 regii
727 1573 837 1628 autem
869 1563 1026 1628 frumenti
1059 1585 1126 1628 non
1154 1584 1291 1646 prorsus
1320 1563 1361 1628 ad
1412 1565 1478 1630 imo
1501 1585 1588 1630 nunc
1610 1563 1696 1628 redit
1713 1563 1755 1628 ad
1777 1562 1945 1646 proprium
1968 1561 2121 1628 historiae
2150 1582 2228 1627 suae
2250 1573 2388 1628 contex-

390 1671 485 1715 suum
509 1648 680 1714 arbitrium
704 1648 908 1733 dispensator
936 1650 1034 1727 toret,
1057 1652 1084 1714 si
1110 1671 1171 1714 rex
1192 1652 1294 1734 gratis
1316 1651 1361 1716 ci·
1414 1660 1494 1730 tum,
1523 1651 1557 1713 in
1586 1671 1652 1732 qne
1680 1649 1727 1713 illi
1757 1649 1959 1732 propositum
1990 1648 2053 1712 fuit
2081 1647 2196 1712 docere
2224 1648 2388 1730 quomodo

390 1733 564 1800 bariadari
582 1733 804 1801 sacerdotibus
824 1735 962 1812 volebat,
975 1735 1079 1800 nihilo
1099 1737 1204 1818 magis
1222 1737 1360 1801 liberum
1413 1736 1582 1802 ecclesiam
1605 1756 1699 1800 suam
1725 1734 1815 1800 Deus
1837 1735 2016 1817 protexerit
2036 1753 2057 1796 ι
2074 1733 2186 1800 multis
2208 1735 2387 1798 mortibus:

391 1821 453 1885 fuit
482 1820 547 1886 illis
577 1842 674 1904 quam
704 1821 818 1887 aulicis
846 1821 1034 1904 proceribus
1063 1841 1191 1904 negare.
1243 1822 1360 1905 Itaque
1414 1843 1519 1905 nequo
1536 1821 1570 1885 id
1588 1821 1693 1899 modo,
1716 1820 1773 1886 sed
1795 1819 1989 1885 mirabiliter
2010 1819 2168 1884 extulerit
2189 1839 2309 1884 areana
2327 1840 2390 1886 sua

392 1907 474 1972 tales
496 1905 646 1972 alumnos
669 1927 736 1970 non
759 1905 899 1971 libenter
921 1908 1077 1990 suscepit,
1100 1907 1157 1972 sed
1179 1927 1279 1990 quum
1302 1929 1362 1972 rex
1413 1908 1545 1974 virtute.

391 1992 496 2057 invito
518 1991 716 2070 obtruderet,
737 1992 896 2076 repellere
919 2013 984 2057 non
1002 1993 1118 2076 potuit,
1131 1993 1191 2057 etsi
1209 1992 1362 2078 indignos
1499 1993 1551 2058 28.
1574 1991 1619 2056 et
1646 1991 1728 2057 uiuit
1749 1989 1893 2055 Iolcuccb.
1939 1989 2013 2056 Non
2043 1990 2190 2074 vulgaris
2219 1991 2286 2055 fuit
2315 1999 2390 2056 ten-

392 2079 514 2144 soiebat
536 2077 591 2161 qui
614 2077 667 2142 vel
689 2079 766 2143 fimo
787 2077 886 2143 boum
909 2086 1128 2144 vescerentur.
1414 2079 1494 2145 tatio
1522 2085 1636 2144 sancto
1666 2077 1736 2142 seni
1765 2097 1823 2157 per
1851 2083 1900 2140 tot
1927 2097 2030 2141 annos
2060 2097 2080 2141 a
2108 2087 2197 2140 terra
2224 2076 2391 2141 Chanaan

478 2163 529 2228 23.
565 2160 610 2228 Et
630 2163 714 2228 elicit
737 2163 849 2246 Ioseph
870 2164 913 2228 od
935 2165 1096 2247 populum.
1140 2162 1206 2228 Hic
1228 2185 1248 2228 a
1269 2164 1363 2230 Mose
1415 2163 1576 2230 exsulare.
1621 2163 1719 2242 Esto,
1750 2161 1914 2245 praesenti
1936 2161 2022 2226 fame
2044 2163 2230 2245 compulsus
2252 2163 2332 2228 illuc
2355 2183 2393 2227 se

393 2246 586 2314 describitur
604 2249 781 2332 singularis
805 2249 993 2314 humanitas
1010 2248 1141 2332 Ioseph,
1164 2269 1245 2330 quae
1268 2250 1363 2315 sicuti
1414 2250 1568 2318 contulit:
1602 2269 1661 2313 cur
1690 2255 1799 2312 tamen
1829 2247 2051 2330 quinquennio
2078 2255 2244 2313 transacto
2266 2249 2393 2313 reverti

392 2343 470 2400 tuno
499 2336 697 2417 compescuit
718 2356 831 2401 omnes
859 2336 1096 2418 querimonias,
1118 2335 1165 2399 ita
1192 2334 1289 2400 hodie
1310 2357 1363 2402 ca·
1414 2357 1481 2402 non
1511 2333 1610 2401 licet?
1633 2334 1746 2416 Neque
1779 2332 1867 2397 enim
1890 2333 2041 2416 stupidus
2062 2332 2130 2398 illic
2151 2334 2310 2416 torpebat,
2334 2333 2394 2399 sed

392 2421 535 2486 lumnias
564 2420 680 2486 merito
702 2419 835 2486 discutit
856 2440 894 2485 ao
916 2419 1049 2484 refellit:
1078 2419 1228 2486 homines
1257 2419 1365 2488 nudos
1415 2422 1488 2487 idco
1520 2420 1720 2504 quiescebat,
1755 2418 1838 2502 quod
1871 2417 1954 2484 liber
1983 2440 2048 2483 nou
2078 2427 2207 2503 pateret
2227 2441 2393 2504 egressus.

393 2514 427 2570 et
453 2506 545 2588 quasi
573 2507 728 2591 prologos
757 2507 794 2569 in
816 2525 892 2571 suas
919 2507 1140 2589 possessiones
1169 2508 1364 2588 aequissima
1416 2507 1527 2589 Quare
1544 2507 1642 2572 etiam
1661 2506 1724 2570 hac
1734 2506 1771 2570 in
1788 2512 1880 2588 parte
1891 2526 1956 2569 non
1974 2504 2093 2570 leviter
2109 2506 2178 2570 ciue
2196 2507 2392 2587 patientiam

392 2589 465 2675 lege
487 2592 638 2670 restituit,
652 2603 687 2656 ut
705 2593 853 2674 quintam
875 2599 1001 2675 partem
1024 2591 1126 2656 annui
1147 2591 1271 2657 reditus
1293 2594 1363 2677 regi
1416 2594 1509 2658 Deus
1549 2593 1705 2658 exercuit.
1762 2590 1952 2671 Quamlibet
1994 2591 2084 2656 enim
2122 2611 2241 2657 suaves
2281 2599 2395 2657 essent

393 2677 530 2743 solvant.
581 2677 655 2742 Hoc
681 2678 759 2742 olim
787 2678 858 2742 iure
887 2676 1009 2760 passim
1037 2697 1131 2761 reges
1159 2677 1260 2743 luisse
1288 2699 1364 2744 usos
1417 2681 1557 2763 Aegypti
1579 2677 1725 2756 delitiae,
1752 2676 1876 2759 privari
1899 2687 2009 2740 tamen
2031 2677 2101 2742 eius
2123 2685 2231 2741 terrae
2254 2687 2392 2760 aspectu

393 2771 508 2828 notum
527 2771 585 2842 est,
607 2772 644 2827 ut
662 2762 804 2828 decimas
826 2766 1010 2848 exigerent:
1024 2763 1101 2829 belli
1119 2783 1197 2828 vero
1219 2771 1363 2847 tempore
1417 2787 1498 2848 quae
1517 2761 2049 2847 expressaeratcoelestispatriae
2067 2763 2185 2845 imago,
2203 2762 2393 2846 plusquam

395 2848 534 2932 vectigal
556 2847 646 2912 istud
676 2848 893 2932 duplicabant.
938 2846 1026 2930 Quid
1049 2869 1127 2932 ergo
1155 2848 1292 2914 iniuriae
1315 2850 1363 2915 di·
1415 2851 1573 2916 miserum
1594 2849 1666 2914 fuit.
1705 2847 1803 2932 Apud
1825 2848 1911 2912 filios
1933 2846 2065 2932 quidem
2082 2847 2206 2912 saeculi
2228 2869 2391 2932 praepon-

393 2955 504 3000 eemus
525 2934 700 3018 Aegyptiis
728 2934 867 3012 factum,
897 2934 983 3018 quod
1017 2933 1138 3018 Ioseph
1169 2954 1265 3018 egros
1292 2937 1363 3018 regi
1417 2936 1534 3002 derant
1562 2943 1694 3000 terrena
1725 2932 1909 3000 commoda:
1943 2933 2001 2998 sed
2030 2951 2069 2997 ea
2096 2933 2160 2999 luit
2189 2935 2296 2998 sancti
2325 2935 2391 2998 viri

394 3041 453 3085 suo
475 3030 602 3104 emptos
620 3023 732 3102 quinta
750 3018 873 3086 reditus
891 3029 983 3104 perte
1001 3020 1363 3102 oneravit,praesertim
1416 3024 1528 3106 pietas,
1550 3029 1588 3086 ut
1609 3019 1787 3103 spiritualis
1809 3018 1885 3084 boni
1908 3018 2068 3083 iacturum
2090 3018 2184 3083 nulla
2204 3017 2292 3103 apud
2314 3040 2392 3085 eum

394 3126 494 3189 quum
513 3105 608 3188 longe
631 3105 759 3170 uberior
781 3107 825 3171 sit
845 3105 903 3171 illa
923 3106 1028 3191 regio,
1051 3113 1090 3170 ut
1118 3107 1243 3171 minore
1265 3127 1364 3190 quam
1415 3109 1523 3174 cernis
1546 3107 1671 3172 utilitas
1693 3113 1854 3190 pensaret
1895 3103 1962 3171 Sed
1985 3104 2084 3170 altius
2105 3105 2312 3184 vulneratur,
2334 3105 2394 3169 ubi

395 3191 474 3258 alibi
498 3190 644 3256 molestia
665 3190 791 3257 fructus
820 3190 942 3258 colonis
964 3191 1005 3256 ad
1028 3211 1062 3257 se
1090 3191 1223 3256 alendos
1244 3212 1362 3276 prove-
1416 3193 1506 3259 videt
1527 3193 1589 3258 eibi
1608 3200 1745 3257 mortem
1768 3191 1907 3256 instare:
1931 3190 2097 3274 quianon
2119 3189 2215 3256 modo
2237 3191 2393 3274 privatur

395 3275 505 3340 nerit‘l
544 3275 583 3342 si
614 3277 686 3358 quis
719 3277 874 3360 excipiat,
907 3278 1013 3360 magis
1041 3277 1219 3360 ingenuum
1254 3279 1363 3358 fuisse,
1415 3281 1486 3362 ipse
1504 3277 1705 3344 haereditate
1723 3277 1891 3362 promissa,
1911 3275 1967 3341 sed
1986 3275 2071 3341 filios
2090 3273 2206 3340 dubiae
2224 3275 2311 3356 fidei,
2335 3286 2394 3341 aut

395 3362 543 3444 quintam
575 3362 671 3427 istam
699 3373 826 3445 partem
860 3363 929 3448 regi
965 3364 1146 3448 acquirere:
1175 3363 1292 3429 solutio
1327 3365 1363 3428 in
1415 3366 1533 3430 saltem
1555 3365 1715 3443 infirmae,
1735 3363 1770 3426 in
1797 3364 1948 3446 Aegypto
1971 3363 2061 3444 quasi
2091 3361 2128 3425 iu
2158 3362 2310 3445 sepulcro
2334 3362 2392 3427 de·

394 3455 548 3531 promptu
571 3457 629 3526 est,
658 3468 724 3513 uon
752 3446 848 3514 modo
870 3447 949 3514 utile
977 3449 1078 3514 fuisse
1100 3448 1141 3514 ad
1165 3448 1362 3534 exemplum,
1415 3470 1539 3516 mersos
1561 3449 1726 3532 relinquit.
1770 3448 1873 3512 Porro
1894 3448 1964 3512 eius
1986 3447 2175 3530 exemplum
2198 3449 2294 3514 nobis
2315 3469 2394 3531 pro-

394 3532 573 3598 sedetiam
602 3532 643 3598 ad
672 3534 814 3616 quietem
841 3534 969 3618 populi,
998 3533 1123 3600 obstrui
1150 3555 1186 3600 os
1215 3537 1361 3602 morosis.
1414 3537 1558 3622 ponitur,
1581 3556 1623 3600 ne
1644 3529 1861 3619 languescant
1878 3534 1970 3599 nobie
1988 3531 2099 3609 enimi,
2123 3532 2177 3598 vel
2195 3533 2395 3599 mollescant

394 3619 463 3684 Neo
485 3627 572 3683 certe
594 3619 657 3684 alio
687 3619 847 3701 spectavit
875 3618 1005 3702 obliqua
1027 3621 1118 3698 ratio,
1138 3641 1202 3703 qua
1223 3621 1364 3705 vectigal
1414 3623 1532 3706 longae
1550 3621 1686 3686 militiae
1708 3619 1829 3685 taedio:
1852 3619 1919 3684 imo
1941 3639 2004 3701 quo
2021 3619 2126 3703 magis
2140 3639 2195 3684 eos
2212 3619 2247 3683 iu
2267 3629 2395 3684 terram

395 3705 528 3788 quintae
565 3704 669 3787 partis
705 3705 887 3770 insinuavit
920 3705 1055 3788 Ioseph,
1090 3707 1151 3770 nisi
1185 3716 1220 3770 ut
1259 3717 1363 3774 terras
1415 3707 1598 3793 deprimere
1630 3714 1766 3772 conatur
1794 3705 1914 3784 Satan,
1954 3725 1992 3769 eo
2023 3705 2147 3769 maiore
2178 3704 2396 3770 vehementia

394 3809 470 3856 suas
492 3789 631 3855 alacrius
649 3798 782 3855 arerent
792 3790 957 3874 Aegyptii,
969 3813 1069 3874 quum
1091 3793 1239 3874 persuasi
1256 3792 1365 3858 forent
1413 3793 1588 3859 intendant
1606 3813 1643 3856 au
1665 3791 1814 3855 nitantur
1836 3791 1871 3854 in
1892 3789 2030 3854 coelum.

394 3876 572 3942 clementer
594 3894 703 3940 secum
722 3877 776 3960 agi
798 3877 856 3941 tali
874 3878 1031 3960 pactione.
1062 3879 1170 3960 Atque
1190 3877 1250 3943 boc
1267 3877 1363 3944 modo
1500 3879 1551 3944 29.
1576 3877 1621 3942 Et
1648 3878 1766 3944 uocauit
1791 3877 1896 3957 fitium
1923 3895 2017 3941 suum
2040 3873 2163 3958 Ioseph.
2208 3875 2298 3942 Hinc
2322 3899 2396 3943 non

394 3980 549 4044 expressa
576 3961 733 4027 confessio
762 3961 828 4026 illis
857 3961 918 4027 suit
947 3983 1028 4046 quae
1051 3982 1071 4027 a
1091 3963 1186 4028 Mose
1213 3963 1362 4030 refertur.
1414 3965 1510 4030 modo
1531 3962 1696 4047 colligitur
1718 3963 1868 4028 anxietas
1887 3961 1999 4040 Iacob,
2025 3960 2082 4025 sed
2103 3960 2230 4026 invicta
2252 3983 2396 4047 megna-

394 4047 508 4112 Primo
531 4048 618 4110 enim
641 4055 821 4131 agnoscunt
838 4069 873 4114 se
896 4049 998 4114 vitam
1015 4049 1045 4112 ei
1068 4047 1197 4113 debere:
1221 4049 1364 4117 secundo
1415 4051 1556 4116 nimitas.
1608 4047 1704 4129 Quod
1738 4048 1846 4113 nullae
1874 4068 1952 4130 opes
1982 4046 2035 4111 vel
2064 4046 2213 4112 lautitiae
2243 4049 2397 4135 Aegypti

394 4154 462 4198 non
495 4141 647 4198 recusant
679 4154 749 4198 esse
782 4133 867 4201 servi
900 4133 996 4217 regis.
1050 4132 1149 4198 Unde
1181 4135 1364 4219 colligimus
1415 4157 1490 4202 eum
1513 4135 1673 4200 deliniunt
1695 4135 1772 4216 quin
1795 4135 1937 4216 suspiret
1959 4132 1999 4197 ad
2018 4141 2139 4196 terram
2158 4131 2334 4214 Chauoan,
2359 4137 2399 4200 ιιι

395 4225 546 4283 sanctum
574 4219 682 4283 virum
705 4219 751 4283 ita
772 4240 806 4284 se
828 4217 975 4284 medium
997 4221 1144 4303 gessisse,
1168 4227 1207 4285 ut
1228 4241 1363 4306 magno·
1415 4243 1479 4306 qua
1500 4241 1629 4305 semper
1658 4239 1806 4302 asperam
1829 4229 1861 4284 et
1880 4219 2073 4284 laboriosam
2101 4219 2203 4283 vitam
2232 4226 2398 4300 traxerat,

395 4324 473 4388 pere
495 4323 605 4387 regem
628 4313 776 4388 augeret:
806 4325 911 4389 neque
937 4315 1049 4369 tamen
1077 4305 1234 4388 populum
1256 4308 1364 4389 oppri·
1415 4327 1555 4391 magnae
1594 4303 1727 4371 virtutis
1759 4313 1816 4370 est.
1871 4303 1939 4369 Sed
1977 4303 2058 4369 haec
2091 4302 2167 4368 fidei
2206 4308 2400 4372 constantia

395 4396 500 4455 meret
521 4390 703 4473 tyrannide.
749 4393 856 4473 Atque
883 4390 1009 4455 utinam
1039 4389 1080 4455 ad
1109 4390 1195 4456 hanc
1216 4391 1364 4458 modera-
1415 4395 1512 4476 longe
1533 4392 1694 4470 excelluit,
1717 4390 1796 4454 dum
1818 4388 1959 4455 cadaver
1980 4411 2076 4456 suum
2097 4389 2134 4453 in
2156 4397 2282 4456 terrum
2305 4393 2401 4459 Oba-

395 4476 519 4540 tionem
538 4495 572 4539 se
590 4484 823 4558 componerent
839 4497 953 4542 omnes
976 4477 1130 4559 praelecti
1149 4485 1187 4541 ut
1202 4476 1365 4543 duntaxat
1416 4499 1501 4544 naen
1524 4477 1639 4542 referri
1661 4477 1785 4554 iubens,
1808 4476 1893 4540 filios
1914 4474 1955 4541 ad
1978 4496 2070 4560 spem
2092 4473 2295 4543 liberationis
2315 4478 2400 4543 hor·

396 4561 467 4626 sine
488 4560 601 4643 populi
618 4561 739 4626 iniuria
756 4559 909 4628 curandis
930 4582 1045 4646 regum
1064 4561 1240 4629 commodis
1258 4564 1365 4630 stude·
1416 4573 1505 4630 tatus
1527 4571 1585 4628 est.
1629 4563 1684 4627 Ita
1705 4563 1826 4626 factum
1850 4569 1899 4626 est
1920 4569 1958 4625 ut
1979 4571 2145 4640 mortuus,
2179 4563 2272 4644 quasi
2295 4566 2403 4631 tubae

396 4653 480 4712 rent
525 4645 717 4712 (lelebratur
744 4668 808 4714 vox
830 4647 953 4712 'liberii
975 4647 1125 4714 Caesada
1154 4649 1290 4714 minime
1312 4659 1365 4735 ty·
1417 4650 1579 4734 clangore,
1603 4649 1695 4714 vivos
1717 4657 1750 4712 et
1771 4648 1962 4732 superstites
1984 4647 2191 4712 animaverit.
2222 4647 2403 4728 Quorsum

397 4731 542 4808 renuite,
564 4752 662 4815 quem
685 4742 795 4798 tamen
817 4741 850 4797 et
872 4733 966 4799 valde
988 4733 1236 4816 sanguinarium
1259 4742 1292 4800 et
1314 4737 1365 4802 in·
1418 4736 1507 4801 enim
1536 4733 1691 4800 tendebat
1722 4741 1814 4799 tanta
1843 4732 1983 4816 sepulcri
2015 4753 2112 4812 cure,
2145 4733 2209 4798 nisi
2237 4743 2277 4798 ut
2306 4737 2403 4820 apud

398 4816 593 4901 explebilem
620 4827 800 4904 tyrannum
826 4819 926 4886 luisse
954 4827 1097 4898 constat,
1130 4822 1267 4903 pastorio
1294 4842 1366 4887 esse
1417 4833 1564 4906 posteros
1591 4829 1663 4885 rata
1689 4828 1775 4886 esset
1803 4819 1868 4884 Dei
1895 4817 2089 4902 promissio?
2122 4817 2284 4898 Quamvis
2318 4845 2403 4908 ergo

398 4902 533 4969 tondere
561 4923 669 4987 pecus,
699 4925 765 4970 non
794 4905 976 4988 deglubere.
1026 4905 1134 4971 Hodie
1163 4926 1242 4972 vero
1272 4929 1366 4992 reges
1418 4909 1575 4972 fluctuata
1607 4905 1651 4972 sit
1683 4906 1753 4971 eius
1785 4903 1882 4985 fides,
1922 4903 2003 4970 adeo
2035 4913 2146 4969 tamen
2180 4907 2403 4991 naufragium

398 5011 433 5056 se
455 4988 555 5054 libere
577 4988 738 5055 dominari
760 5011 826 5056 non
847 4989 994 5070 credunt,
1018 4991 1082 5056 nisi
1104 4991 1251 5058 subditos
1273 5014 1366 5077 pror·
1418 5013 1515 5076 passe
1535 4998 1678 5070 nonest,
1701 5001 1737 5056 ut
1755 4991 1835 5056 alios
1852 4992 1887 5055 in
1910 4999 2041 5073 portum
2064 4988 2249 5056 deduxerit.
2286 4993 2404 5062 Porro

399 5097 455 5142 sus
483 5072 650 5155 devorent,
677 5076 798 5141 nedum
826 5077 1002 5144 excorient.
1047 5076 1165 5142 Nullos
1194 5099 1271 5144 vero
1299 5080 1367 5145 fere
1418 5077 1648 5144 iusiurandum
1677 5076 1782 5162 exigit
1803 5097 1823 5142 a
1845 5077 1912 5141 filio
1942 5075 2076 5158 Ioseph,
2110 5096 2178 5141 non
2206 5085 2276 5142 tam
2312 5080 2405 5147 diffi-

397 5160 545 5243 imperiis
565 5167 703 5240 ornant,
725 5162 787 5227 nisi
816 5163 870 5245 qui
892 5163 992 5228 iurati
1015 5161 1177 5246 prodeunt
1200 5163 1240 5230 ad
1263 5164 1368 5231 lanie·
1420 5164 1548 5230 dentiae
1570 5183 1682 5244 causa,
1704 5183 1800 5247 quam
1823 5174 1860 5227 ιιι
1882 5161 2055 5228 admoneat
2076 5181 2145 5227 rem
2169 5163 2225 5247 agi
2247 5169 2405 5232 maxime

399 5265 476 5312 nam
504 5246 726 5312 exercendam.
776 5247 850 5328 Quo
881 5249 955 5331 plus
987 5247 1095 5314 laudis
1126 5261 1271 5315 meretur
1302 5252 1367 5319 ole-
1420 5251 1550 5316 seriam.
1586 5249 1700 5316 Noluit
1721 5259 1808 5315 certe
1830 5249 1896 5313 levi
1915 5245 2122 5314 iureiurando
2140 5249 2324 5331 profanare
2337 5253 2404 5318 Dei

399 5331 522 5397 mentia
541 5330 672 5414 Ioseph,
693 5333 748 5415 qui
771 5335 816 5400 sie
845 5335 988 5418 Aegypti
1012 5343 1136 5400 statum
1158 5337 1367 5419 temperavit,
1421 5355 1554 5402 nomen:
1585 5335 1642 5402 sed
1672 5356 1735 5420 quo
1761 5335 1904 5402 sanctior
1932 5342 2018 5414 erat,
2047 5335 2217 5432 magisque
2245 5337 2404 5407 solennis
