4988 6192
402 417 467 482 ott
1057 411 1429 483 COMMENTARIUS
1451 411 1502 480 IN
1524 412 1738 480 GENBSIN.
2330 411 2382 478 548

404 623 516 671 aurata
536 603 639 669 ridere
657 601 771 684 faeiem
792 600 856 666 viri
877 600 976 680 illiue,
996 601 1098 681 fratre
1118 607 1221 668 metro
1242 602 1371 669 minino
1421 601 1584 666 animum:
1607 599 1722 666 deinde
1743 600 1830 686 quod
1852 601 1958 684 aliqua
1979 599 2094 667 saltem
2116 621 2158 666 ox
2179 609 2283 683 parte,
2307 600 2383 684 prio·

404 685 833 756 momentanearum.
877 686 929 753 27.
956 687 1043 753 Tarso
1063 687 1148 754 dixit
1169 707 1279 754 aereus
1299 693 1373 754 tuoe
1421 707 1492 753 rem
1515 687 1693 766 infamiam,
1724 707 1821 770 quam
1850 708 1893 754 ex
1920 687 2042 754 soelere
2070 706 2130 752 suo
2163 693 2385 754 oontraxerant

399 779 492 858 poter
512 793 599 840 maes
619 772 723 838 nobb:
751 771 813 837 Vos
833 774 931 840 aestu
952 774 1033 856 qaod
1052 773 1131 838 duos
1148 775 1274 857 peperit
1293 773 1373 839 mibi
1422 771 1508 858 apud
1531 781 1677 857 posteros
1698 772 1830 840 levavit.

403 880 484 927 eaeor
499 873 577 925 meo.
611 859 662 924 28.
681 857 841 942 Epreeeue
858 863 902 924 eet
922 879 1005 924 uuus
1022 880 1042 924 o
1059 879 1116 938 me,
1138 859 1269 926 etdiai:
1288 859 1373 926 Certe
1508 858 1537 923 2.
1560 857 1605 924 Et
1625 857 1774 944 scyphum
1794 877 1906 938 meum,
1928 855 2078 942 suppleam
2099 861 2287 942 orpeuteam.
2331 857 2385 923 llli·

403 946 555 1028 rapiendo
572 949 684 1028 raptus
700 947 758 1008 eet:
779 949 883 1009 door
899 943 967 1010 rtet
983 964 1053 1009 eum
1071 944 1231 1010 battare·
1259 945 1311 1010 29.
1330 944 1374 1010 tt
1422 965 1496 1010 rum
1519 942 1622 1010 videri
1643 951 1761 1027 posset,
1782 945 1818 1008 in
1840 950 1934 1008 tanta
1955 941 2122 1025 opulentia
2142 962 2209 1008 nou
2227 942 2338 1026 potius
2356 944 2384 1008 in

402 1032 533 1114 capietis
560 1033 654 1097 amm
680 1029 760 1095 barro
782 1050 802 1095 o
822 1029 905 1111 socie
930 1050 1014 1106 meo,
1044 1034 1072 1094 et
1098 1029 1212 1096 occidit
1232 1033 1261 1095 ei
1282 1050 1374 1111 more,
1423 1050 1521 1094 aureo
1542 1028 1641 1096 oalioe
1663 1028 1781 1095 bibisse
1802 1028 1931 1113 Ioseph.
1965 1028 2063 1095 Certe
2084 1028 2136 1094 vel
2154 1028 2244 1094 illius
2267 1028 2384 1095 saeoulo

404 1117 643 1200 deeoosdereque
668 1115 792 1197 fetidis
812 1115 959 1182 warram
982 1135 1083 1181 raom
1104 1115 1140 1181 ia
1161 1116 1243 1182 mole
1265 1117 1308 1183 od
1328 1137 1374 1181 se-
1424 1115 1528 1180 meior
1549 1113 1656 1181 adhue
1678 1115 1878 1182 eontinentia
1895 1114 1970 1194 fuit,
1993 1135 2030 1181 ao
2052 1113 2163 1178 minus
2185 1121 2386 1197 sumptuosus

399 1203 556 1286 palem
612 1201 663 1267 30.
692 1200 786 1268 Naue
821 1221 890 1284 erpo
918 1221 1014 1284 qaum
1042 1221 1151 1267 venem
1180 1203 1224 1268 ud
1249 1221 1373 1268 aarum
1423 1199 1592 1285 splendor:
1622 1199 1675 1268 vel
1704 1200 1765 1268 hoo
1793 1198 2004 1266 tribuendum
2033 1206 2083 1266 est
2105 1199 2249 1266 hominis
2272 1209 2384 1284 tempe-

403 1293 492 1354 taam
507 1292 634 1370 patrm
654 1307 771 1353 meum:
791 1292 916 1369 etpuer
937 1306 1001 1352 nors
1018 1287 1116 1370 faerit
1136 1285 1309 1369 uobiscum,
1334 1284 1375 1374 (et
1424 1286 1558 1366 rantiao,
1588 1285 1675 1369 quod
1701 1287 1738 1350 in
1766 1307 1895 1352 summa
1922 1285 2070 1363 lieentia,
2101 1284 2256 1351 medioori
2285 1293 2386 1351 tamen

299 1429 309 1463 ,
403 1375 513 1442 anuto
533 1375 602 1439 aar
630 1373 793 1473 liquisset
818 1391 887 1438 aem
915 1373 1024 1439 auimo
1055 1371 1171 1470 epatre)
1214 1372 1265 1439 31.
1289 1373 1376 1473 ‚Era
1424 1370 1532 1472 eulto,
1560 1378 1593 1471 et
1609 1370 1726 1471 'nitido
1753 1373 1861 1455 potius
1890 1391 1993 1470 quam·
2020 1371 2194 1470 magnifioo
2222 1379 2387 1437 eontentus

404 1459 1375 1627 ttztttrtttttttlttttttrtttt
1424 1456 1730 1627 {tudella-t
1743 1456 2303 1627 ettlttztlttlmtltu‘tt
2324 1457 2387 1625 ,ld

403 1632 504 1696 noeti
531 1651 600 1697 oum
633 1631 737 1698 dolore
763 1631 805 1695 od
831 1629 1015 1712 sepaloum.
1073 1629 1125 1695 32.
1151 1629 1266 1695 Servare
1291 1630 1373 1696 enim
1424 1628 1509 1693 fanis
1538 1627 1682 1694 historiis
1710 1636 1853 1707 onustat,
1882 1649 1937 1694 sae
1962 1650 1979 1695 e
2007 1627 2142 1693 maioris
2171 1627 2266 1711 protii
2297 1627 2388 1694 tuisse

405 1722 479 1784 tuae
497 1715 654 1798 fideiueat
670 1736 733 1799 pro
747 1734 849 1795 paro
862 1715 952 1798 patri
978 1736 1058 1796 meo,
1086 1715 1230 1782 dicendo:
1254 1714 1292 1780 st
1312 1734 1375 1780 non
1424 1712 1565 1780 formam
1588 1734 1685 1796 quam
1707 1714 1888 1780 materiam.
1933 1651 2108 1780 drobabile
2129 1719 2239 1779 tamon
2261 1720 2324 1793 est,
2344 1713 2389 1779 Io·

405 1803 557 1869 retum
585 1821 654 1867 eum
676 1802 719 1868 od
740 1805 781 1881 te,
809 1799 958 1868 obuouiue
986 1822 1038 1867 ero
1056 1821 1178 1884 poenae
1198 1801 1289 1884 putri
1310 1820 1375 1866 meo
1426 1799 1507 1883 seph
1530 1798 1675 1864 invidiae
1702 1798 1876 1884 fugiendae
1904 1819 2003 1866 eausa
2029 1799 2131 1865 fuisse
2159 1799 2193 1864 in
2224 1798 2389 1884 splendore

406 1887 683 1955 marterterae.
728 1886 779 1952 33.
802 1885 847 1951 Bt
867 1906 949 1953 aare
976 1891 1101 1953 moneat
1127 1906 1240 1970 quaeso
1267 1905 1376 1952 serae
1426 1883 1601 1952 domestioo
1623 1885 1828 1952 mediocrem.
1861 1885 1934 1954 Nisi
1955 1885 2042 1951 enim
2063 1883 2243 1969 prudenter
2264 1885 2329 1952 sibi
2345 1905 2390 1952 ea·

406 1979 479 2040 tuae
489 1994 552 2057 pro
564 1993 662 2056 puero
679 1993 788 2039 surae
803 1972 1013 2052 dominemur,
1024 1977 1220 2055 prmoutem
1231 1972 1377 2038 ascendat
1427 1971 1536 2051 visset,
1559 1970 1669 2036 statim
1689 1991 1730 2037 ex
1749 1971 1965 2037 aemulatione
1982 1977 2096 2038 natum
2114 1970 2230 2036 fuisset
2252 1970 2305 2036 illi
2325 1990 2389 2037 eun

405 2059 649 2142 cumfratribus
669 2059 747 2125 saie.
791 2057 843 2123 34.
869 2059 1023 2140 monsedo
1044 2059 1126 2124 enim
1146 2057 1313 2124 mandam
1333 2057 1376 2124 od
1427 2055 1540 2121 auliois
1569 2063 1744 2122 certamen.
1796 2057 1901 2122 Porro
1926 2056 2086 2142 suyphum
2108 2056 2232 2124 includi
2253 2057 2345 2122 iubet
2362 2057 2390 2120 in

399 2149 526 2227 paoem
546 2165 665 2224 ewam,
695 2144 726 2211 ei
748 2163 830 2226 puer
856 2164 918 2210 noo
943 2143 1041 2225 faerit
1066 2144 1208 2209 merom?
1233 2164 1272 2208 ae
1298 2143 1376 2225 sorte
1426 2162 1519 2208 saoeo
1540 2141 1714 2206 Beniamin
1737 2149 1775 2210 ut
1795 2141 1876 2208 furti
1896 2143 2082 2210 eonviotum
2104 2142 2165 2209 sibi
2187 2141 2328 2221 addicat,
2349 2163 2390 2206 re

406 2229 531 2298 videm
551 2230 671 2297 molam
692 2229 774 2315 qaod
795 2229 928 2295 inveniet
944 2235 1069 2310 patrer
1089 2249 1200 2295 meam.
1426 2225 1525 2311 liquis
1547 2225 1706 2292 dimissis:
1735 2247 1847 2295 omnes
1874 2237 1984 2294 tamen
2013 2227 2135 2311 puriter
2156 2235 2300 2306 aoousat,
2330 2234 2392 2292 tan·

1426 2332 1525 2395 quam
1550 2311 1673 2380 insoius
1699 2313 1848 2396 quisnam
1874 2335 1987 2380 eornm
2016 2314 2139 2380 eumen
2168 2313 2392 2398 designaverit

492 2402 521 2468 1.
544 2399 588 2466 Bt
607 2401 769 2484 praecepit
793 2399 949 2483 praefato
982 2401 1102 2466 domae.
1160 2399 1226 2467 Hie
1262 2405 1377 2465 narrat
1427 2400 1477 2466 Ao
1499 2397 1642 2482 primum
1663 2399 1793 2482 quidem
1816 2400 1993 2482 exprobrat
2012 2398 2297 2483 iugratitudinem,
2318 2396 2394 2482 quod

405 2487 516 2554 Moses
537 2506 636 2570 quam
665 2486 820 2552 astutiam
840 2493 1045 2552 oommentus
1074 2485 1173 2551 luerit
1197 2483 1313 2569 Ioseph
1335 2484 1376 2549 ad
1428 2491 1495 2548 tam
1513 2485 1616 2549 amioe
1633 2485 1764 2568 rooepti,
1787 2487 1960 2569 pessimam
1982 2483 2165 2552 meroodem
2180 2484 2393 2568 rependerim

405 2572 579 2640 tentandos
605 2571 744 2637 fratrum
769 2570 904 2637 animos.
959 2571 1115 2637 Diximus
1146 2579 1256 2636 autem
1289 2569 1376 2650 alibi,
1426 2568 1556 2634 Deinde
1576 2569 1773 2653 inexpiabile
1795 2571 1918 2638 orimeu
1939 2591 2010 2638 esse
2032 2570 2212 2638 oouteudit:
2235 2571 2394 2654 quierem

407 2679 508 2743 quum
530 2657 623 2725 nobie
644 2678 685 2723 ex
698 2657 763 2723 Dei
784 2655 938 2723 mandato
956 2654 1090 2722 eoleuda
1111 2657 1155 2722 sit
1176 2655 1377 2740 simplicitas,
1428 2655 1574 2721 omnium
1600 2656 1866 2738 pretiosissimam
1892 2657 2095 2736 abstulerint,
2122 2677 2198 2721 nam
2222 2678 2241 2722 e
2269 2656 2396 2723 oalioem

405 2744 467 2812 hoo
487 2743 635 2827 exemplo
663 2751 697 2807 et
717 2742 878 2809 similibus
904 2763 970 2808 nou
991 2742 1090 2808 liuere
1112 2743 1152 2808 ad
1175 2742 1323 2826 obliquas
1343 2750 1378 2807 et
1428 2742 1462 2806 in
1487 2759 1551 2824 quo
1579 2751 1613 2806 ot
1640 2740 1750 2808 bibere
1778 2741 1905 2810 solebat
1929 2750 1963 2808 et
1991 2742 2155 2828 angurari.
2200 2677 2307 2826 ddqne
2328 2741 2396 2806 lauit

406 2829 534 2897 dolosas
555 2837 643 2896 artos
663 2827 843 2895 defleotara.
874 2827 966 2894 Fieri
988 2828 1076 2894 enim
1093 2833 1200 2912 potest
1221 2836 1259 2894 ut
1277 2849 1376 2977 peon·
1428 2847 1487 2910 per
1510 2847 1606 2892 suum
1628 2846 1854 2906 oooonomum,
1885 2847 1981 2912 quem
2003 2829 2039 2894 iu
2059 2825 2232 2907 tyrannide
2255 2837 2290 2892 et
2310 2846 2395 2910 prae

405 2916 481 2982 liari
503 2915 739 3000 spiritusmotu
761 2914 802 2981 ad
825 2915 887 2979 hoo
908 2912 1080 2979 eonsilium
1096 2913 1256 2999 impulsus
1292 2913 1378 2979 uerit
1429 2911 1550 2978 donum
1572 2912 1730 2979 violentia
1751 2933 1817 2978 non
1839 2921 2039 2981 exerouerat.
2072 2911 2170 2981 Unde
2186 2911 2316 2998 oolligo,
2338 2929 2396 2976 non

405 3001 542 3086 Ioseph:
577 3000 672 3067 siouti
705 3000 803 3065 etiam
832 3007 920 3066 eerta
948 2999 998 3064 illi
1026 3020 1086 3066 neo
1119 2999 1265 3085 vulgaris
1295 2999 1377 3064 ratio
1428 2998 1528 3064 fuisso
1550 2997 1598 3062 illi
1620 3019 1754 3082 prorsus
1776 2998 2002 3066 absconditum
2023 2999 2096 3066 heri
2117 2999 2304 3066 eonsilium.

406 3087 472 3154 fuit
492 3088 596 3170 magis
618 3093 729 3151 exaote
751 3085 938 3169 inquirendi
965 3084 1104 3170 qualiter
1126 3086 1234 3152 affeoti
1256 3085 1378 3150 llremnt
1514 3082 1544 3149 5.
1568 3085 1764 3168 depuranda
1780 3090 1957 3170 reparatur
1975 3087 2010 3150 iu
2031 3105 2074 3151 eo.
2104 3086 2207 3150 Varie
2225 3083 2398 3168 exponitur

407 3171 536 3238 fratres.
587 3170 717 3238 Oaritas
739 3171 918 3255 suspiriosa
940 3191 1006 3237 non
1029 3179 1078 3236 est
1099 3168 1142 3258 (1.
1162 3170 1236 3238 Oor.
1260 3170 1311 3251 13,
1333 3169 1377 3320 ὅ]
1429 3169 1492 3236 hoo
1514 3167 1707 3235 membrum.
1759 3168 1900 3252 Quidam
1930 3171 2019 3237 enim
2043 3171 2091 3236 ita
2112 3170 2290 3254 aoeipiunt,
2314 3167 2399 3252 quasi

409 3255 480 3325 Our
501 3276 579 3408 erpg
600 3264 771 3340 tantopere
789 3257 942 3324 fratribus
964 3255 1099 3336 diffidit,
1120 3277 1180 3322 neo
1201 3256 1263 3322 sibi
1285 3257 1340 3340 qui
1364 3293 1377 3305 -
1429 3253 1552 3338 Ioseph
1572 3254 1737 3322 eonsultos
1759 3276 1830 3321 ase
1852 3255 1970 3322 ariolos
1987 3256 2128 3337 simulet,
2146 3263 2185 3324 ut
2201 3255 2314 3322 furem
2331 3274 2397 3338 aog-

431 3364 507 3408 uam

409 3364 584 3495 debitum?
613 3427 738 3494 Verum
767 3428 844 3512 qnia
865 3427 939 3512 plus
960 3449 1057 3512 quam
1080 3428 1230 3495 erudeles
1252 3435 1285 3493 et
1306 3447 1379 3511 per·
1430 3427 1513 3492 tavit
1537 3447 1602 3506 vos,
1626 3425 1678 3493 vel
1700 3426 1849 3493 rimando
1870 3427 2018 3494 rimatur.
2051 3427 2128 3508 Alii,
2151 3426 2239 3512 quod
2262 3425 2400 3512 scyphus

408 3514 491 3581 fidos
520 3520 674 3598 expertus
703 3514 825 3594 fuerat,
847 3513 1042 3581 excusabilis
1064 3520 1114 3579 est
1135 3515 1205 3580 eius
1227 3513 1379 3597 suspioio,
1430 3512 1605 3595 subreptus
1633 3512 1726 3596 qnasi
1752 3512 1923 3579 sinistrum
1945 3533 2041 3579 omen
2063 3513 2161 3579 merit
2189 3513 2256 3597 ipsi
2277 3509 2399 3596 Ioseph.

409 3601 437 3668 si
459 3607 601 3666 mutatos
622 3601 658 3664 in
676 3599 793 3665 melius
814 3620 879 3665 uon
897 3599 1008 3679 erodit,
1032 3599 1134 3666 donee
1155 3599 1285 3683 penitus
1306 3620 1378 3682 per-
1430 3597 1517 3664 Mihi
1535 3605 1647 3664 tamen
1665 3595 1795 3664 videtur
1816 3597 1980 3683 genuinus
1996 3619 2069 3666 esse
2090 3619 2206 3680 sensus
2224 3598 2300 3664 ille:
2324 3592 2401 3681 quod

315 3691 320 3702 ’
409 3694 553 3770 sportam
582 3685 701 3752 babeat
736 3695 767 3750 et
803 3687 966 3769 eognitam
995 3706 1108 3750 eorum
1134 3684 1379 3769 poenitentiam.
1430 3683 1555 3769 soypho
1585 3682 1626 3749 ad
1659 3680 1877 3750 divinationes
1904 3691 1938 3750 et
1958 3685 2102 3770 magicas
2123 3692 2212 3752 artes
2234 3705 2319 3750 usus
2339 3683 2401 3746 lue-

410 3771 499 3853 Quia
526 3780 635 3837 autem
664 3791 739 3836 rara
767 3771 866 3836 etiam
894 3772 928 3836 in
951 3772 1013 3836 hau
1034 3777 1128 3854 parte
1150 3779 1182 3836 et
1204 3768 1379 3837 admodum
1429 3769 1493 3834 rit:
1515 3769 1601 3854 quod
1624 3776 1734 3835 tamen
1756 3769 1891 3836 finxisse
1909 3767 2054 3836 diximus
2072 3769 2245 3855 augendae
2263 3766 2403 3835 invidiae

410 3857 549 3924 difficilis
577 3857 682 3922 virtus
711 3864 774 3937 est,
809 3856 942 3922 modum
970 3863 1097 3939 tenere,
1127 3855 1308 3923 oavendum
1330 3863 1380 3922 est
1429 3875 1536 3922 oairsa.
1570 3853 1638 3920 Sed
1660 3855 1808 3920 exoritur
1825 3854 1983 3939 quaestio,
2004 3856 2163 3940 quomodo
2185 3855 2250 3922 sibi
2272 3853 2403 3939 permit·

409 3967 452 4010 ne
480 3944 515 4008 in
546 3949 677 4008 austera
704 3942 822 4028 egendi
853 3943 978 4008 ratione
1004 3941 1171 4008 imitemur
1192 3941 1379 4024 exemplum
1431 3947 1480 4007 tat
1517 3940 1637 4025 Ioseph
1676 3939 1742 4008 tale
1779 3941 1984 4027 figmentum.
2047 3943 2290 4025 Praeterquam
2324 3939 2403 4006 enim

409 4028 537 4113 Ioseph,
562 4027 625 4093 nisi
647 4027 792 4112 deposita
814 4029 903 4094 omni
925 4028 1079 4109 vindicta,
1104 4028 1206 4093 simus
1227 4026 1269 4093 ab
1290 4027 1379 4092 omni
1431 4023 1517 4110 quod
1546 4025 1684 4112 auguria
1710 4027 1854 4108 profiteri
1878 4027 1928 4092 illi
1956 4027 2048 4094 nolas
2069 4027 2148 4106 fuit,
2177 4047 2355 4112 perperam
2375 4029 2404 4088 et

410 4115 483 4182 odio
504 4116 578 4198 puri
601 4123 634 4179 et
655 4112 827 4180 immunes.
861 4113 946 4179 Nam
968 4114 1096 4194 raritas,
1117 4121 1154 4178 ut
1176 4112 1299 4196 liquida
1321 4118 1378 4191 ost,
1429 4110 1565 4197 indigna
1593 4111 1741 4179 ooalestis
1768 4113 1891 4194 gratiae
1920 4111 2051 4178 laudem
2081 4114 2240 4178 transfert
2271 4112 2315 4177 ad
2338 4109 2404 4174 doe·

410 4210 443 4269 et
464 4200 553 4266 omni
576 4199 706 4298 turbido
727 4199 852 4298 impetu
875 4209 979 4277 earet,
1003 4199 1124 4298 optime
1146 4196 1281 4265 dictabit
1302 4217 1381 4297 puo-
1431 4198 1551 4264 monia.
1594 4198 1705 4299 Prius·
1721 4196 1862 4281 negabat
1890 4218 1925 4264 se
1947 4198 2100 4299 idoneum
2123 4197 2193 4263 fore
2214 4197 2341 4264 somnii
2362 4195 2405 4260 iu·

408 4282 1382 4454 latrat'steterit,tttttutttattt
1432 4283 2407 4455 tetstaturtttttttllttltttlttttt

408 4457 596 4538 Beniamin,
625 4455 702 4541 quid
731 4456 876 4521 lauturus
905 4456 1004 4521 fuerit
1028 4455 1098 4540 ipse
1125 4456 1254 4539 Ioseph.
1299 4453 1381 4521 Con·
1432 4455 1519 4540 quod
1541 4453 1683 4521 deterius
1704 4462 1771 4533 ost,
1801 4474 1933 4541 magum
1956 4475 1992 4521 se
2014 4457 2141 4522 iaetans
2161 4473 2223 4537 pro
2247 4455 2318 4520 Dei
2340 4471 2406 4537 pro·

409 4547 508 4612 iioere
526 4543 613 4608 euim
635 4551 823 4626 promptum
844 4553 909 4620 est,
932 4540 1117 4624 explorasse
1139 4562 1252 4607 eorum
1275 4541 1382 4620 fidem,
1433 4541 1542 4625 pheta,
1564 4540 1664 4625 impio
1686 4541 1836 4626 profanat
1856 4540 1993 4624 spiritus
2010 4541 2114 4607 saneti
2133 4539 2270 4606 donum.
2319 4539 2408 4606 cero

409 4641 449 4696 ut
477 4630 504 4694 si
533 4649 588 4696 eos
610 4627 821 4711 comperisset
841 4626 1020 4711 improbos,
1047 4634 1175 4693 retento
1197 4626 1383 4706 Beniamin,
1432 4627 1469 4692 in
1491 4626 1552 4693 hae
1569 4626 1777 4694 simulatione
1794 4625 1942 4710 graviter
1957 4647 2031 4692 eum
2052 4645 2202 4710 peoeasse
2218 4625 2408 4710 negandum

409 4716 553 4800 turpiter
582 4735 601 4779 a
629 4735 664 4780 se
693 4714 830 4780 eiiaoret.
882 4714 957 4780 Hoo
983 4719 1094 4778 autem
1118 4712 1213 4779 modo
1236 4711 1382 4779 desertus
1434 4719 1582 4779 nonest.
1637 4711 1710 4798 Bgo
1744 4719 1855 4778 minen
1888 4711 1934 4778 sio
1962 4712 2085 4791 sentio,
2118 4710 2225 4778 modis
2262 4709 2409 4778 omnibns

410 4803 526 4869 fuisset
544 4809 645 4884 pater,
669 4809 703 4864 ot
724 4799 932 4882 pessumdata
954 4799 1090 4866 aeolesia
1111 4799 1184 4864 Dei.
1227 4799 1274 4863 Bt
1295 4807 1383 4866 oerte
1456 4797 1541 4864 uoad
1569 4797 1693 4882 potuit,
1722 4797 1815 4862 initio
1844 4805 1996 4864 conatum
2023 4817 2111 4878 esse,
2138 4817 2239 4862 suum
2270 4813 2409 4864 asserere

412 4886 560 4954 nonsine
578 4906 636 4951 suo
654 4885 798 4968 periculo
815 4907 870 4951 eos
888 4885 1068 4951 examinat:
1087 4884 1382 4969 quialierivixpo-
1470 4906 1507 4952 eo
1532 4883 1705 4951 honorem:
1738 4902 1776 4950 eo
1812 4882 1948 4949 minime
1973 4903 2031 4967 por
2060 4904 2135 4949 eum
2165 4883 2307 4950 stetisse
2340 4879 2409 4966 quin

411 4974 478 5042 tuit
498 4971 577 5056 quin
600 4971 733 5056 gravius
755 4970 875 5054 aliquid
897 4979 930 5038 et
956 4973 1104 5054 asperius
1126 4973 1159 5038 iu
1182 4990 1237 5036 eos
1259 4978 1382 5036 statue·
1434 4978 1542 5036 totum
1565 4969 1710 5054 Aegypti
1731 4989 1869 5053 reguum
1892 4978 2108 5052 oognosoeret,
2130 4967 2225 5033 illum
2252 4991 2325 5035 non
2350 4985 2407 5032 ma·

411 5069 473 5138 ret,
496 5059 525 5123 si
547 5059 667 5122 iterum
689 5057 772 5141 lapsi
794 5065 916 5124 essent:
940 5057 1101 5142 singulari
1123 5077 1200 5142 argo
1224 5056 1286 5122 Dei
1304 5055 1382 5142 'gra
1435 5057 1516 5141 giris
1538 5056 1671 5136 artibus,
1693 5053 1750 5120 sed
1767 5053 1896 5121 coelesti
1919 5053 2003 5120 dono
2021 5053 2181 5120 exoellere
2198 5061 2302 5120 tanta
2319 5053 2408 5121 solor·

411 5147 461 5212 tia
479 5145 600 5210 laetum
623 5149 681 5221 est,
703 5155 739 5207 ut
761 5141 841 5208 alios
862 5165 897 5209 se
911 5144 1082 5228 probarint
1099 5165 1196 5228 quam
1218 5143 1382 5208 timuerat.
1433 5143 1488 5208 tia.
1529 5141 1654 5206 Verum
1672 5141 1749 5224 quia
1770 5159 1938 5224 magorum
1960 5139 2147 5224 praestigiis
2169 5142 2303 5206 assueti
2325 5143 2411 5206 erant

412 5229 548 5314 Duplex
580 5230 704 5293 interea
731 5228 794 5294 fuit
825 5229 896 5294 eiu's
930 5229 1092 5295 examinis
1125 5227 1265 5294 utilitas:
1299 5225 1383 5312 quod
1434 5227 1600 5314 Aegyptii,
1622 5226 1806 5310 praevaluit
1822 5232 1974 5292 vetustus
1991 5245 2091 5305 error,
2113 5233 2150 5291 ut
2167 5225 2297 5310 Ioseph
2320 5226 2409 5290 aliun

411 5318 555 5382 fratrum
576 5313 747 5398 integritas
770 5313 850 5378 bene
872 5315 1002 5401 cognita
1025 5316 1129 5400 magis
1150 5313 1293 5401 plaoavit
1313 5315 1384 5380 eius
1436 5335 1509 5381 esse
1530 5312 1710 5391 eraderent,
1732 5334 1792 5378 neo
1815 5310 1925 5378 dubito
1946 5311 2025 5396 quin
2048 5331 2161 5378 rumor
2181 5309 2242 5376 ille
2265 5310 2304 5377 in
2328 5311 2410 5395 plebe

581 3343 615 3408 ui
641 3343 832 3425 persuadet,
868 3343 932 3408 nisi
967 3351 1040 3425 post
1068 3341 1210 3428 rigidum
1240 3362 1379 3408 examen
1431 3346 1588 3408 nosceret.
1632 3340 1699 3406 Alii
1722 3349 1832 3407 antem
1849 3349 1992 3422 vertunt,
2015 3343 2049 3407 in
2071 3361 2135 3428 quo
2152 3341 2315 3408 tentando
2336 3349 2397 3404 ten·
