5022 6192
333 403 414 470 XVI
1148 407 1514 476 PROLHGOMENA.

333 594 378 659 les
407 593 578 661 Veadredia
599 594 643 661 ies
664 600 773 677 qootre
793 595 935 661 deniers
957 595 1053 665 liores
1073 598 1111 663 de
1134 596 1251 680 Moyse,
1268 619 1334 680 por
1352 598 1454 681 forare
1474 597 1679 678 d'lrormorie,
1712 596 1798 663 cirisi
1819 615 1875 678 pree
1899 593 2010 676 Celeia
2031 593 2075 661 l’o
2097 594 2271 677 eompriree
2292 615 2330 661 eu

331 725 389 771 son
413 703 636 772 Gocunentoire
656 705 791 787 qo’ilfit
812 708 976 790 deprimor
996 709 1117 790 depuis.
1162 705 1260 793 (Opp.
1285 707 1383 774 XXI.
1407 709 1472 795 90).

487 817 538 883 De
560 815 633 900 ipso
655 817 716 883 hoo
744 838 842 901 opere
870 819 1003 883 unicum
1034 826 1142 885 exstat
1164 819 1295 886 Caluini
1319 822 1558 899 testimonium,
1589 826 1623 887 et
1651 819 1780 904 quidem
1810 825 1983 902 postquam
2012 817 2133 900 prodiit
2161 817 2329 902 scriptum.

253 965 262 986 ι
333 926 493 994 Calvinus
516 927 652 994 Thr-etio
672 927 756 1012 prid.
780 929 851 996 Gal.
875 928 954 998 Dec.
980 929 1080 997 1563:
1104 929 1363 998 Commentarios
1384 953 1473 999 meos
1495 933 1540 1060 iq
1548 932 1696 1017 Moysem
1720 928 1837 1016 gallica
1859 929 1972 1014 lingua
1994 927 2171 995 vertendos
2193 927 2330 1011 suscepi,

332 1061 398 1106 non
420 1046 550 1105 tantum
573 1046 610 1104 ut
631 1039 835 1107 nostratibus
856 1042 1039 1108 communis
1062 1049 1148 1108 esset
1168 1041 1267 1108 huius
1294 1043 1369 1110 libri
1398 1043 1511 1123 lectio,
1546 1043 1604 1110 sed
1631 1042 1717 1127 quod
1745 1063 1825 1124 opus
1855 1039 1976 1125 alioqui
2005 1061 2070 1105 nou
2099 1039 2331 1124 poenitendum

331 1151 514 1217 innumeris
535 1151 653 1233 quibus
676 1152 823 1218 scatebat
844 1153 971 1219 mendis
994 1175 1172 1238 repurgare
1198 1175 1330 1222 necesse
1351 1157 1422 1221 fuit.
1468 1155 1603 1221 Fratres
1631 1176 1685 1220 me
1712 1153 1835 1220 hortati
1862 1153 1994 1219 fuerant
2017 1162 2052 1218 ut
2072 1151 2192 1218 librum
2215 1150 2332 1218 Iosuae

331 1261 539 1346 explicarem.
573 1261 744 1330 Hactenus
766 1262 825 1328 vix
848 1263 889 1330 ad
906 1265 1041 1330 tertium
1062 1286 1163 1349 usque
1181 1273 1279 1351 caput
1297 1266 1449 1351 progredi
1467 1267 1568 1345 licuit,
1592 1286 1693 1350 quum
1710 1272 1822 1330 tamen
1839 1264 1993 1330 brevitati
2010 1263 2152 1328 maxime
2169 1261 2330 1327 studeam.

331 1370 431 1460 (Opp.
455 1371 524 1438 XX.
549 1371 634 1460 199).

486 1485 571 1552 Ecce
598 1506 680 1569 quae
711 1506 751 1551 ex
780 1482 853 1550 aliia
880 1485 1024 1550 fontibus
1053 1485 1129 1552 addi
1151 1479 1302 1571 possunt:
1337 1486 1540 1554 Ionvillaeus
1563 1486 1712 1572 Wolphio
1737 1485 1786 1552 19.
1810 1485 1872 1552 lul.
1897 1484 1997 1551 1563:
2031 1482 2266 1550 commentarii
2289 1482 2331 1548 D.

332 1596 465 1663 (lalvini
497 1597 534 1661 in
555 1597 773 1662 Harmoniam
802 1606 941 1678 quatuor
966 1597 1071 1663 Mesia
1099 1598 1257 1664 librorum
1288 1597 1432 1664 eduntur
1463 1618 1483 1662 a
1512 1598 1658 1664 Henrico
1681 1596 1861 1682 Stephano.
1905 1595 2003 1683 (Opp.
2028 1593 2095 1660 llll.
2119 1593 2183 1680 66).
2227 1594 2331 1659 Dedi-

332 1708 494 1775 cationem
515 1707 659 1774 Heanco
681 1707 871 1773 Navarreuo
893 1706 1069 1774 admodum
1089 1709 1201 1776 iuveni
1223 1709 1391 1793 inscripsit
1413 1709 1495 1793 prid.
1519 1709 1588 1776 Oal.
1601 1712 1686 1794 Aug.
1710 1707 1855 1775 eiusdem
1877 1708 1966 1774 anni.
1997 1706 2151 1774 Habuisti
2174 1725 2246 1771 eam
2269 1703 2330 1770 sub

332 1819 375 1885 N.
398 1819 493 1885 3998.
516 1818 601 1903 Opp.
624 1818 704 1884 XX.
730 1819 801 1885 116.
839 1819 933 1887 Adde
955 1821 1103 1886 Annales
1125 1820 1296 1888 Ionvillaei
1320 1829 1352 1886 et
1374 1821 1490 1887 Besae.
1527 1821 1589 1887 Ille
1612 1820 1726 1887 scribit
1746 1819 1787 1886 ad
1809 1838 1837 1885 a.
1862 1818 1947 1885 1563
1967 1817 2012 1904 (g.
2036 1817 2085 1905 5):
2109 1817 2143 1882 Il
2162 1816 2219 1881 mit
2240 1815 2331 1880 orosi

331 1952 369 1997 en
391 1931 520 1996 luerim
540 1951 597 1996 eoa
619 1933 835 1997 commemor
855 1951 912 1997 sur
933 1931 977 1998 les
996 1938 1104 2015 qeotre
1132 1933 1272 1999 doram
1299 1933 1393 1999 liores
1414 1933 1452 1998 de
1474 1932 1584 2017 Moyse
1604 1933 1725 2016 redipoe
1752 1951 1790 1997 eu
1814 1932 1913 2024 forme
1942 1931 1979 1996 de
2005 1929 2209 1996 mnomdoree
2211 1977 2329 1994 .....

333 2041 388 2106 Ero
410 2042 489 2107 Iaia
510 2061 550 2107 ou
571 2061 743 2124 memneroo
765 2041 785 2106 ὰ
807 2061 936 2126 orpooer
956 2063 994 2108 on
1015 2043 1047 2108 lo
1069 2045 1282 2130 moprepotion
1305 2045 1332 2110 le
1353 2043 1432 2110 licre
1453 2044 1491 2110 de
1512 2043 1616 2111 Iocari.
1651 2042 1750 2129 (Opp.
1773 2041 1872 2107 XXI.
1896 2041 1959 2128 95).
2005 2041 2071 2106 Hic
2093 2060 2170 2105 vero
2191 2038 2236 2126 (p.
2258 2035 2329 2122 45);

332 2153 387 2219 Ee
408 2158 483 2219 cesa
505 2151 646 2218 derniere
665 2152 803 2219 maledie
825 2153 850 2218 il
872 2175 893 2220 o
914 2157 1110 2221 ediereueent
1130 2155 1249 2221 trodail
1269 2156 1313 2221 oo
1339 2155 1418 2222 lertio
1439 2176 1477 2220 ea
1496 2155 1643 2238 fresonis
1669 2175 1726 2220 sou
1749 2153 1924 2220 Homeris
1951 2173 2009 2219 ser
2030 2149 2155 2234 Mopse,
2178 2170 2271 2216 recca
2292 2169 2332 2216 so

331 2265 506 2330 amaron
527 2264 565 2329 de
588 2263 721 2342 oenoe,
751 2266 843 2330 morit
862 2287 921 2332 sor
941 2285 973 2332 oe
990 2271 1114 2348 praeeat
1141 2267 1218 2332 livre
1246 2267 1284 2332 eis
1304 2265 1402 2332 ιῙοιιιέ
1420 2317 1427 2332 .
1448 2317 1455 2332 .
1475 2317 1481 2332 .
1503 2317 1510 2332 .
1531 2312 1538 2329 .
1563 2265 1664 2352 (Opp.
1687 2264 1785 2331 XXI.
1807 2265 1872 2351 41).
1917 2264 2009 2331 Idem
2038 2264 2073 2329 iu
2096 2260 2177 2326 Vita
2199 2259 2332 2328 Oalvini

332 2373 383 2462 (O.
407 2374 441 2461 7)
464 2374 504 2439 ud
527 2395 555 2439 a.
580 2375 680 2440 1563:
704 2375 965 2443 Commentarios
987 2378 1021 2442 in
1044 2385 1183 2460 quatuor
1204 2377 1304 2444 llbros
1321 2378 1425 2445 Mosis
1441 2377 1562 2444 latinos
1584 2377 1695 2456 edidit,
1718 2377 1853 2462 gallicos
1875 2397 1917 2441 ex
1939 2375 2051 2441 latinis
2068 2375 2223 2457 ipsosmet
2243 2373 2330 2450 fecit,

333 2486 471 2570 donique
494 2487 762 2553 commentarium
783 2487 822 2552 in
844 2486 963 2554 librum
988 2488 1100 2568 Iesus,
1122 2490 1178 2573 qui
1200 2491 1262 2556 luit
1283 2489 1420 2555 ultimus
1441 2489 1545 2574 ipsius
1566 2490 1671 2569 labor,
1702 2488 1767 2554 iam
1791 2496 1860 2553 tum
1884 2487 2052 2554 inchoavit
2078 2504 2174 2568 quem
2196 2481 2332 2549 tandem

332 2595 548 2665 moribundus
570 2598 717 2664 absolvit.
762 2597 860 2685 (Opp.
883 2599 980 2665 XXI.
1006 2601 1090 2687 160).

487 2709 541 2774 Hx
574 2706 626 2775 his
656 2710 789 2795 colliges
817 2719 989 2795 utramque
1012 2709 1250 2778 commentarii
1276 2709 1312 2773 in
1334 2710 1451 2776 Mosen
1473 2709 1665 2788 editionem,
1699 2719 1733 2773 et
1761 2709 1896 2773 latinam
1926 2721 1959 2772 et
1986 2708 2155 2791 gallicam,
2189 2707 2230 2773 ab
2258 2709 2333 2792 ipso

332 2818 473 2887 Oalviuo
495 2828 663 2885 exaratam
686 2822 799 2901 luisse,
830 2821 920 2887 illam
943 2843 1023 2889 vero
1045 2821 1131 2886 hanc
1151 2821 1377 2905 praecessisse.
1423 2820 1518 2904 Quod
1545 2821 1615 2905 ipse
1644 2819 1777 2899 latetur,
1809 2819 1945 2885 latinam
1967 2817 2094 2885 mendis
2116 2819 2274 2886 scatuisse
2298 2828 2333 2884 et

332 2953 414 3014 opus
435 2931 588 2998 habuisse
610 2952 710 2998 manu
732 2931 968 3010 emendatrice‚
997 2935 1024 2998 si
1048 2932 1088 2997 ad
1111 2942 1218 2998 errata
1241 2933 1478 3018 typographica
1501 2933 1637 3012 referas,
1668 2931 1840 2998 verissima
1862 2951 1933 2997 esee
1962 2929 2199 3013 deprehendes,
2227 2951 2333 3015 eaque

332 3043 484 3127 plurimis
505 3043 541 3108 in
565 3043 643 3110 locis
666 3044 718 3109 rel
741 3045 840 3112 tacite
862 3045 1074 3123 correximus,
1095 3043 1150 3109 vel
1173 3045 1207 3108 in
1230 3045 1378 3128 margine
1400 3045 1664 3129 significavimus.
1710 3041 1777 3108 Sed
1798 3044 1868 3126 ipse
1891 3063 2017 3126 quoque
2039 3063 2270 3126 nonnunquam
2293 3042 2332 3107 iu

333 3154 450 3240 gallico
473 3155 652 3237 exemplari
675 3176 807 3222 sensum
830 3156 924 3221 latini
946 3155 1154 3234 reformavit,
1185 3176 1249 3219 non
1272 3165 1380 3220 autem
1404 3156 1592 3239 frequenter
1613 3177 1673 3222 nec
1695 3155 1791 3239 plane
1813 3173 1898 3220 nova
1920 3153 2074 3232 afferens,
2099 3149 2190 3238 'quod
2213 3154 2332 3237 aliquis

333 3266 403 3332 eius
433 3268 532 3332 rerba
559 3267 702 3350 pressius
735 3267 971 3352 interpretatus
1003 3267 1161 3350 suspicari
1195 3275 1312 3350 posset.
1364 3265 1528 3350 Exempla
1561 3289 1602 3333 ex
1635 3265 1783 3350 pluribus
1814 3265 1896 3332 haec
1929 3263 2122 3330 adducimus
2154 3275 2191 3331 ut
2219 3265 2332 3331 videas

332 3377 578 3443 emendationes
612 3399 676 3442 non
707 3379 788 3445 adeo
816 3380 928 3462 magni
960 3380 1118 3444 momenti
1147 3399 1225 3444 esee.
1271 3377 1380 3444 Exodi
1408 3377 1453 3443 II.
1486 3378 1527 3444 16
1554 3398 1596 3444 ex
1625 3377 1719 3463 lapsu
1748 3379 1922 3444 memoriae
1955 3377 2025 3441 eive
2058 3377 2173 3442 calami
2201 3375 2334 3442 Bctbael

333 3492 490 3573 scriptum
520 3497 605 3568 erat,
636 3499 748 3572 postea
776 3499 938 3555 mutatum
968 3492 1002 3555 in
1026 3491 1157 3576 Ropeel.
1182 3491 1220 3562 G.
1244 3490 1307 3556 IX.
1331 3491 1350 3557 8
1374 3489 1498 3556 dictum
1528 3497 1599 3554 erat
1620 3489 1737 3554 Mosen
1760 3488 1907 3553 favillam
1936 3509 1994 3570 per
2022 3487 2137 3554 coelerm
2164 3490 2332 3573 sparsisse,

332 3600 450 3686 gallice
472 3600 598 3678 melius,
622 3623 680 3684 per
702 3623 814 3668 cerer.
845 3601 881 3668 O.
904 3601 982 3668 XV.
1007 3603 1048 3667 16
1070 3625 1129 3686 pro
1152 3603 1355 3686 acquisivisti,
1378 3600 1425 3688 (ιιι
1446 3622 1485 3666 oe
1503 3602 1625 3688 mocio)
1647 3599 1682 3666 in
1712 3600 1861 3686 margine
1889 3600 2096 3684 proponitur:
2125 3621 2181 3680 oo,
2210 3621 2269 3683 que
2297 3605 2335 3665 ιιι

326 3712 484 3794 possedes.
529 3712 565 3777 Ο.
590 3711 704 3778 XVII.
729 3711 771 3778 15
792 3713 1038 3810 rox'hebraica
1061 3728 1097 3782 0]
1126 3715 1254 3781 reddita
1283 3724 1369 3780 erat:
1397 3713 1588 3779 mireceom
1609 3710 1648 3797 (s.
1671 3710 1839 3797 exaltatio).
1885 3712 2000 3777 Versic
2030 3712 2066 3776 in
2087 3713 2250 3796 margine:
2281 3731 2332 3794 oa,

332 3843 386 3888 mo
407 3823 539 3889 borriere.
575 3823 612 3889 O.
637 3822 805 3889 XXVIII.
828 3824 849 3890 9
872 3843 912 3889 ex
937 3826 1134 3911 Apocalypsi
1164 3825 1311 3891 adfertur
1341 3825 1448 3891 locus:
1482 3844 1541 3888 nou
1572 3844 1686 3890 omnes
1708 3824 1743 3888 in
1766 3823 1899 3889 Christo
1921 3843 1993 3889 esse
2014 3822 2212 3901 sacerdotes,
2243 3823 2332 3908 quod

332 3942 419 4002 recte
441 3936 475 3998 in
498 3955 577 4000 creos
600 3945 762 4001 mutatum
785 3943 844 4001 est.
885 3935 966 4003 Lea.
988 3937 1120 4003 XXVI.
1144 3938 1187 4003 34
1208 3938 1244 4002 in
1266 3947 1359 4003 textu
1382 3935 1495 4002 habet:
1514 3935 1663 4019 perficiet,
1685 3936 1720 4000 in
1742 3935 1903 4019 margine:
1927 3933 2132 4000 oblectabitur.
2181 3934 2331 4001 GalIIcns

332 4055 443 4112 textus
466 4055 593 4112 contra:
616 4049 758 4130 prendre
774 4049 903 4130 plaisir,
927 4067 1056 4132 margo:
1086 4049 1283 4131 accompliro.
1329 4047 1386 4115 Sic
1415 4048 1513 4113 etiam
1539 4047 1634 4112 Num.
1657 4047 1755 4112 XXI.
1781 4047 1798 4110 1
1818 4046 1940 4128 proedo
1962 4047 1995 4110 in
2019 4056 2127 4124 textu,
2157 4047 2273 4128 captiui
2295 4047 2330 4112 in

332 4158 497 4241 margine:
520 4157 555 4221 in
574 4156 691 4242 galileo
709 4179 786 4225 vero
805 4161 885 4225 illm:
910 4165 963 4225 des
979 4160 1103 4243 eoptifs,
1121 4160 1175 4225 hic
1194 4175 1316 4225 autem:
1341 4161 1384 4224 cla
1401 4159 1502 4236 batia:
1520 4172 1554 4224 ot
1572 4158 1670 4224 Dent.
1689 4156 1859 4224 XXXIII.
1878 4156 1921 4223 25
1938 4159 1972 4222 in
1992 4171 2097 4225 textu:
2117 4159 2331 4239 calceamento,

331 4268 366 4333 in
389 4269 537 4354 margine
558 4288 664 4350 eoos:
696 4267 813 4336 Versio
843 4279 969 4336 mutato
999 4271 1067 4335 loco
1096 4273 1238 4356 primum
1261 4271 1390 4338 clamore
1412 4269 1563 4355 praebet,
1592 4271 1626 4333 in
1648 4270 1794 4352 margine
1815 4269 2004 4336 olmussme
2025 4268 2123 4335 addit.
2153 4270 2207 4335 Ad
2228 4271 2328 4337 Num.

330 4378 463 4445 XXIV.
486 4379 529 4443 24
558 4380 667 4446 Moses
700 4380 855 4446 laudatur
884 4381 923 4448 dc
956 4384 1121 4448 sententia
1150 4405 1190 4448 ex
1212 4384 1318 4452 Josua
1339 4381 1471 4448 XXIV.
1494 4382 1515 4447 9
1538 4382 1652 4462 allate,
1679 4403 1762 4466 quae
1789 4381 1822 4446 in
1850 4382 1998 4447 versione
2027 4401 2106 4446 vero
2136 4403 2195 4448 euo
2224 4385 2332 4450 autori

331 4491 486 4557 restituta
509 4501 567 4556 est.
614 4493 713 4556 Dout.
737 4491 905 4559 XXVIII.
930 4494 970 4558 17
995 4494 1183 4561 hebraicum
1212 4493 1666 4576 consummaremur,
1696 4494 1731 4556 in
1761 4492 1891 4576 gallico:
1922 4499 1954 4559 to
1983 4493 2179 4577 ὂοιιιαιιριιὶιι
2200 4491 2268 4579 (ou,
2298 4501 2330 4560 to

326 4602 440 4688 poste).
485 4603 574 4668 Hinc
602 4603 678 4668 inde
707 4604 741 4668 in
775 4605 876 4671 latino
905 4606 1018 4672 omissi
1046 4615 1125 4672 sunt
1147 4607 1268 4691 singuli
1298 4614 1407 4672 textus
1435 4605 1519 4671 sacri
1545 4603 1711 4684 versiculi,
1742 4602 1793 4690 (ut
1817 4604 1898 4670 Lev.
1924 4603 1967 4669 X.
1990 4604 2040 4670 20.
2071 4604 2169 4671 Num.
2192 4604 2252 4670 IV.
2276 4606 2330 4672 21.

330 4711 431 4778 XIII.
455 4712 510 4799 26)
533 4735 614 4796 quos
636 4715 745 4781 versio
768 4737 826 4784 suo
848 4717 919 4784 locu
940 4717 1036 4784 sistit.
1082 4717 1173 4785 Haeo
1201 4719 1280 4783 item
1309 4718 1420 4802 plures
1449 4716 1595 4783 rubricas
1616 4715 1733 4781 inserit
1754 4715 1810 4780 ubi
1836 4715 1871 4780 in
1897 4717 2005 4799 priore
2033 4716 2175 4782 editione
2203 4715 2332 4785 deside·

331 4835 456 4890 rantur.
501 4825 578 4892 Una
608 4839 717 4890 tamen
746 4827 855 4911 aliqua
882 4831 1021 4894 mutatio
1049 4829 1191 4895 maxime
1220 4832 1394 4914 conspicua
1421 4827 1563 4894 occurrit
1589 4827 1625 4891 in
1654 4827 1738 4892 serie
1767 4847 1880 4892 aarum
1903 4825 2121 4894 Pentateuohi
2149 4829 2332 4896 sectionum

331 4957 412 5018 quas
435 4945 547 5002 noster
569 4936 610 5002 ad
633 4938 808 5020 septimum
836 4948 1047 5023 praeceptum
1076 4941 1203 5020 retulit,
1233 4961 1380 5025 quaeque
1409 4940 1529 5004 mirum
1556 4937 1592 5002 in
1621 4937 1753 5003 modum
1776 4939 1979 5004 interversae
2000 4951 2094 5015 sunt,
2123 4949 2162 5004 ut
2182 4959 2241 5006 sno
2259 4941 2333 5008 loco

329 5047 434 5113 fusius
456 5046 764 5154 demonstrabimus.
811 5052 864 5116 An
887 5050 968 5116 haec
990 5071 1106 5117 revera
1128 5051 1312 5118 emendatio
1335 5054 1394 5130 eit,
1421 5051 1454 5115 in
1478 5049 1598 5133 alloqui
1622 5060 1689 5114 tam
1709 5049 1862 5116 intricata
1885 5049 2054 5132 digerendi
2076 5049 2240 5130 methodo,
2270 5055 2333 5120 tibi

332 5158 567 5240 dispiciendum
592 5161 822 5246 relinquimus:
851 5183 911 5228 nos
931 5171 1059 5229 textum
1081 5164 1262 5248 principem
1282 5162 1484 5248 sequendum
1506 5181 1576 5228 esso
1605 5163 1811 5244 putavimus,
1840 5159 1974 5227 alterius
1999 5161 2103 5227 forma
2124 5161 2159 5226 in
2182 5165 2335 5248 margine

331 5268 532 5336 adumbrata.
