5000 6208
129 406 189 470 265
788 403 1159 474 COMMENTARIUS
1179 406 1227 470 IN
1253 404 1467 472 auNuslN.
2058 409 2122 476 266

128 595 312 679 superbiam
334 611 367 660 et
396 597 630 662 crudelitatem.
676 596 823 663 Tandem
845 616 945 678 quum
967 595 1003 659 in
1025 615 1099 660 sen·
1152 595 1216 658 oiri
1236 614 1367 662 00000000
1388 596 1471 674 eius,
1502 599 1529 658 02
1557 614 1686 660 manum
1707 595 1817 662 0000020
1838 596 1923 672 0200,
1947 601 1975 660 02
1995 615 2125 662 manum

127 702 198 748 sum
222 680 396 764 reprobum
422 683 559 749 aonieoti
580 691 706 759 assent,
734 682 769 747 in
791 681 952 748 belluinae
974 701 1100 763 quoque
1152 681 1290 745 02000000
1309 680 1452 762 filiarum
1474 681 1559 758 02000,
1582 700 1615 746 eo
1636 681 1717 762 quod
1733 686 1873 762 parceret
1894 680 2010 748 1020000
2030 683 2075 748 ei:
2096 687 2124 748 02

126 765 278 832 libidines
304 768 498 850 praeeipites
520 770 583 835 aeti
612 781 698 832 sunt.
742 769 833 850 Ergo
860 767 889 833 ei
915 774 1100 832 extremam
1152 766 1419 843 amorraeorum
1439 770 1737 848 dposrrerunteum
1753 772 1842 832 extra
1859 766 1973 832 0020000.
2012 767 2061 834 12.
2080 766 2126 832 Et

127 853 213 917 huna
241 851 385 918 furorem
417 851 603 931 horremus,
633 852 767 918 colenda
789 852 883 919 nobis
906 861 957 919 eet
977 865 1100 935 tempe·
1150 851 1222 932 fuit,
1240 871 1337 932 qaum
1358 851 1536 918 0200200002
1556 853 1622 934 2002
1638 853 1805 935 evaseras,
1827 853 1922 918 diruit:
1940 852 2051 920 Εο0020
2062 873 2126 936 pro

126 939 236 1004 rantia
265 947 299 1002 ot
329 937 523 1021 frugalitas:
551 960 742 1022 semperque
775 939 956 1003 timendum
985 959 1027 1002 ne
1052 957 1100 1002 ro·
1151 938 1261 1002 002000
1280 942 1353 1014 tua,
1381 957 1419 1002 00
1438 936 1589 1018 respicias
1601 942 1675 1018 post
1695 943 1737 1016 te,
1760 959 1812 1004 neo
1832 944 1892 1006 stes
1918 941 1953 1004 20
1972 944 2034 1005 2020
2050 939 2123 1022 pta·

128 1023 279 1088 dundsns
302 1024 407 1090 viatus
429 1027 520 1106 eopia
540 1046 599 1090 nos
622 1024 662 1090 ad
684 1025 849 1090 luxuriam
872 1022 1033 1106 impellat:
1059 1044 1101 1088 ne
1151 1023 1244 1086 nitio:
1265 1024 1300 1086 iu
1320 1028 1419 1088 monte
1440 1042 1531 1088 00000
1551 1027 1594 1102 20,
1617 1044 1655 1087 00
1673 1024 1752 1105 forte
1767 1045 1890 1106 000000.
1936 1025 1985 1092 18.
2009 1025 2054 1090 Et
2075 1025 2124 1091 di·

127 1120 258 1194 propter
276 1129 353 1192 opes
371 1110 524 1190 superbia
541 1111 763 1176 intumesoant
780 1111 890 1188 animi,
909 1132 951 1174 ne
970 1108 1100 1174 delitiae
1152 1109 1201 1172 ait
1222 1107 1281 1172 Lot
1307 1109 1349 1173 ad
1377 1128 1442 1174 eos:
1469 1107 1520 1172 Ne
1548 1127 1663 1189 quaeso
1685 1108 1819 1174 Domini
1845 1111 1916 1175 mei.
1963 1111 2012 1178 19.
2036 1111 2123 1190 ane,

127 1197 164 1262 ad
189 1195 362 1260 libidinum
385 1194 611 1280 intemperiem
633 1217 694 1262 nos
716 1195 900 1261 sollieitent.
1152 1213 1235 1258 nuno
1260 1194 1380 1258 inuenit
1402 1213 1511 1258 000000
1537 1198 1612 1258 tuus
1636 1195 1776 1277 qratiam
1796 1196 1832 1260 in
1860 1197 1957 1262 000220
1985 1199 2063 1272 tuis.
2097 1201 2125 1262 02

1151 1279 1363 1362 00ρο2200022
1379 1279 1627 1345 misericordiam
1648 1284 1737 1344 tuam
1758 1301 1853 1363 quam
1874 1281 2123 1364 fetidiorem,

1153 1371 1188 1428 02
1209 1363 1384 1446 vivificares
1411 1365 1551 1430 animam
1578 1385 1694 1430 00000οε
1722 1371 1756 1430 02
1776 1387 1828 1450 epo
1848 1387 1913 1432 000
1932 1372 2038 1448 002000
2058 1389 2124 1436 ser-

1153 1469 1229 1514 0000
1249 1470 1297 1515 me
1318 1452 1353 1514 in
1373 1455 1489 1527 0000020,
1514 1471 1552 1515 ue
1577 1451 1658 1532 20020
1683 1451 1808 1518 baereat
1834 1452 1914 1518 milri
1937 1455 2073 1532 0002000,
2096 1457 2125 1520 02

477 1538 627 1605 CAPUT
652 1535 748 1602 XIX.
1066 1605 1070 1612 ,
1153 1536 1283 1602 morior.
1333 1535 1384 1600 20.
1414 1535 1509 1613 ane,
1536 1555 1620 1601 nuuc
1646 1537 1756 1602 0202200
1782 1538 1847 1603 ista
1867 1540 2062 1621 0000200000,
2090 1543 2126 1603 ut

1151 1621 1277 1705 2002000
1294 1621 1377 1699 iiiuc,
1396 1626 1479 1687 etesi
1489 1642 1605 1702 parua,
1620 1622 1752 1688 evadam
1767 1643 1850 1688 0000
1865 1625 1958 1690 illua:
1973 1625 2126 1707 numquid

213 1715 241 1778 1.
266 1711 310 1776 Et
330 1715 478 1777 00000002
497 1709 559 1776 duo
580 1707 683 1790 000022
700 1709 735 1772 in
759 1705 869 1772 Sedom
890 1709 1019 1789 uesperi,
1043 1707 1103 1772 202
1152 1725 1215 1771 000
1236 1727 1343 1788 parra
1369 1713 1428 1786 002,
1456 1713 1483 1772 02
1509 1707 1589 1772 viaet
1614 1710 1724 1774 002000
1750 1709 1846 1774 mea?
1890 1710 1942 1775 21.
1970 1709 2014 1776 Et
2041 1712 2126 1776 022022

125 1805 229 1866 naum
245 1797 366 1864 00020502
388 1798 423 1861 20
445 1799 539 1878 00020
563 1793 691 1862 Setiam:
717 1798 745 1858 et
765 1793 844 1856 uidit
865 1792 928 1860 Lot
949 1799 978 1858 02
997 1813 1102 1858 surra
1153 1793 1196 1858 od
1217 1812 1306 1858 eum:
1327 1791 1420 1872 ane,
1443 1793 1566 1875 0000002
1585 1793 1698 1874 farum
1718 1798 1807 1860 tuam
1828 1795 1923 1860 etiam
1939 1796 1975 1860 in
1994 1796 2059 1873 mc,
2090 1800 2126 1860 ut

123 1887 170 1950 ait
192 1886 228 1949 in
257 1900 417 1949 0000000000
446 1899 567 1960 0000000,
597 1884 625 1944 02
650 1879 825 1944 inauravit
850 1899 883 1944 se
902 1879 986 1961 20020
1006 1899 1102 1960 suuper
1151 1898 1213 1942 non
1234 1877 1407 1943 0050002000
1427 1879 1589 1956 0202202000,
1613 1884 1649 1944 002
1669 1879 1814 1960 loquutus
1834 1901 1875 1946 es.
1910 1880 1962 1947 22.
1986 1880 2125 1962 Festina,

123 1977 249 2036 2000000.
284 1969 314 2034 2.
333 1967 378 2032 Et
397 1966 497 2031 022022.Ι
518 1964 608 2045 Eece,
628 1984 711 2029 nune
731 1965 851 2030 domini
871 1965 932 2030 mei
953 1963 1102 2030 0200220020
1151 1984 1243 2040 serra
1264 1969 1292 2028 20
1312 1963 1402 2028 idua:
1423 1965 1500 2045 quia
1520 1984 1581 2028 non
1596 1969 1704 2046 002000
1722 1965 1825 2046 saeue
1844 1967 2016 2048 quidquam
2032 1969 2125 2034 020000

122 2057 244 2124 oisemo
261 2056 304 2120 02
326 2053 450 2119 domum
467 2052 552 2117 00002
571 2052 676 2130 uestri,
699 2055 926 2131 0200000020,
950 2056 980 2115 02
999 2049 1101 2116 monte
1151 2049 1346 2131 iupredioris
1360 2048 1451 2114 illue:
1468 2051 1585 2116 20202000
1597 2051 1715 2118 vocavit
1731 2071 1842 2116 000000
1857 2053 1994 2118 deitatis
2013 2051 2123 2120 302000.

117 2143 215 2224 peaes
237 2146 370 2206 omues:
399 2143 427 2202 02
455 2157 546 2202 mane
567 2157 625 2202 sur
644 2137 714 2214 0220,
742 2140 770 2201 02
792 2137 930 2218 perpetis
951 2137 985 2200 iu
1014 2137 1100 2202 eiam
1152 2133 1203 2198 23.
1224 2133 1277 2200 Sol
1293 2155 1435 2217 opressus
1455 2141 1499 2200 est
1520 2155 1616 2216 super
1636 2141 1760 2216 terram
1778 2143 1807 2202 02
1823 2137 1884 2202 202
1904 2138 2065 2222 inpressas
2080 2143 2125 2206 est

122 2233 270 2294 rostram.
320 2224 366 2290 Et
398 2224 563 2288 dixerunt:
594 2158 816 2303 5220000000,
849 2221 904 2286 sed
929 2222 965 2286 20
991 2221 1100 2304 020200
1154 2219 1264 2288 Soter.
1293 2219 1345 2286 24.
1358 2219 1524 2288 Ε21020000
1537 2221 1625 2302 pluit
1639 2241 1736 2302 super
1748 2221 2125 2304 SedornetsuporHamo·

116 2311 376 2396 000000205200000.
421 2308 451 2373 3.
473 2307 518 2373 Et
538 2307 727 2372 veliementer
747 2305 896 2388 eornpntit
916 2326 975 2384 000,
998 2311 1025 2370 02
1046 2308 1099 2372 de·
1151 2305 1211 2370 rab
1220 2305 1356 2386 arripitur
1372 2311 1401 2372 02
1416 2306 1705 2390 ipnemaIetrooae
1721 2308 1821 2374 000220.
1851 2306 1901 2374 25.
1914 2307 1958 2374 Et
1974 2308 2125 2377 meremor

122 2399 319 2464 dirrarerunt
345 2396 389 2462 ad
416 2413 500 2470 0000,
525 2397 730 2476 veneruntque
751 2393 793 2458 od
813 2394 940 2458 02000000
962 2393 1046 2458 eius:
1072 2396 1100 2458 02
1151 2392 1291 2456 civitates
1306 2391 1396 2470 istas,
1414 2397 1570 2458 0200000000
1581 2393 1758 2474 0200222000,
1775 2398 1803 2458 02
1820 2415 1926 2460 ornnes
1940 2394 2126 2466 habitatores

120 2485 194 2566 terit
213 2485 260 2548 020
277 2481 460 2558 0000202000,
479 2484 507 2544 02
523 2478 742 2560 informantem
758 2479 839 2543 00022
855 2483 882 2543 02
898 2478 1098 2563 0000200002.
1152 2475 1293 2556 urbium,
1315 2483 1344 2541 et
1361 2498 1485 2560 permen
1505 2483 1615 2544 200000.
1660 2477 1711 2544 26.
1735 2478 1779 2543 Et
1797 2481 1934 2560 00000022
1954 2501 2036 2548 00000
2056 2483 2125 2547 eires

122 2572 152 2636 4.
171 2571 355 2650 Antequam
376 2566 555 2646 domniront,
575 2565 638 2629 oiri
658 2565 795 2630 0200220220
811 2563 875 2628 riri
893 2562 1004 2630 dedam
1022 2585 1100 2647 0000
1147 2567 1219 2645 0002
1235 2583 1321 2640 eum,
1343 2570 1371 2628 02
1390 2564 1495 2645 offena
1515 2569 1560 2630 est
1579 2569 1684 2630 0202000
1713 2564 1801 2631 00220.
1846 2565 1898 2630 22.
1920 2565 1964 2632 Et
1984 2567 2126 2632 00000022

121 2659 288 2722 0200000002
309 2655 433 2719 (imnum
455 2671 592 2733 apuero
612 2670 710 2730 usque
730 2651 772 2714 ad
792 2669 904 2726 seneru,
927 2651 1027 2715 omnis
1042 2670 1099 2730 po-
1152 2647 1316 2713 rlbratrom
1344 2668 1436 2714 mane
1458 2650 1501 2714 ad
1527 2650 1627 2716 200000
1647 2650 1702 2716 ubi
1725 2655 1849 2716 steterat
1874 2671 1978 2718 eoram
1999 2652 2123 2720 1020000.

116 2742 221 2824 putus
240 2739 278 2804 ab
295 2745 436 2806 00200000.
459 2737 489 2802 b.
502 2735 546 2800 Et
562 2740 744 2802 0000000002
755 2736 823 2812 202,
842 2741 871 2800 02
886 2736 1035 2802 discernant
1053 2739 1100 2800 ei:
1152 2733 1203 2800 28.
1227 2733 1272 2798 Et
1297 2736 1434 2816 respexit
1459 2754 1555 2816 00000
1579 2736 1693 2819 faeiem
1717 2735 1826 2802 Sadom
1847 2741 1875 2802 02
1896 2736 2075 2816 Memorato,
2097 2741 2126 2804 et

128 2828 189 2894 Ubi
213 2837 293 2890 eant
313 2825 375 2888 oiri
397 2825 452 2904 qui
473 2826 619 2886 00000002
640 2822 728 2887 adio
752 2820 861 2886 uodo?
889 2821 965 2887 adue
985 2841 1036 2887 000
1057 2821 1101 2886 ad
1151 2839 1247 2900 000000
1267 2840 1386 2886 omnem
1406 2821 1520 2902 2002000
1540 2827 1642 2887 terrae
1657 2822 1822 2903 planitiei:
1845 2824 1981 2903 stridit,
2003 2830 2031 2889 rt
2052 2843 2124 2902 0000,

120 2933 194 2990 nos,
226 2917 255 2976 02
276 2928 491 2994 0000000000
517 2926 577 2973 000.
620 2907 649 2972 6.
672 2905 716 2971 Ε2
742 2927 884 2990 opressus
911 2911 955 2971 002
978 2907 1021 2974 002
1048 2925 1099 2971 eos
1151 2905 1331 2971 ascendebat
1349 2907 1459 2990 20000000
1479 2911 1580 2972 terrae
1600 2909 1680 2973 02002
1698 2908 1808 2989 tumtur
1827 2908 1975 2990 20000020.
2011 2909 2063 2978 29.
2081 2908 2126 2974 Et

120 2998 182 3064 Lot
204 2997 250 3064 002
270 2996 390 3070 ostium,
411 2999 439 3060 et
459 2993 573 3059 0022000
593 2991 705 3058 elausit
720 2998 794 3075 post
814 3013 856 3058 00.
894 2992 922 3056 t.
941 2991 986 3056 Et
1002 2992 1099 3058 died:
1149 2992 1221 3073 fuit,
1240 3011 1336 3072 quum
1352 2993 1540 3073 disperderet
1556 2991 1648 3059 Deus
1664 2993 1756 3058 urbes
1766 2993 1924 3074 planitiei,
1947 2997 2125 3064 reeordatus

120 3085 173 3150 Ne
202 3101 317 3164 quaeso
342 3081 460 3162 fratres
486 3079 548 3144 0002
575 3077 793 3159 002020020220.
839 3077 868 3144 8.
893 3077 987 3154 Erae,
1018 3096 1099 3142 nune
1151 3082 1195 3142 002
1212 3077 1301 3141 Deus
1318 3077 1491 3156 Abraturm,
1514 3085 1542 3142 et
1562 3079 1666 3143 0002022
1682 3079 1740 3142 202
1757 3102 1773 3144 0
1788 3081 1889 3145 medio
1904 3079 2124 3160 0500020020,

119 3169 202 3234 mibi
228 3172 300 3232 suut
328 3167 410 3231 duae
436 3165 536 3246 filiae,
561 3184 640 3245 00000
667 3183 728 3228 uon
756 3165 1097 3248 commorantem,
1150 3163 1275 3244 quando
1296 3161 1444 3228 0005000222
1472 3165 1625 3240 demus,
1655 3165 1690 3228 in
1716 3185 1851 3246 00000000
1877 3186 1943 3230 000
1968 3165 2126 3232 2005220502

117 3257 255 3322 00200000
283 3271 365 3318 0000
393 3270 448 3315 eas
475 3249 518 3316 ad
543 3268 611 3325 eos,
638 3254 666 3312 et
690 3248 785 3331 sorite
810 3251 857 3314 eis
882 3251 962 3315 020002
987 3248 1099 3314 20000000
1151 3248 1220 3314 202.
1263 3247 1315 3313 30.
1345 3246 1390 3313 Et
1417 3250 1556 3316 aseendit
1577 3249 1636 3313 202
1654 3250 1694 3316 de
1718 3249 1833 3328 Sabor,
1863 3257 1892 3316 et
1916 3250 2069 3318 2005220022
2089 3255 2123 3318 in

118 3342 180 3406 0022
212 3340 251 3404 20
277 3337 374 3403 ocutis
403 3336 529 3412 0002020,
558 3339 678 3398 tantum
706 3336 787 3400 viris
815 3336 886 3400 istis
913 3356 951 3398 000
970 3334 1100 3415 sedatis
1149 3339 1256 3413 moute,
1278 3339 1308 3398 et
1324 3333 1406 3400 duae
1420 3333 1508 3414 filiae
1525 3336 1593 3400 0200
1610 3355 1680 3402 oum
1697 3356 1748 3401 eo:
1769 3337 1847 3418 quia
1863 3338 1967 3402 22000022
1983 3337 2125 3404 babitare

117 3427 313 3509 quidquam,
345 3442 380 3487 00
408 3422 487 3502 quod
514 3425 661 3485 veneunt
688 3421 723 3484 iu
749 3419 893 3485 umbram
920 3420 1000 3504 tipni
1029 3421 1098 3486 mei.
1149 3421 1184 3485 iu
1208 3418 1318 3498 Sabor,
1340 3425 1369 3483 02
1388 3419 1595 3485 habitantia
1616 3420 1778 3503 00020000,
1802 3421 1867 3503 ipse
1889 3427 1917 3487 et
1937 3423 2018 3488 duae
2036 3424 2124 3504 022200

117 3513 148 3579 9.
177 3511 298 3576 Verum
317 3508 479 3572 diamant:
495 3506 614 3571 Accede
634 3505 701 3572 2000.
744 3506 907 3572 2220000002
919 3511 1100 3587 praeterea:
1148 3506 1227 3570 02000.
1271 3504 1323 3570 31.
1353 3504 1397 3569 Et
1422 3506 1506 3571 022022
1524 3507 1737 3588 primopeuito
1763 3508 1806 3572 ad
1832 3508 1998 3574 minorem:
2027 3507 2124 3574 Pater

124 3599 220 3665 Unus
239 3595 320 3659 venit
337 3594 379 3657 ad
395 3591 671 3674 pampinandum,
694 3596 721 3656 02
737 3592 887 3658 iudicabit
907 3591 1100 3657 iudicando?
1148 3595 1250 3656 noster
1269 3611 1363 3656 00000
1383 3595 1434 3669 002,
1458 3597 1486 3656 02
1501 3593 1552 3656 uir
1568 3611 1628 3656 non
1645 3597 1689 3657 est
1705 3595 1740 3658 in
1759 3597 1853 3672 terra,
1875 3598 1911 3658 at
1926 3595 2123 3676 iuprediatur

114 3704 203 3750 nune
232 3680 335 3762 000020
362 3678 602 3760 malefaciamus
629 3677 685 3742 tibi
714 3697 809 3758 quam
834 3679 924 3759 ipsis.
969 3675 1014 3741 Et
1033 3678 1098 3742 rim
1149 3677 1192 3742 od
1213 3695 1269 3741 nos
1289 3677 1459 3742 seeundum
1475 3697 1590 3742 morem
1611 3679 1777 3744 0002000000
1796 3683 1907 3745 terrae.
1952 3678 2003 3745 32.
2034 3679 2122 3760 Veni,

112 3770 263 3852 2000000002
282 3767 318 3830 20
343 3765 447 3828 airum
468 3764 573 3844 2000000
594 3761 653 3828 202
674 3763 779 3828 ratde:
807 3769 835 3828 et
863 3763 1097 3845 appropinqua·
1142 3766 1253 3843 potum
1277 3762 1385 3827 demus
1408 3763 1498 3844 patri
1519 3769 1621 3828 000200
1641 3763 1761 3843 omnm,
1793 3769 1821 3829 02
1840 3765 2034 3831 2000200000
2053 3785 2123 3831 eum

112 3857 235 3920 000002
263 3857 298 3916 02
321 3849 500 3933 2000000002
531 3849 652 3912 artium.
706 3848 755 3914 10.
785 3851 830 3913 dt
858 3851 1010 3915 0020000002
1034 3849 1099 3913 0202
1148 3868 1190 3924 eo,
1213 3853 1242 3912 02
1262 3848 1451 3928 vivificemus
1470 3849 1509 3913 de
1524 3853 1619 3930 00200
1646 3853 1748 3915 000200
1776 3869 1885 3916 semen.
1930 3851 1981 3916 33.
2002 3850 2046 3916 Et
2062 3871 2121 3932 po·

113 3958 254 4005 manum
275 3955 381 4010 00000,
404 3939 432 4000 02
452 3933 692 3999 introduxerunt
714 3935 772 3999 Lot
790 3936 833 4001 ad
854 3955 886 4000 00
907 3935 943 3999 iu
964 3934 1098 4013 02000000,
1149 3938 1213 3997 tum
1229 3933 1380 3998 0200200002
1392 3934 1485 4014 00202
1500 3953 1557 3998 suo
1578 3935 1694 4015 02000000,
1715 3941 1797 4002 00020
1817 3936 1952 4018 200οε02
1978 3939 2123 4021 inpressa

113 4033 142 4092 02
165 4025 287 4091 ostium
314 4021 499 4086 0200000002.
546 4019 596 4083 11.
626 4018 720 4085 Viros
747 4025 850 4084 0002000
870 4021 926 4101 002
947 4025 1036 4084 000002
1056 4020 1099 4084 02
1148 4024 1194 4084 002
1210 4019 1435 4102 002000000220,
1464 4024 1492 4083 02
1517 4019 1664 4085 domuisti
1687 4040 1756 4086 0000
1777 4027 1870 4102 00200
1890 4043 1963 4101 suo,
1985 4025 2041 4106 qui
2059 4043 2122 4090 nou

113 4113 240 4179 ostium
261 4109 378 4186 2000000,
395 4109 617 4188 0000000002
637 4106 789 4185 0000220ίο,
810 4127 832 4170 0
852 4106 980 4170 minimo
1001 4125 1099 4186 usque
1148 4104 1299 4188 00000022,
1329 4105 1454 4186 quaudo
1480 4104 1626 4170 0200002022
1652 4105 1739 4186 2000,
1769 4128 1823 4174 nea
1842 4109 1966 4189 quando
1985 4111 2123 4175 surrexit

111 4199 158 4264 ad
188 4195 383 4270 marimum,
419 4195 447 4256 02
473 4190 689 4257 laboraverunt
716 4197 753 4255 ut
777 4193 950 4257 invenirent
977 4192 1097 4256 ostium.
1149 4191 1231 4271 ipsa.
1276 4189 1327 4254 34.
1361 4187 1405 4255 Et
1434 4191 1499 4272 fuit
1524 4191 1695 4272 postridie,
1726 4193 1809 4257 diait
1836 4193 2046 4276 002οο000220
2078 4195 2122 4261 ad

113 4283 167 4348 12.
194 4281 246 4346 Et
272 4279 418 4344 diruerunt
446 4278 510 4342 oiri
531 4277 574 4342 ad
596 4275 670 4341 Lot:
692 4276 806 4342 Adbuo
827 4282 871 4342 est
904 4275 1023 4356 aliquis
1044 4277 1100 4342 tibi
1148 4276 1315 4342 minorem:
1335 4273 1422 4354 Erre,
1444 4276 1581 4341 domnini
1601 4274 1670 4341 20002
1689 4296 1757 4342 sero
1777 4297 1847 4344 0000
1861 4285 1953 4360 patre
1973 4299 2049 4357 meo,
2060 4300 2120 4360 po-

110 4367 192 4436 bie?
223 4384 385 4449 penarum,
413 4362 546 4443 ettitios
566 4368 647 4439 tuos,
680 4361 815 4442 02022200
835 4367 922 4439 20000,
945 4363 1099 4430 domnia
1148 4367 1214 4426 tum
1241 4363 1350 4426 demus
1376 4362 1405 4427 ei
1431 4362 1540 4426 einum
1566 4363 1659 4426 etiam
1685 4361 1743 4428 2000
1771 4367 1868 4429 noete:
1899 4368 1927 4430 et
1953 4366 2121 4448 iupredere,

110 4475 200 4536 quoe
230 4456 306 4516 sunt
332 4449 389 4514 tibi
415 4449 448 4512 in
477 4448 616 4525 02022020,
645 4448 721 4515 edua
749 4448 787 4513 de
811 4449 890 4514 loeo:
934 4447 983 4512 13.
1015 4449 1098 4529 Quia
1148 4447 1252 4512 dormi
1273 4467 1343 4512 eum
1363 4467 1409 4524 eo,
1438 4451 1467 4511 02
1494 4446 1687 4528 vivificemus
1707 4447 1744 4512 de
1764 4454 1859 4529 00200
1879 4454 1982 4514 000200
2008 4471 2118 4516 sentem

110 4537 337 4621 disperdimus
365 4555 421 4600 nos
448 4533 662 4610 2000020000,
692 4555 725 4598 eo
752 4535 834 4615 quod
862 4536 956 4600 000022
982 4533 1099 4599 elamor
1150 4532 1201 4599 35.
1233 4532 1277 4597 Et
1302 4537 1413 4614 potum
1440 4532 1589 4598 dederunt
1613 4533 1710 4598 022000
1736 4539 1820 4598 noete
1847 4535 1920 4616 ipsa
1947 4537 2038 4618 patri
2064 4556 2122 4603 suo

110 4645 229 4691 eorum
250 4640 354 4688 000000
376 4619 505 4695 labora,
533 4619 667 4684 etmirit
687 4639 745 4686 nos
767 4618 881 4686 1020000
902 4619 945 4686 002
964 4621 1098 4701 000200-
1149 4621 1276 4684 0200οε
1304 4623 1331 4684 02
1359 4619 1496 4684 00000022
1518 4619 1634 4697 minor,
1668 4625 1696 4684 et
1723 4620 1869 4686 0200002022
1894 4639 1964 4685 arm
1991 4641 2038 4702 eo,
2067 4639 2121 4688 000

109 4713 193 4778 dum
226 4727 305 4773 0000.
351 4705 400 4770 14.
425 4704 469 4770 22
495 4725 636 4788 opressus
663 4709 709 4770 est
730 4704 803 4782 Lot,
833 4711 861 4770 et
886 4704 1033 4787 loquutus
1054 4711 1099 4770 est
1149 4705 1286 4788 aopnoor't
1316 4705 1442 4786 quando
1472 4703 1620 4770 0200002022
1645 4705 1719 4787 ipsa
1744 4725 1797 4770 nee
1828 4705 1951 4788 quando
1983 4709 2122 4773 00000022

109 4798 157 4864 ad
186 4812 321 4878 poneres
345 4811 420 4856 00000
447 4791 503 4872 pai
532 4797 711 4871 aeceperunt
729 4790 820 4871 titios
841 4791 925 4868 eius,
954 4791 1099 4858 etdiorit:
1149 4791 1231 4872 ipsa.
1282 4789 1333 4855 36.
1359 4789 1404 4854 Et
1435 4792 1634 4869 0000000002
1664 4791 1747 4856 duae
1772 4790 1860 4871 22200
1884 4791 1944 4856 Lot
1969 4793 2007 4858 020
2028 4799 2121 4875 00200

109 4881 262 4966 sarpta,
286 4878 469 4961 epredimini
486 4877 524 4941 de
540 4877 605 4942 loeo
622 4878 691 4956 isto,
713 4878 792 4958 quia
811 4876 965 4957 disperdit
983 4875 1098 4944 Iebooa
1149 4896 1215 4941 sua
1266 4875 1317 4940 37.
1347 4874 1392 4939 Et
1412 4877 1535 4957 peperit
1562 4877 1772 4958 primopenita
1795 4875 1913 4956 pilium,
1948 4883 1977 4942 02
2003 4880 2120 4944 maort

108 4971 293 5036 020220200οε
324 4968 353 5027 02
382 4962 445 5044 tuit
476 4963 557 5028 02002
584 4962 693 5028 iudeus
723 4963 759 5028 in
791 4961 887 5029 000220
916 4982 1098 5045 0000000000
1147 4982 1255 5027 nomen
1277 4962 1345 5026 0200
1367 4959 1477 5026 Moab:
1496 4962 1565 5043 ipse
1581 4967 1627 5026 est
1641 4965 1735 5042 pater
1753 4959 1847 5028 Moab
1863 4981 1961 5044 usqae
1976 4965 2019 5029 02
2037 4964 2120 5030 diem

108 5071 262 5122 samm.
300 5047 350 5113 15.
372 5048 475 5129 Quum
495 5067 564 5112 ooro
586 5067 704 5112 aurora
726 5049 918 5122 ascendisset,
940 5047 1098 5113 instabant
1147 5046 1234 5112 20000.
1279 5046 1331 5112 38.
1352 5045 1396 5110 Et
1412 5047 1516 5112 minor
1535 5046 1630 5110 etiam
1651 5046 1724 5126 ipsa
1740 5048 1864 5130 peperit
1883 5047 1996 5128 filiurn,
2019 5055 2048 5114 et
2067 5071 2118 5115 oo·

108 5139 228 5226 000020·
246 5135 312 5217 2002
329 5133 397 5213 Lot,
418 5133 558 5200 dicendo:
578 5131 686 5218 Surpe,
707 5153 782 5216 0000
802 5153 931 5200 00000000
953 5138 1048 5212 tram,
1070 5138 1099 5198 02
1146 5134 1228 5198 auoit
1248 5153 1358 5199 00000
1385 5133 1453 5197 02000
1474 5130 1689 5197 Beuhammi:
1715 5133 1783 5213 ipse
1804 5137 1849 5199 002
1863 5139 1957 5216 pater
1980 5133 2118 5215 filiorum

106 5229 201 5294 duas
223 5221 314 5304 titios
329 5223 401 5284 tuas
421 5239 502 5301 quae
521 5219 655 5298 adsunt,
683 5239 722 5284 ne
747 5220 827 5301 forte
848 5238 962 5300 000000
981 5218 1016 5282 in
1031 5239 1095 5300 pro
1147 5217 1306 5284 Hammon
1326 5237 1424 5301 usqrre
1445 5217 1488 5282 ad
1508 5218 1590 5281 022000
1611 5215 1697 5282 20000.

106 5314 241 5382 uitione
262 5305 408 5372 0200220220.
451 5303 503 5370 16.
527 5303 571 5369 Et
589 5305 749 5386 20020502,
775 5311 804 5372 02
829 5303 1097 5388 apprehenderunt
