5000 6208
405 342 469 407 ιιι
1062 347 1434 416 ιιιιιιιιιιιι
1457 349 1507 412 ιι
1529 347 1744 415 eausam.
2334 356 2384 419 ιιι

403 531 463 596 ciis
486 529 654 613 disputent
676 532 840 611 homiues,
870 533 1000 599 nullum
1021 557 1102 619 opus
1121 535 1216 601 laude
1239 535 1376 620 dignum
1428 537 1548 619 inquo
1575 537 1690 618 pedem
1717 536 1820 621 figat?
1850 537 1977 602 Verum
2007 546 2044 602 nt
2073 539 2177 622 magis
2209 548 2384 609 exornentur

404 627 471 699 est,
501 637 560 681 uec
590 619 714 683 censeri
743 619 829 684 inter
858 621 997 686 virtutes
1019 627 1180 701 meretur,
1206 623 1269 688 nisi
1288 622 1377 705 quod
1428 623 1468 687 ad
1498 623 1550 688 sui
1577 623 1823 706 abnegationem
1853 644 1910 705 per
1924 625 2090 690 'circuitus
2122 645 2232 689 errare
2264 629 2383 710 cogitur.
2469 653 2470 664 ι

401 703 475 767 Deo
504 703 637 784 placeat.
682 703 757 787 Ipse
787 713 895 770 antem
923 714 1063 772 testatur
1090 707 1194 790 pluris
1222 707 1285 772 sibi
1306 729 1376 773 esse
1427 708 1511 772 Elcn
1535 707 1666 790 quidam
1690 717 1888 791 quercetum,
1912 708 1966 772 alii
1986 709 2165 775 convallem
2186 721 2323 790 vertunt,
2339 715 2384 778 alii

406 785 621 853 obedientiam
639 809 736 871 quam
758 791 924 862 sacrificia.
961 793 988 858 1.
1006 791 1094 858 Sam.
1115 793 1165 872 15,
1185 794 1235 858 22.
1266 793 1376 875 Quare
1427 802 1547 877 putant
1579 815 1699 858 nomen
1740 815 1811 862 esse
1844 796 2011 876 proprium
2053 796 2123 861 loci.
2178 797 2250 880 Ego
2284 799 2383 866 hloreh
2469 865 2470 868 ,

404 882 482 938 ιιιι
510 874 572 938 rite
594 874 657 939 erit
679 878 857 959 composita
879 877 948 942 rita
970 887 1095 958 nostra,
1126 880 1154 944 si
1176 879 1376 961 pendeamus
1427 881 1595 962 proprium
1629 901 1699 945 esse
1731 879 1792 944 loci
1827 901 1947 944 nomen
1980 903 2045 944 non
2073 879 2200 945 dubito:
2236 881 2291 946 sed
2313 884 2385 949 Eion

405 979 444 1022 ex
463 958 526 1022 Dei
545 980 617 1038 ore,
641 981 700 1026 neo
723 962 898 1045 quidquam
920 965 1134 1047 suscipiamus
1156 966 1221 1030 nisi
1243 987 1284 1030 ex
1306 967 1376 1030 eius
1426 965 1564 1044 vallem,
1593 976 1649 1030 ant
1677 987 1832 1049 quereum
1862 967 2074 1049 interpretor:
2102 988 2166 1031 ιιι
2197 969 2281 1049 quod
2303 971 2385 1036 unica
2469 1011 2470 1040 l

402 1042 510 1109 verbo.
556 1047 605 1111 Ac
626 1047 806 1111 notandum
828 1058 892 1126 est,
922 1071 986 1115 non
1010 1050 1049 1115 de
1071 1072 1137 1114 uno
1166 1051 1273 1134 aliquo
1302 1073 1375 1134 par·
1427 1052 1526 1116 fuerit
1558 1051 1670 1130 arbor,
1703 1050 1760 1116 sed
1788 1053 1926 1116 mutatio
1958 1061 2006 1118 est
2037 1053 2182 1118 numeri:
2211 1067 2309 1136 atque
2334 1056 2384 1122 hcc

402 1129 533 1228 tieulari
554 1152 651 1213 opere
673 1132 727 1198 hic
749 1134 819 1216 agi,
844 1134 902 1198 sed
924 1135 963 1200 de
986 1137 1130 1219 generali
1152 1138 1204 1219 pie
1226 1144 1376 1218 reeteque
1427 1138 1587 1219 posterius
1611 1137 1692 1202 mihi
1713 1138 1818 1220 magis
1840 1137 1973 1202 arridet.

400 1215 534 1280 unvendi
562 1217 730 1300 principio.
781 1219 919 1284 Vocatic
952 1221 1039 1286 enim
1068 1222 1178 1287 Abrae
1209 1231 1376 1303 tractatur,
1516 1222 1745 1289 taamanaens
1771 1228 1881 1288 auum.
1926 1223 2001 1288 Non
2024 1231 2145 1289 temere
2166 1225 2229 1289 hoo
2250 1223 2289 1288 de
2312 1225 2384 1292 Oba·
2469 1237 2470 1296 1

401 1322 486 1383 quae
514 1307 695 1369 communis
725 1315 775 1370 est
803 1313 903 1390 typus
931 1307 1018 1372 vitae
1047 1309 1194 1373 omnium
1220 1309 1374 1373 fidelium.
1427 1328 1551 1374 nanaeo
1584 1309 1727 1374 additur:
1762 1311 1838 1391 quia
1870 1330 1935 1372 non
1968 1309 2053 1375 levis
2085 1311 2146 1373 fuit
2177 1312 2328 1391 tentatio,
2356 1313 2385 1376 in
2469 1347 2470 1350 ι

401 1387 478 1450 Νιι
511 1409 625 1455 omnes
664 1390 793 1474 quidem
824 1393 1008 1476 promiscue
1046 1395 1198 1458 iubemur
1236 1395 1375 1476 patriam
1426 1403 1559 1478 gentem
1582 1394 1672 1458 illam
1701 1393 1858 1476 perfidam
1882 1403 1915 1459 et
1935 1395 2116 1478 improbam
2147 1397 2314 1479 omnisque
2334 1398 2385 1462 hu·
2469 1393 2470 1410 ¹

401 1471 568 1553 deserere,
591 1486 689 1558 atque
710 1475 772 1543 hoc
793 1478 828 1541 in
851 1477 976 1544 Abram
1002 1480 1140 1562 speciale
1163 1501 1232 1544 esse
1255 1480 1374 1545 fateor:
1427 1481 1595 1545 munitatis
1616 1491 1784 1563 expertem
1805 1479 1959 1546 innidere.
1997 1479 2085 1561 Quid
2108 1489 2185 1546 tunc
2203 1483 2238 1544 in
2256 1493 2385 1547 mentem
2469 1499 2470 1504 ’

399 1558 457 1623 sed
491 1564 706 1627 communiter
737 1583 850 1629 omues
883 1565 955 1629 vult
987 1565 1081 1629 Deus
1113 1565 1244 1630 subesse
1277 1567 1376 1631 verbo
1428 1567 1540 1630 venire
1570 1567 1676 1648 potuit
1708 1575 1820 1632 saneto
1853 1567 1940 1644 viro,
1974 1567 2036 1631 nisi
2062 1587 2098 1631 se
2131 1566 2295 1649 proditum
2327 1591 2385 1634 esse
2469 1637 2470 1648 ,

400 1668 473 1725 suo,
504 1656 538 1713 et
570 1649 702 1713 vivendi
732 1649 837 1732 legem
865 1670 907 1714 ex
933 1671 989 1715 ore
1017 1671 1077 1716 suo
1099 1668 1224 1732 petere,
1254 1673 1295 1715 ne
1318 1672 1376 1716 sno
1426 1653 1576 1734 pessimis
1599 1652 1793 1730 hominibus,
1816 1651 1971 1734 aquibus
1989 1673 2065 1716 mox
2084 1651 2281 1736 iugulandus
2304 1663 2385 1733 esset,
2469 1729 2470 1732 Ἴ

399 1732 534 1799 arbitrio
551 1735 605 1799 vel
626 1734 798 1799 hominum
823 1734 951 1818 placitis
969 1736 1249 1801 circumferantur.
1286 1737 1375 1820 Ergo
1428 1738 1478 1802 vel
1502 1739 1652 1802 intestam
1676 1759 1713 1802 ac
1736 1738 1887 1802 miseram
1909 1738 1998 1801 inter
2019 1738 2189 1803 continuas
2209 1739 2344 1804 iniurias
2359 1748 2385 1804 et
2469 1749 2470 1782 ³

400 1819 510 1885 Abrae
537 1821 685 1903 exemplo
712 1821 815 1885 solida
843 1823 946 1886 nostri
973 1821 1145 1906 abnegatio
1166 1823 1374 1906 praecipitur,
1426 1823 1591 1888 molestias
1620 1825 1723 1888 vitam
1757 1822 1912 1888 acturus?
1943 1824 2043 1906 Atqui
2073 1824 2153 1888 utile
2186 1823 2248 1888 fuit
2280 1826 2385 1891 talibus
2469 1843 2470 1908 j

400 1915 438 1970 ut
460 1907 615 1972 vivamus
636 1915 669 1970 et
691 1907 872 1971 moriamur
896 1908 951 1970 uui
973 1908 1053 1972 Deo.
1426 1929 1501 1974 oum
1523 1908 1718 1974 rudimentis
1740 1909 1908 1974 assuefieri
1925 1907 1966 1973 ad
1985 1929 2076 1991 spem
2099 1909 2277 1974 meliorem.
2311 1911 2385 1974 Nam

485 1993 514 2058 5.
549 1993 688 2058 Acimcs
721 2013 801 2074 qaas
831 1993 946 2073 fecerat
978 1993 1012 2057 ia
1047 1991 1183 2059 Charon.
1235 1995 1374 2059 Animae
1426 1996 1453 2060 si
1476 1994 1617 2076 benigne
1640 2005 1672 2058 et
1694 1996 1830 2058 comiter
1859 2002 2015 2077 exceptus
2038 2003 2123 2060 esset
2144 1996 2178 2059 in
2201 2003 2290 2061 terra
2313 1995 2385 2061 Cha·
2469 2067 2470 2072 .

398 2098 512 2144 servos
541 2087 575 2143 et
603 2078 738 2144 ancillas
766 2077 962 2162 significant.
1007 2077 1117 2162 Atque
1143 2078 1197 2144 hic
1229 2080 1373 2162 primum
1426 2101 1526 2160 noan,
1555 2080 1638 2144 nihil
1660 2080 1778 2144 melius
1800 2080 1997 2162 sperandum
2021 2091 2090 2145 erat
2113 2101 2210 2162 qnam
2234 2088 2271 2144 ιι
2292 2083 2385 2164 inqui·
2469 2073 2470 2124 l

398 2165 437 2228 fit
459 2164 626 2230 servitutis
650 2164 790 2228 mentio:
821 2163 907 2229 unde
930 2172 1065 2246 apparet
1087 2185 1153 2230 non
1175 2165 1279 2230 multo
1301 2173 1375 2247 post
1426 2167 1513 2231 linus
1541 2166 1608 2232 illic
1637 2166 1778 2249 degeret.
1831 2164 1927 2230 Nune
1955 2166 2054 2230 altius
2081 2167 2178 2250 erigit
2207 2165 2300 2232 Deus
2327 2169 2385 2231 eius
2469 2175 2470 2178 ’

399 2250 559 2316 diluvium
591 2250 717 2314 malitia
749 2248 919 2314 hominum
952 2250 1123 2330 accidisse,
1158 2262 1197 2314 ut
1230 2250 1372 2330 libertas,
1425 2254 1580 2330 animum,
1603 2264 1640 2316 ιι
1658 2259 1780 2316 ιιιιιιι
1798 2271 1832 2315 se
1850 2261 1958 2314 terrae
1976 2249 2143 2316 dominum
2163 2261 2195 2316 et
2215 2252 2385 2330 haeredem,
2469 2287 2470 2310 i

397 2356 479 2418 quae
506 2347 624 2402 natura
652 2335 833 2402 communis
861 2342 932 2399 erat
960 2337 1125 2411 omnibus,
1157 2335 1260 2401 bonae
1288 2339 1372 2418 parti
1424 2337 1539 2403 deletis
1560 2337 1691 2415 ineolis,
1721 2335 1894 2418 aliquando
1923 2337 2000 2401 tore.
2047 2336 2140 2402 Adde
2162 2338 2247 2420 quod
2269 2338 2387 2402 assidua
2469 2347 2470 2370 l

395 2420 531 2486 humani
555 2423 684 2507 generis
713 2421 842 2504 periret.
887 2419 983 2486 Unde
1004 2431 1113 2486 autem
1137 2423 1372 2488 habueritini-
1424 2421 1650 2507 inquietudine
1682 2431 1834 2486 monetur
1866 2423 2027 2503 respicere
2059 2424 2094 2487 in
2127 2423 2263 2488 coelum.
2310 2425 2385 2488 Nam
2469 2459 2470 2462 =

397 2508 480 2572 tium
502 2509 654 2584 servitus,
677 2529 743 2572 ιιι
766 2506 860 2572 facile
883 2506 970 2573 dictu
994 2518 1058 2572 est:
1082 2507 1146 2572 nisi
1169 2507 1254 2590 qnod
1274 2507 1371 2592 vulgo
1423 2531 1524 2592 quum
1542 2517 1649 2574 terrae
1666 2506 1852 2572 haereditas
1869 2508 2042 2591 praecipue
2060 2509 2107 2572 illi
2126 2519 2210 2574 esset
2227 2511 2385 2591 promissa,

396 2592 537 2659 obtinuit
564 2595 688 2678 opinio,
711 2614 731 2657 a
752 2593 845 2659 bellis
874 2601 980 2658 ortam
1010 2612 1094 2658 esse:
1129 2595 1204 2676 quia
1231 2594 1371 2659 victores
1419 2616 1528 2678 neque
1551 2594 1591 2658 ad
1614 2601 1747 2676 nepotes
1776 2595 1970 2675 pertineret,
1994 2594 2057 2659 nisi
2086 2596 2214 2660 ineius
2242 2596 2384 2679 gratiam:
2469 2647 2470 2650 ,

395 2700 476 2763 quos
507 2680 592 2745 ballo
626 2689 788 2764 ceperant,
822 2677 882 2743 sibi
915 2699 1028 2761 parere
1061 2679 1240 2762 coegerint,
1275 2685 1370 2761 atque
1422 2682 1570 2763 sequitur
1591 2700 1656 2744 non
1679 2678 1726 2742 illi
1749 2680 1854 2743 instar
1881 2679 2017 2744 ultimas
2045 2691 2150 2745 metae
2172 2682 2308 2764 praefigi
2329 2691 2385 2744 ter·
2469 2681 2470 2702 ¹

393 2766 471 2832 inde
501 2787 621 2831 nomen
650 2765 803 2848 mancipii
833 2764 1006 2830 deducunt.
1053 2763 1131 2830 Sive
1160 2775 1270 2829 autem
1292 2765 1371 2830 belli
1423 2788 1502 2845 ram,
1525 2768 1557 2830 in
1577 2787 1642 2848 qua
1659 2773 1725 2828 tam
1748 2764 1833 2828 male
1851 2775 1884 2827 et
1906 2765 2129 2829 inhumaniter
2151 2774 2318 2844 tractatur,
2336 2764 2384 2829 sed

391 2854 463 2918 iure
492 2853 638 2935 oppressi
668 2851 805 2928 fuerint,
833 2851 903 2915 sive
930 2851 1040 2933 inopia
1069 2851 1172 2916 coacti
1193 2851 1249 2934 qui
1272 2852 1369 2933 primi
1421 2852 1548 2917 coelum
1567 2851 1616 2915 illi
1639 2852 1774 2933 proponi
1797 2849 1852 2914 ubi
1875 2852 2027 2930 quiescat.

391 2941 584 3004 servitutem
607 2939 810 3002 servierunt:
838 2935 899 3000 hoc
921 2935 1050 3018 quidem
1073 2944 1196 3001 eertum
1219 2944 1276 3014 est,
1300 2937 1369 3001 vio·
1509 2938 1537 3002 7.
1571 2937 1613 3001 Et
1646 2937 1734 3001 uisus
1763 2940 1807 3000 est
1839 2935 2007 3000 Dominus.
2063 2936 2160 3002 Nune
2197 2938 2297 3002 refert
2327 2957 2384 3000 ιιι

392 3028 498 3090 lenter
520 3026 618 3089 fuisse
641 3031 830 3105 corruptum
851 3033 988 3088 naturae
1011 3020 1174 3086 ordinem:
1198 3023 1271 3104 quia
1295 3020 1369 3086 ideo
1422 3024 1521 3088 luisse
1551 3044 1682 3105 prorsus
1717 3021 1910 3084 destitutum
1939 3023 2082 3098 Abram,
2119 3023 2198 3105 quin
2228 3024 2317 3088 Deus
2343 3021 2385 3085 illi
2469 3105 2470 3110 ἵ

394 3112 493 3178 creati
513 3121 606 3174 erant
625 3110 775 3174 homines
793 3117 830 3172 ut
848 3117 994 3172 mutuam
1016 3108 1105 3172 inter
1127 3129 1161 3172 se
1182 3109 1368 3172 societatem
1421 3130 1556 3174 manum
1578 3111 1770 3190 porrigeret.
1816 3106 2000 3170 Notandum
2025 3116 2134 3172 tamen
2164 3117 2215 3174 est
2236 3129 2297 3191 quo
2318 3107 2384 3172 sub
2469 3113 2470 3118 ’

395 3199 547 3262 colerent.
592 3196 665 3259 Etsi
695 3205 805 3259 autem
837 3193 910 3258 aliis
934 3193 1015 3259 alios
1037 3213 1186 3274 praeesse
1208 3194 1288 3257 utile
1310 3205 1369 3272 est,
1421 3195 1495 3260 sidii
1517 3196 1724 3279 generosius
1745 3191 1980 3256 tentationibus
1999 3192 2090 3258 Deus
2113 3203 2289 3260 succurrat.
2325 3193 2386 3257 Nu·
2469 3211 2470 3232 ι

393 3283 556 3362 servanda
578 3292 648 3346 erat
671 3288 794 3359 tamen,
818 3287 856 3344 ut
878 3280 965 3343 inter
987 3280 1120 3356 fratres,
1144 3280 1366 3362 aequabilitas.
1422 3280 1499 3345 dum
1521 3281 1568 3345 illi
1592 3279 1728 3345 verbum
1749 3279 1858 3342 offert:
1890 3288 1923 3342 et
1946 3277 2075 3360 quidem
2098 3279 2164 3342 tale
2187 3291 2224 3343 nt
2244 3289 2384 3364 reputare

394 3369 586 3447 Caeterum,
607 3367 757 3450 quamvis
783 3374 871 3430 recto
893 3373 1150 3447 temperamento
1180 3365 1288 3448 (quale
1311 3387 1369 3449 op·
1420 3379 1528 3449 posset
1550 3365 1673 3430 Abram
1697 3386 1731 3430 se
1752 3362 1867 3427 haberi
1895 3363 2043 3428 ludibrio
2090 3363 2215 3432 Semini
2239 3367 2306 3431 eins
2327 3375 2383 3428 ter·

393 3454 527 3518 tandum
547 3451 644 3538 esset)
667 3452 832 3516 contraria
854 3451 898 3516 sit
919 3451 1070 3528 servitus,
1092 3457 1125 3515 et
1146 3453 1216 3515 eius
1237 3451 1369 3515 initium
1420 3473 1490 3516 ram
1516 3451 1670 3516 daturum
1700 3472 1734 3516 se
1763 3450 1973 3532 pronunciat:
2007 3448 2065 3514 sed
2095 3451 2150 3515 ubi
2184 3473 2306 3528 semen,
2339 3448 2383 3516 vel
2469 3455 2470 3464 ’

392 3541 474 3606 vitio
503 3559 568 3603 non
599 3539 754 3604 caruerit:
785 3558 850 3600 non
881 3545 990 3600 tamen
1022 3547 1194 3619 propterea
1214 3539 1370 3619 sequitur,
1420 3560 1494 3621 spes
1517 3540 1659 3616 seminis,
1685 3557 1784 3620 quum
1807 3535 1904 3600 orbus
1928 3534 1979 3612 sit,
2002 3555 2040 3600 ae
2061 3556 2173 3614 senex,
2196 3548 2230 3601 et
2251 3537 2383 3602 sterilem

392 3647 491 3691 usum
514 3627 567 3708 qui
591 3624 708 3689 deinde
729 3623 874 3688 moribus
896 3629 1045 3704 receptus
1064 3631 1129 3697 est,
1153 3643 1249 3704 quem
1272 3642 1369 3687 excu·
1420 3625 1539 3689 habeat
1575 3622 1734 3688 uxorem?
1770 3621 1851 3686 Fuit
1886 3621 1987 3704 igitur
2022 3623 2174 3687 solatium
2212 3623 2272 3688 boc
2302 3621 2385 3688 carni
2469 3627 2470 3636 ’

394 3720 446 3778 ιιι
469 3712 661 3785 necessitas,
691 3731 761 3773 esse
782 3708 943 3773 illicitum.
989 3707 1101 3772 Potuit
1122 3707 1224 3790 igitur
1245 3708 1370 3772 Abram
1419 3708 1606 3792 insipidum.
1652 3707 1717 3773 Sed
1741 3708 1840 3771 alium
1871 3715 2004 3790 gustum
2035 3707 2149 3773 habuit
2178 3708 2272 3773 fides:
2300 3709 2384 3773 cuius

392 3819 506 3863 servos
530 3805 598 3860 tam
626 3796 763 3878 pecunia
791 3808 918 3876 emptos
947 3814 1044 3875 quam
1073 3793 1135 3857 sibi
1165 3792 1251 3858 domi
1278 3805 1371 3858 natos
1421 3798 1588 3879 proprium
1612 3805 1677 3871 est,
1706 3815 1818 3858 omues
1845 3794 1971 3875 piorum
1994 3813 2110 3858 sensus
2132 3797 2319 3860 constrictos
2341 3805 2383 3854 te-
2469 3849 2470 3854 ,

396 3904 517 3949 vernae
560 3881 735 3964 possidere.
796 3880 941 3962 Vulgare
983 3879 1070 3944 enim
1112 3877 1195 3943 illnd
1234 3878 1372 3944 dietum:
1421 3902 1500 3945 nere
1519 3882 1609 3946 verbi
1628 3878 1819 3955 reverentia,
1838 3889 1876 3942 ut
1895 3878 2036 3943 sufficiat
2055 3880 2194 3944 unallei
2212 3880 2383 3964 promissio.

399 3967 498 4050 Quod
520 3970 560 4032 ab
583 3967 677 4032 initio
699 3986 763 4030 ιιι
791 3965 911 4043 valuit,
940 3972 1046 4030 tractu
1072 3966 1226 4047 temporie
1252 3985 1372 4031 conva-
1421 3966 1552 4032 Interea
1574 3967 1635 4030 etsi
1658 3988 1693 4029 re
1713 3967 1783 4048 ipsa
1812 3985 1938 4046 quoque
1968 3964 2116 4029 sublevat
2138 3965 2231 4030 Deus
2253 3981 2282 4029 ιι
2303 3963 2384 4029 miti·
2469 4027 2470 4042 ,

398 4057 519 4120 lescere
542 4075 607 4118 non
630 4061 750 4134 potest,
772 4050 896 4133 aliquas
918 4047 968 4135 (ut
991 4051 1069 4116 satis
1091 4060 1206 4114 notum
1229 4049 1293 4136 est)
1316 4074 1371 4116 ex·
1422 4061 1480 4136 gat
1513 4073 1682 4118 servorum
1713 4072 1846 4116 suorum
1879 4049 1980 4126 mals,
2014 4072 2077 4114 non
2109 4065 2221 4116 tamen
2247 4049 2386 4134 indulget

398 4144 563 4223 ceptiones
586 4138 743 4204 admittit:
767 4144 800 4201 et
822 4137 891 4200 eius
909 4137 955 4201 rei
978 4135 1164 4219 exemplum
1182 4136 1374 4202 habebimus
1423 4159 1483 4222 pro
1505 4139 1611 4204 carnis
1634 4145 1729 4214 voto,
1757 4136 1813 4201 sed
1843 4145 2005 4218 quatenus
2033 4137 2176 4218 expedit.
2221 4138 2304 4204 Hine
2326 4137 2384 4200 dis·
2469 4179 2470 4182 κ

400 4228 486 4292 infra
508 4225 589 4311 (cap.
614 4223 678 4309 48).
1424 4245 1550 4303 camus,
1580 4245 1680 4288 unum
1704 4223 1822 4286 hocin
1844 4221 1939 4285 malis
1961 4222 2140 4288 remedium
2164 4224 2280 4289 debore
2300 4221 2385 4286 nobis
2469 4219 2470 4280 i

486 4313 515 4376 6.
540 4311 584 4375 Et
604 4311 750 4376 transivit
772 4308 893 4373 Abram
914 4310 948 4372 ic
970 4311 1095 4372 terram.
1141 4307 1205 4373 Hic
1230 4306 1374 4372 ostendit
1424 4309 1587 4387 sufficere,
1616 4307 1692 4373 dum
1724 4329 1782 4372 nos
1811 4307 1911 4373 verbo
1937 4328 1997 4371 suc
2025 4309 2199 4391 compellat
2221 4309 2322 4386 Deus,
2352 4319 2386 4368 ιι
2469 4331 2470 4336 ’

399 4401 526 4476 Μοιιι,
550 4397 691 4473 Abram,
715 4417 756 4459 ex
778 4415 841 4477 quo
871 4404 993 4459 terram
1021 4395 1187 4476 ingressus
1210 4401 1275 4470 est,
1305 4413 1373 4458 non
1423 4416 1498 4459 eum
1513 4403 1640 4458 mentes
1658 4403 1786 4459 nostrae
1805 4393 1981 4475 propitium
1999 4395 2159 4458 sentiant:
2179 4416 2240 4460 nec
2257 4391 2384 4458 laxanda
2469 4407 2470 4474 ι

399 4486 511 4551 statim
540 4485 699 4566 reperisse
727 4480 902 4563 hospitium
933 4481 988 4546 ubi
1012 4481 1201 4562 quiesceret.
1246 4479 1372 4544 Nomen
1425 4503 1494 4545 esse
1533 4480 1647 4544 fraena
1679 4481 1875 4562 importunis
1908 4480 2016 4543 carnis
2049 4491 2180 4546 nostrae
2214 4478 2383 4546 desideriis:
2469 4533 2470 4564 ,

398 4574 486 4636 enim
510 4571 676 4648 transitus,
699 4577 731 4632 et
753 4567 877 4649 positus
898 4565 977 4643 loci,
1001 4565 1132 4650 longam
1154 4565 1256 4630 fuisse
1277 4565 1372 4629 itine-
1423 4567 1493 4649 ipse
1510 4587 1589 4631 uero
1601 4567 1691 4631 Deus
1709 4565 1855 4648 patribus
1874 4565 1942 4628 suis
1960 4586 2025 4629 nou
2045 4565 2158 4643 deerit,
2176 4567 2255 4650 quin
2274 4563 2385 4650 gratian
2469 4565 2470 4632 i

397 4659 445 4721 ris
469 4656 657 4721 distantiam
680 4653 867 4718 ostendunt.
905 4650 1036 4718 Sichem
1060 4674 1125 4716 ιιι
1148 4649 1259 4734 procul
1283 4652 1375 4716 abest
1424 4673 1500 4718 suae
1523 4652 1709 4716 testimonio
1731 4653 1837 4733 erigat
1858 4649 2005 4715 afflictos.
2469 4701 2470 4734 ,

398 4753 549 4806 amente
573 4741 729 4817 Gerizim,
753 4760 867 4804 versus
889 4737 1053 4802 desertum
1072 4747 1104 4803 et
1124 4737 1253 4821 plagam
1275 4737 1375 4801 meri·
1510 4737 1553 4801 Et
1575 4738 1751 4818 aedificavit
1772 4736 1879 4801 altore.
1917 4735 2028 4800 Altare
2047 4737 2107 4801 hcc
2129 4738 2307 4821 symbolum
2328 4734 2386 4797 fuit
2469 4735 2470 4798 ἶ

399 4828 570 4892 dionalem.
616 4825 728 4906 Quaere
756 4823 890 4906 perinde
920 4833 969 4888 est
991 4843 1028 4886 ao
1050 4823 1077 4887 si
1106 4823 1228 4888 diceret
1254 4823 1373 4902 Moses,
1424 4823 1645 4908 gratitudinis.
1677 4823 1783 4886 Simul
1807 4833 1902 4903 atquo
1925 4821 1973 4884 illi
1996 4825 2147 4904 apparuit
2170 4825 2277 4904 Deus,
2297 4820 2386 4900 erigit
2469 4833 2470 4874 ι

397 4935 513 4978 rursus
547 4911 715 4995 probatam
748 4933 819 4975 esse
847 4911 954 4974 Abrae
984 4908 1096 4989 fidem,
1124 4908 1254 4992 qnando
1283 4910 1374 4973 Deus
1424 4911 1542 4973 altare:
1561 4910 1596 4973 in
1619 4930 1715 4991 quem
1733 4907 1856 4972 finem?
1881 4915 1917 4970 ut
1936 4907 1998 4971 Dei
2021 4929 2139 4972 nornen
2163 4910 2298 4976 invocet.
2333 4905 2385 4967 Vi·
2469 4969 2470 4974 ,

399 5021 473 5064 eum
505 4997 653 5080 vagando
680 5005 784 5060 totam
812 5007 935 5060 terram
962 5015 1137 5078 peragrare
1169 5016 1283 5075 passus
1313 5002 1372 5073 est,
1424 4994 1539 5060 demus
1561 5014 1639 5078 ergo
1666 4995 1830 5058 intentum
1860 4993 1959 5056 fuisse
1988 4993 2123 5077 agendis
2145 4997 2274 5078 gratiis,
2302 4991 2385 5054 etin

396 5089 590 5170 priusquam
610 5085 779 5148 stationem
804 5081 945 5164 aliquam
963 5082 992 5144 ei
1011 5079 1112 5145 daret.
1154 5079 1263 5160 Quam
1285 5081 1373 5145 enim
1423 5080 1572 5147 beneficii
1601 5081 1789 5144 memoriam
1821 5079 1925 5144 alt-are
1947 5078 1987 5140 ab
2009 5102 2046 5144 eo
2070 5082 2220 5162 positum.
2264 5077 2385 5158 Siquis

400 5172 517 5235 duurnru
548 5177 613 5248 ιιι,
643 5185 744 5252 quum
766 5169 856 5232 Deus
886 5165 1051 5248 professus
1079 5169 1121 5231 sit
1148 5167 1217 5232 fore
1240 5187 1274 5232 se
1305 5167 1374 5231 eius
1424 5176 1516 5252 roget
1545 5186 1654 5231 annon
1683 5166 1824 5249 potuerit
1852 5164 1973 5246 absque
2011 5167 2106 5230 altari
2134 5167 2242 5232 Deum
2274 5161 2385 5230 colere:

398 5257 576 5339 hospitem,
604 5275 668 5318 ιιι
699 5255 854 5337 exignum
878 5253 994 5318 saltem
1016 5253 1174 5337 angulum
1195 5253 1373 5317 monstrari
1424 5251 1617 5336 respondeo,
1648 5273 1714 5318 non
1739 5251 1888 5316 sufficere
1915 5251 2102 5317 interiorem
2132 5253 2238 5318 cordis
2269 5249 2386 5316 cultum
