5000 6208
130 452 191 518 333
783 451 1152 566 33333333333333
1174 452 1224 519 Iu
1245 451 1460 520 euunsut.
2063 453 2128 519 334

124 649 253 726 3331333
274 662 376 708 meam
395 641 562 719 3333331333,
595 645 910 706 133133333333333
926 646 1045 722 postte
1065 640 1102 705 ia
1152 663 1212 707 333
1232 642 1329 724 eulpa
1350 662 1476 706 moram
1501 640 1648 707 attulerit
1668 641 1884 726 promissioni,
1913 639 1990 706 dum
2011 661 2128 726 prope·

128 730 376 814 perorationibus
406 728 484 793 auia.
540 726 590 791 10.
625 725 693 792 Hae
725 731 856 810 paetum
885 746 987 792 3333333
1018 727 1101 808 quod
1152 727 1240 793 ravit
1261 726 1301 792 ad
1321 725 1479 793 secundas
1496 728 1644 811 nuptias:
1666 728 1742 810 quia
1759 737 1868 792 tamen
1886 726 1970 791 nihil
1987 728 2053 792 tale
2071 748 2128 792 ex·

128 815 306 880 3331333333
332 815 414 879 iuter
433 817 528 878 meet
548 831 616 891 333,
646 817 673 876 et
693 813 775 878 iuter
802 832 904 878 semea
924 818 1013 878 tuum
1028 816 1102 894 poet
1151 813 1304 897 primitur
1326 835 1346 878 a
1367 813 1470 894 Mose,
1495 815 1528 878 in
1557 813 1665 878 medio
1686 813 1842 897 relinquo.
1893 811 2045 880 Suffiaiat
2073 829 2129 878 sn-

130 906 174 974 te,
220 907 257 964 ut
294 899 536 965 airarmaidatur
581 899 616 962 iu
662 897 747 963 rabir
785 899 886 964 ermis
928 899 1103 963 3333331333
1151 919 1240 963 mere
1267 919 1351 981 quae
1381 907 1471 964 eerta
1499 908 1592 966 sunt:
1622 919 1740 982 nempe
1769 899 1855 983 quod
1880 896 2005 964 Abram
2031 899 2128 964 unito

129 987 178 1051 11.
203 985 248 1050 Et
273 984 498 1052 mamaeae
525 1003 649 1050 3333333
671 984 837 1066 praeputii
856 985 967 1049 ratri:
995 983 1102 1049 eterit
1150 984 1218 1050 filio
1240 992 1427 1062 numenius,
1452 1005 1565 1049 semen
1594 983 1681 1049 aliud
1704 995 1856 1068 appetere
1879 984 2020 1050 desierit.
2065 982 2129 1049 Or·

128 1072 161 1137 ia
183 1073 310 1156 eipuum
330 1070 466 1154 foederis
486 1071 566 1134 iuter
586 1089 635 1134 me
656 1075 683 1133 33
704 1090 766 1135 333.
804 1069 1022 1151 1211331333
1038 1073 1101 1136 eata
1151 1070 1236 1136 bitas
1257 1071 1350 1153 prius
1366 1071 1472 1152 ipsum
1495 1069 1536 1135 ad
1559 1090 1670 1153 preces
1687 1069 1834 1136 assiduas
1856 1078 1889 1134 et
1906 1071 2047 1154 gemitus
2069 1069 2128 1134 sti·

128 1158 252 1222 dierum
286 1156 522 1222 circumcidetur
548 1156 583 1220 iu
609 1153 711 1220 uobis:
742 1156 845 1220 omnis
872 1156 1033 1221 masculae
1066 1156 1100 1220 iu
1151 1155 1313 1222 mulabat:
1343 1157 1391 1221 sia
1417 1157 1504 1221 enim
1532 1157 1641 1220 animo
1663 1157 1734 1220 eius
1756 1157 1859 1220 infixa
1877 1164 1947 1220 erat
1968 1155 2031 1220 Dei
2053 1175 2128 1239 pro·

125 1245 336 1328 generationes
355 1247 484 1316 uestras,
507 1261 602 1306 33333
623 1245 650 1306 et
671 1245 792 1322 eruptus
814 1246 938 1324 arpenta
958 1241 998 1306 ab
1015 1241 1101 1304 oraui
1151 1241 1271 1320 missio,
1294 1251 1331 1307 33
1352 1241 1507 1307 ardenter
1527 1241 1669 1307 ferretur
1694 1243 1730 1305 in
1754 1242 1823 1307 eius
1845 1241 2127 1324 eomplementum.

124 1329 192 1410 fitia
213 1329 408 1411 3133πὶ933333
428 1327 484 1407 aui
505 1346 567 1390 aaa
587 1327 691 1392 ratde
711 1328 827 1392 3333333
848 1332 908 1392 tua.
954 1326 1004 1392 13.
1030 1324 1099 1392 arr-
1149 1326 1247 1394 Nuno
1276 1348 1311 1392 se
1333 1328 1404 1392 voti
1433 1337 1612 1410 eompotem
1643 1328 1725 1393 falso
1754 1327 1964 1404 existiment,
2000 1328 2128 1392 obiedtu

125 1413 323 1481 atmoidertdo
354 1413 590 1478 airoumoidetur
615 1432 711 1478 verua
741 1417 830 1491 tuus,
857 1419 885 1477 et
905 1418 1024 1495 eaptus
1045 1432 1098 1476 ar·
1150 1413 1291 1478 earnalis
1311 1413 1370 1478 lilii
1392 1411 1433 1477 ab
1458 1413 1639 1496 expetendo
1661 1411 1826 1497 spirituali
1850 1413 1974 1478 semine
1999 1411 2129 1479 abduei·

123 1506 212 1585 perta
240 1504 307 1565 tuo:
335 1505 363 1582 et
390 1500 450 1563 erit
469 1503 599 1578 paetum
624 1517 727 1563 meum
752 1499 788 1563 iu
813 1517 906 1564 33333
933 1503 1036 1563 vestm
1064 1499 1099 1562 ia
1152 1509 1213 1563 tur.
1244 1499 1390 1564 Rursum
1409 1499 1492 1563 mira
1509 1500 1544 1562 in
1566 1499 1677 1564 eoDei
1697 1499 1825 1565 bonitas
1846 1520 1881 1564 se
1898 1499 2031 1578 exserit,
2049 1497 2129 1563 dum

120 1590 249 1670 paetum
264 1590 457 1668 perpetuum.
504 1582 554 1650 14.
573 1582 617 1647 Et
628 1585 851 1667 praeputiatus
872 1582 1031 1650 masuetus
1049 1583 1100 1648 eui
1150 1585 1185 1649 in
1215 1605 1307 1667 spem
1337 1603 1455 1649 novam
1484 1592 1616 1668 praeter
1637 1583 1822 1668 opinionem
1852 1594 1887 1650 et
1914 1593 2030 1650 votum
2061 1585 2130 1667 ipse

124 1691 185 1738 aaa
206 1671 392 1737 3333333333
411 1669 509 1751 suerit
528 1689 600 1734 aare
615 1671 779 1752 praeputii
798 1669 862 1748 eui,
883 1669 1100 1734 exterminabi-
1151 1670 1277 1735 Abram
1305 1671 1459 1754 erigitur,
1487 1671 1614 1753 sibique
1642 1671 1754 1735 datam
1783 1690 1854 1735 esse
1881 1678 2016 1753 repente
2037 1669 2130 1736 audit

124 1763 177 1822 tur
197 1759 308 1821 auimo
328 1757 402 1837 ipsa
418 1755 457 1821 de
477 1757 609 1838 papulis
631 1756 715 1834 auia,
745 1757 822 1838 quia
844 1760 972 1837 paetum
999 1775 1100 1820 merum
1151 1755 1237 1839 quod
1259 1767 1371 1838 petere
1392 1776 1560 1837 nunquam
1582 1757 1778 1838 inmentem
1802 1756 1956 1821 venisset.
1986 1754 2024 1821 st
2047 1775 2127 1838 quo·

124 1843 352 1924 333-3333313333.
389 1840 439 1906 15.
458 1841 503 1905 Et
521 1841 606 1907 dieii
626 1841 717 1907 Deus
737 1841 780 1906 ad
802 1840 974 1917 3113333333,
1000 1839 1100 1906 Sarai
1151 1839 1230 1906 tidie
1251 1841 1403 1924 preeibus
1421 1841 1612 1925 flagitasset,
1635 1862 1702 1906 non
1724 1851 1791 1906 tam
1814 1852 1925 1924 aperte
1942 1839 2036 1906 nobis
2052 1862 2129 1906 eon·

124 1931 236 1994 uaeris
257 1933 329 1994 3333
348 1948 411 1993 aaa
430 1925 552 1992 33331333
572 1945 682 1991 ramea
705 1925 820 2003 Sorai,
850 1927 906 1992 aed
929 1924 1035 1991 Sorai
1056 1931 1101 1991 eet
1152 1935 1255 1992 staret
1276 1928 1420 2011 gratuito
1432 1926 1496 1993 Dei
1518 1926 1603 1991 dono
1620 1927 1722 1992 luisse
1743 1927 1792 1992 illi
1813 1947 2011 2006 conoessum,
2029 1947 2129 2010 qnam

124 2034 233 2079 3333333
254 2014 331 2080 eiua.
377 2013 427 2078 16.
451 2011 496 2076 Et
517 2012 692 2078 3333333333
719 2013 756 2092 ei,
782 2018 874 2094 atque
900 2014 994 2077 etiam
1021 2011 1100 2076 31333
1151 2010 1230 2076 dam
1260 2012 1397 2078 offertur
1424 2033 1491 2077 non
1519 2013 1677 2098 eogitanti
1706 2032 1767 2078 nea
1795 2013 1970 2096 appetenti.
2015 2013 2130 2078 Prius·

123 2121 160 2167 33
176 2121 215 2165 33
232 2100 289 2165 titi
303 2099 415 2179 3313333,
433 2099 486 2164 tui
501 2098 684 2175 heraditum,
706 2103 735 2163 et
750 2099 811 2162 erit
826 2100 862 2163 ia
876 2103 993 2183 perstas:
1013 2117 1101 2181 repes
1151 2118 1250 2181 quam
1273 2108 1383 2164 tamen
1406 2097 1447 2162 ad
1466 2098 1558 2165 Isaao
1577 2099 1756 2178 veniamus,
1780 2099 1927 2164 ordinem
1949 2109 1983 2164 et
1999 2107 2130 2164 oentex·

118 2185 310 2268 paputarura
331 2204 370 2249 33
391 2203 429 2250 33
450 2189 547 2249 aaut.
594 2182 643 2249 l't.
667 2183 713 2248 Et
728 2185 905 2264 prostravit
923 2204 957 2249 33
977 2182 1100 2248 Abram
1151 2192 1221 2248 turn
1243 2185 1418 2250 verborum
1441 2194 1555 2249 notare
1576 2204 1694 2268 operae
1717 2185 1858 2268 pretium
1880 2191 1940 2250 est
1978 2184 2129 2250 Primum

123 2273 158 2337 ia
177 2272 293 2354 faeiem
313 2289 415 2347 suam,
437 2275 466 2335 et
484 2271 567 2342 risit,
587 2268 727 2351 3133333333
747 2270 783 2334 iu
803 2270 891 2336 eorde
911 2289 982 2335 etto:
1000 2268 1100 2334 113333-
1152 2268 1232 2336 diait
1260 2269 1371 2336 Moses
1401 2270 1581 2335 Dominum
1609 2270 1658 2335 illi
1684 2270 1891 2354 apparuisse:
1922 2278 1960 2334 ut
1988 2269 2129 2336 seiamus

122 2357 201 2440 qaid
227 2359 297 2422 aira
330 2359 450 2420 33333333
483 2375 639 2421 aurorum
670 2359 815 2420 33333333
842 2354 974 2437 motae?
1006 2360 1035 2420 et
1056 2374 1100 2418 au
1152 2376 1228 2420 non
1243 2374 1364 2421 aroana
1384 2365 1516 2421 tantum
1536 2357 1736 2421 revelatione
1768 2354 1911 2420 delatum
1932 2355 2033 2422 fuisse
2055 2359 2130 2420 ora·¹

124 2441 233 2508 Saratt
253 2441 370 2507 33331333
389 2441 561 2524 aoaapiata
581 2460 735 2505 arenarum
746 2441 876 2522 pariet?
919 2440 969 2506 18.
988 2439 1033 2505 At
1053 2440 1101 2504 di·
1151 2442 1277 2508 aulum:
1300 2442 1359 2507 sed
1377 2441 1534 2508 visionem
1557 2442 1653 2506 simul
1675 2441 1830 2507 additam.
1865 2441 2039 2507 anteram
2061 2460 2128 2505 non

122 2531 170 2594 ait
193 2526 359 2593 Abrabam
380 2527 423 2592 ad
443 2526 565 2593 Deum:
593 2525 719 2592 Utiaam
740 2525 859 2592 Ismaet
884 2527 970 2592 33331
997 2544 1100 2591 mrem
1151 2537 1242 2592 muta
1263 2526 1326 2592 luit
1348 2527 1440 2604 visio,
1462 2528 1519 2594 sed
1542 2547 1708 2596 annexum
1730 2527 1846 2594 babuit
1867 2526 2013 2606 verbum,
2041 2524 2129 2593 unde

123 2621 158 2680 ta
206 2613 257 2679 19.
281 2611 326 2677 ut
353 2613 436 2677 dixit
457 2611 563 2679 Deus:
593 2611 669 2678 Vere
692 2610 798 2677 Sorai
819 2616 976 2677 uxortua
992 2612 1101 2694 pariet
1151 2615 1323 2698 proflueret
1346 2613 1455 2678 Abrae
1477 2612 1568 2679 fides.
1607 2613 1678 2678 Iam
1701 2612 1838 2680 verbum
1857 2611 2047 2678 summatim
2067 2611 2130 2678 boo

123 2700 179 2765 tibi
199 2699 319 2780 fidum,
352 2697 522 2764 3333331333
547 2717 657 2762 aarum
681 2697 751 2764 eiua
772 2697 883 2763 Isaac:
916 2702 1100 2762 etstatuam
1151 2700 1313 2776 eontinet,
1336 2698 1421 2781 quod
1443 2697 1536 2765 Deus
1557 2697 1670 2766 faedus
1692 2699 1871 2784 paeisaitur
1891 2717 1966 2763 aum
1987 2696 2129 2762 Abram:

117 2791 249 2868 paetum
270 2804 371 2849 meum
392 2804 462 2848 33333
483 2804 516 2848 eo
538 2785 574 2848 iu
597 2788 726 2866 paetum
750 2788 950 2866 perpetuum,
980 2789 1009 2848 et
1029 2802 1099 2848 33333
1151 2785 1269 2851 deinde
1299 2785 1395 2868 quale
1423 2785 1467 2850 sit
1491 2784 1606 2850 laedas
1634 2785 1647 2848 i
1671 2805 1744 2852 sum
1767 2782 1919 2864 deelarat,
1942 2792 1974 2848 et
1996 2782 2129 2848 tandem

121 2872 241 2938 33333333
262 2870 331 2936 eius
347 2875 419 2951 port
440 2889 517 2936 eum.
561 2868 613 2934 20.
636 2867 683 2934 Et
696 2890 759 2951 pra
780 2869 900 2934 Iemaet
923 2869 1035 2935 audiri
1054 2873 1099 2934 te:
1150 2871 1309 2952 obsignat,
1332 2869 1443 2936 addita
1464 2879 1597 2936 tessera.
1690 2891 1707 2935 3
1727 2889 1800 2936 auru
1819 2869 1910 2936 Deua
1925 2870 2127 2950 oruaipateae.

122 2977 200 3034 3333,
229 2955 372 3021 attatei
392 2957 430 3031 ei,
454 2960 482 3018 et
502 2975 632 3020 33333333
651 2954 770 3036 faiam
791 2974 878 3032 3333,
900 2961 929 3020 et
948 2954 1099 3038 multipli-
1149 2957 1217 3023 Pro
1239 2956 1311 3021 Deo
1340 2955 1394 3020 bio
1422 2956 1563 3021 habetur
1593 2954 1783 3022 bebraiaum
1814 2975 1936 3022 nomen
1958 2954 2015 3032 El,
2043 2952 2130 3037 quod

121 3063 196 3110 aare
223 3041 343 3124 faciam
367 3061 437 3105 eum
460 3061 561 3123 supra
585 3041 727 3106 3333133333
754 3041 915 3107 daodeeim
935 3042 1100 3123 principes
1150 3042 1338 3127 epotantia
1359 3041 1535 3107 deductum
1558 3047 1616 3107 ast.
1654 3041 1779 3108 Eodem
1798 3043 1939 3126 pertinet
1960 3039 2128 3124 epitheton

119 3127 290 3213 perorabit,
313 3131 472 3210 apertam
493 3146 564 3190 eam
584 3127 621 3192 iu
639 3131 759 3210 partera
778 3146 935 3208 maprtam.
979 3127 1032 3192 21.
1055 3125 1100 3190 nt
1150 3141 1229 3205 ww,
1257 3149 1295 3193 33
1321 3128 1349 3193 31
1377 3127 1609 3210 pronnnaiarat
1632 3129 1733 3204 Deus,
1765 3150 1800 3191 se
1830 3127 1871 3190 ad
1891 3123 2129 3210 protegendum

114 3219 248 3296 paetum
274 3233 377 3278 3333333
402 3216 540 3278 33313333
564 3211 768 3290 3333313333,
796 3231 885 3292 quara
906 3213 1015 3294 pariet
1042 3211 1100 3277 tibi
1151 3213 1276 3279 Abram
1304 3212 1385 3279 satis
1412 3212 1530 3278 babere
1561 3214 1708 3292 virtutis,
1739 3215 1815 3296 quia
1843 3232 2012 3296 nunquam
2034 3212 2131 3278 aliter

122 3299 231 3364 Saralt
260 3300 296 3364 iu
327 3305 460 3379 tempore
488 3297 556 3374 1333,
589 3318 672 3364 aare
705 3299 810 3364 attero
853 3297 904 3364 22.
928 3297 972 3362 Et
996 3298 1101 3380 finiuit
1149 3298 1301 3366 eonsistit
1321 3298 1403 3364 fides
1423 3305 1535 3364 nostra
1556 3318 1655 3381 quam
1684 3299 1762 3364 dum
1784 3307 1873 3365 oerto
1888 3299 2035 3382 persuasi
2056 3297 2129 3363 uni·

120 3385 209 3467 lopati
226 3404 298 3449 aum
314 3405 356 3464 eo,
374 3390 402 3448 et
418 3384 557 3450 ascendit
566 3383 657 3450 Deus
673 3383 713 3449 ab
730 3383 905 3449 Abrabam.
938 3383 989 3448 23.
1012 3384 1100 3448 Turre
1150 3406 1224 3452 aum
1247 3385 1311 3449 Dei
1333 3384 1531 3467 praesidium
1561 3384 1654 3450 nobis
1675 3386 1833 3464 suffioere,
1855 3382 2008 3469 quidquid
2030 3383 2130 3448 saluti

119 3469 290 3536 Abrabam
310 3471 382 3536 tutit
402 3469 521 3536 Iamaei
546 3469 650 3552 filiam
671 3489 781 3547 33333,
808 3475 837 3535 et
863 3489 967 3535 onmes
987 3488 1101 3534 uanae
1150 3479 1283 3537 nostrae
1304 3471 1339 3534 in
1362 3469 1484 3534 mundo
1513 3469 1688 3535 adversum
1711 3481 1761 3535 est
1787 3491 1900 3536 seoure
1923 3468 2128 3551 despicimus.

120 3557 236 3623 31333333
257 3577 342 3634 auae,
364 3561 393 3621 et
413 3575 532 3621 3333333
553 3557 744 3638 acquietum
765 3560 889 3638 arpenta
906 3575 979 3621 33333
1000 3557 1101 3620 ornata
1150 3557 1223 3623 Non
1243 3557 1345 3621 iaetat
1366 3575 1445 3641 ergo
1467 3553 1560 3621 Deus
1581 3555 1761 3638 potentiam
1784 3577 1887 3636 suam,
1916 3575 1999 3638 quae
2027 3575 2128 3638 penes

117 3643 258 3708 maseuli
278 3643 314 3706 iu
334 3643 416 3706 uiris
435 3642 547 3706 dorsus
562 3662 639 3706 3333
658 3641 850 3708 3333333333
866 3661 990 3706 aarum
1002 3661 1099 3722 prae·
1149 3645 1256 3726 ipsum
1279 3661 1454 3724 suppressa
1464 3640 1573 3721 lateat,
1595 3640 1652 3707 sed
1675 3661 1772 3724 quam
1783 3641 1926 3726 explieat
1947 3661 2026 3725 erga
2044 3639 2128 3705 filios

113 3729 205 3812 pretii
226 3747 334 3794 3333333
354 3729 390 3792 iu
410 3729 540 3810 ipsomet
558 3727 618 3806 die,
640 3729 722 3792 333333
742 3728 885 3808 1333331333
904 3728 1010 3808 fuerat
1029 3746 1100 3792 33333
1150 3749 1238 3807 3333,
1265 3738 1304 3792 33
1333 3726 1408 3792 inde
1435 3727 1607 3792 materiam
1636 3727 1774 3793 fiduoiae
1803 3727 1963 3809 oonoipiat
1993 3723 2127 3791 Abram.

117 3834 154 3879 33
178 3813 277 3879 Deua.
322 3813 372 3878 24.
395 3813 559 3877 Abrabam
586 3817 690 3878 autera
714 3814 857 3878 3331333
881 3813 1101 3896 aouapiutaet
1149 3814 1204 3879 Ita
1224 3814 1259 3878 in
1281 3813 1335 3878 his
1356 3811 1465 3878 verbis
1487 3813 1613 3879 inolusa
1636 3821 1686 3878 est
1729 3813 1888 3878 remissio.

117 3919 231 3964 3333333
252 3919 413 3976 33333333,
436 3899 561 3981 quaudo
577 3899 760 3963 3333333333
774 3898 838 3978 fuit
852 3919 926 3964 cara
939 3898 1101 3982 praeputii
1236 3898 1375 3964 Arabeta
1395 3917 1498 3964 eoram
1519 3918 1576 3965 333.
1628 3833 1728 3980 Quid
1740 3898 1821 3965 haee
1843 3898 1988 3981 loquutio
2011 3896 2128 3974 331333,

114 3985 236 4066 ipsius.
280 3981 730 4064 remurmuremus
749 3988 814 4048 erat
835 3984 979 4050 3333133333
999 4003 1099 4048 33333-
1150 3983 1227 4050 alibi
1250 3984 1403 4050 diximus.
1433 3983 1475 4048 In
1497 3982 1627 4050 loedere
1646 3983 1821 4135 ggngendo
1844 3983 2019 4066 stipulatur
2037 3983 2128 4050 Deus

115 4091 196 4135 rum
217 4071 342 4153 3333313
370 4071 572 4136 aireumeiaue
600 4075 644 4134 est
664 4070 733 4150 ipae
757 4069 793 4134 ia
819 4089 912 4136 carae
936 4071 1101 4153 praeputii
1150 4090 1287 4136 aservo
1309 4090 1368 4135 suo
1388 4067 1614 4135 obedientiam.
1692 4068 1712 4133 d
1734 4091 1802 4135 non
1819 4070 1943 4135 frustra
1960 4066 2128 4152 praefatus

114 4158 186 4222 sui.
231 4156 283 4221 26.
308 4156 352 4221 Iu
372 4157 501 4239 ipreom
520 4156 572 4220 die
599 4155 800 4220 eirourraieue
821 4161 866 4221 eat
886 4155 1101 4221 Abrabamet
1150 4165 1200 4222 est
1221 4154 1315 4221 Deus
1344 4176 1379 4222 33
1408 4156 1525 4221 fortem
1548 4176 1618 4221 esse
1639 4156 1759 4234 Deum,
1788 4165 1822 4220 et
1842 4157 2039 4220 instruetum
2061 4154 2128 4219 vir-

116 4241 244 4307 Ismaet
271 4240 362 4323 attus
388 4243 466 4306 eiua.
510 4241 562 4306 27.
585 4241 629 4306 Et
656 4260 761 4306 333333
791 4241 856 4305 oiri
883 4241 994 4307 31333333
1019 4243 1098 4318 aas,
1151 4239 2128 4323 33333331333333333313333313333333333331333333-

114 4349 219 4393 aerrra
236 4329 356 4407 domus,
374 4333 402 4392 et
418 4331 539 4410 eruptus
556 4331 682 4411 arperto
701 4347 723 4390 3
737 4325 805 4407 filio
821 4327 1023 4411 atieaipeaae,
1042 4328 1100 4392 tir-
1150 4326 1213 4393 bus
1232 4327 1376 4408 oportuit
1397 4327 1523 4392 Abram
1545 4336 1584 4391 ut
1605 4335 1709 4391 tetum
1732 4347 1768 4392 se
1789 4328 1846 4392 uni
1864 4327 1936 4391 Deo
1953 4324 2127 4390 addiceret.

112 4413 252 4480 3333333333
272 4417 435 4478 33313333
456 4413 534 4495 ipsa.
1150 4413 1255 4478 Nemo
1277 4413 1366 4477 anim
1388 4433 1531 4495 unquam
1555 4412 1596 4478 ad
1618 4412 1726 4477 Deum
1751 4432 1786 4478 sa
1807 4411 1948 4496 eolliget,
1977 4410 2042 4475 nisi
2071 4409 2128 4492 qui

1150 4499 1308 4565 oreaturis
1336 4498 1372 4562 in
1401 4497 1550 4562 ordinem
1579 4499 1698 4563 ooaotis
1719 4497 1811 4563 illum
1834 4517 1937 4563 unam
1962 4494 2125 4578 snspiaiat.

214 4586 242 4650 1.
286 4585 469 4667 Nouapiata
490 4589 519 4648 et
539 4603 645 4650 333333
665 4605 827 4651 3333333333.
866 4585 977 4649 Moses
998 4605 1101 4650 annos
1151 4585 1215 4650 Dei
1245 4604 1323 4649 vera
1345 4583 1500 4666 potentia,
1533 4581 1589 4648 ubi
1612 4583 1712 4649 semel
1734 4583 1848 4668 agnita
1869 4583 1975 4658 fuerit,
1997 4581 2044 4648 sio
2066 4599 2128 4646 nos

114 4669 281 4736 3333133333
304 4671 391 4735 vitae
412 4668 537 4735 Abram
559 4669 734 4736 transsilit:
765 4691 830 4735 uon
860 4669 945 4753 quod
975 4670 1102 4736 interea
1151 4670 1279 4736 ineius
1301 4668 1549 4734 admirationem
1566 4688 1683 4752 rapere
1705 4667 1810 4747 debet,
1832 4679 1865 4734 et
1886 4669 1956 4733 eius
1973 4685 2127 4732 reveren·

109 4757 205 4822 nihil
230 4755 384 4823 aooiderit
404 4763 587 4820 memoratu
610 4755 758 4840 dignum,
787 4755 845 4820 sed
866 4757 942 4839 quia
964 4756 1101 4840 spiritus
1150 4757 1198 4821 tia
1219 4775 1377 4838 oocupare
1398 4767 1526 4819 mentes
1543 4765 1682 4832 nostras,
1704 4763 1743 4819 ut
1764 4754 1847 4820 nihil
1870 4753 1910 4818 ab
1933 4773 1970 4818 eo
1991 4750 2127 4818 oolendo

111 4843 185 4908 Dei
212 4864 269 4908 suo
292 4841 428 4907 arbitrio
450 4840 572 4924 delegit
601 4861 683 4924 quae
711 4842 843 4925 aegnitu
873 4841 1015 4906 maxime
1043 4863 1100 4906 ne-
1152 4863 1211 4908 nos
1232 4839 1397 4924 impediat.
1448 4839 1553 4905 Porro
1574 4840 1650 4923 quia
1671 4839 1736 4905 Dei
1758 4839 1843 4907 333Ιί
1865 4838 1963 4904 fidem
1985 4843 2019 4903 et
2040 4837 2127 4902 veri·

110 4929 266 4996 tessaria
287 4936 392 4992 erant.
443 4925 604 4993 Consulto
632 4939 741 4993 autem
770 4927 921 5011 designat
942 4936 1100 5010 quantum
1151 4936 1252 4993 333333
1283 4925 1389 4994 oordis
1424 4927 1602 5007 respiciunt
1630 4925 1760 4991 iubetur
1788 4924 1913 4990 Abram
1945 4923 2126 5006 integritati

111 5014 281 5097 temperis
303 5013 482 5091 effluxerit,
505 5034 548 5078 ex
569 5034 632 5095 quo
653 5022 750 5078 natus
773 5024 823 5078 est
843 5013 959 5078 lsmael
983 5033 1100 5096 usque-
1150 5032 1282 5096 operam
1305 5010 1392 5077 dare.
1428 5010 1514 5076 Nam
1535 5010 1702 5076 hominem
1723 5012 1960 5094 perfeetionum
1981 5007 2126 5074 Hebraei

110 5100 201 5168 dnm
231 5100 411 5183 promissus
438 5099 500 5163 fuit
527 5098 637 5164 Isaaa:
675 5110 713 5164 ut
738 5101 880 5164 33333333
907 5099 1015 5183 ipsum
1043 5099 1101 5163 din
1150 5099 1337 5172 nominant,
1366 5097 1423 5181 qui
1457 5098 1568 5162 animo
1596 5105 1648 5162 est
1672 5118 1738 5162 non
1768 5096 1876 5163 133333
1904 5115 1964 5160 neo
1993 5092 2125 5177 duplici,

69 5261 73 5268 ¹
108 5185 326 5270 acquievisse
354 5185 391 5249 in
412 5203 451 5250 eo
473 5184 541 5248 filio
566 5185 622 5267 qui
643 5183 777 5250 tandem
798 5183 998 5251 abdiaandus
1019 5193 1098 5262 erat,
1149 5183 1208 5250 sed
1223 5183 1352 5249 sinemo
1377 5181 1608 5251 testitudinem
1630 5183 1716 5248 eolit.
1765 5182 1808 5247 In
1829 5201 1966 5258 summa,
1988 5179 2126 5263 integri·

108 5283 146 5340 et
170 5272 270 5356 quasi
291 5269 385 5335 inani
404 5270 512 5352 speeie
534 5268 695 5336 delusum.
739 5270 871 5336 Interea
893 5269 1041 5335 videmus
1061 5277 1102 5334 nt
1150 5278 1210 5348 tas,
1236 5269 1331 5335 ouius
1360 5269 1414 5334 bio
1440 5270 1479 5333 lit
1507 5267 1639 5346 mentio,
1667 5268 1833 5353 bypoerisi
1855 5269 2038 5352 opponitur.
2080 5265 2127 5330 Et

107 5379 195 5426 eum
221 5355 385 5421 Dominus
401 5354 666 5422 aueumduxerit.
689 5357 735 5421 Et
755 5357 826 5421 fieri
848 5364 956 5438 potest
977 5365 1013 5419 ut
1029 5357 1100 5438 ipse
1150 5376 1230 5422 sane
1252 5354 1307 5422 ubi
1329 5374 1403 5420 eum
1420 5354 1494 5419 Deo
1516 5355 1680 5438 negotium
1703 5349 1852 5432 estnon
1870 5362 1972 5419 restat
1992 5350 2127 5416 simula·
