5022 6192
367 417 408 480 31
1034 411 1403 482 COMMENTARIUS
1424 413 1475 479 IN
1493 413 1706 484 eausam.
2320 417 2362 482 32
2492 489 2493 506 ¹

366 605 436 686 ipse
463 604 571 670 mouit
597 624 714 670 omaeoa
741 609 857 670 mnam
885 603 1080 683 Aethiopiae.
1143 602 1192 669 14.
1215 601 1258 666 Et
1286 623 1338 669 aa
1390 621 1525 666 manum
1553 623 1646 669 suam
1669 603 1774 680 Deus,
1804 601 1986 670 interibunt
2012 604 2161 686 protinus
2188 603 2307 682 omnia,
2330 615 2362 668 et
2492 645 2493 656 .

367 689 553 770 mendatii
578 691 664 755 tertii
692 689 853 769 Hiddeltel,
886 689 955 770 ipse
989 689 1085 754 aedo
1111 688 1154 754 ad
1184 687 1339 754 Orientem
1390 685 1423 751 in
1456 687 1596 752 nihilum
1634 688 1795 754 diffluent:
1841 698 1879 754 ut
1907 687 2047 755 habetur
2078 689 2166 756 Psal.
2198 689 2276 768 104,
2309 689 2360 756 29.
2492 713 2493 730 ¹

367 775 482 852 Aeser,
505 780 533 840 et
550 777 667 854 flamen
687 781 833 857 quartam
861 781 905 840 eet
928 773 1053 840 Peratb.
1098 773 1147 838 15.
1170 773 1256 839 Tulit
1279 776 1339 839 ita-
1388 771 1457 838 Neo
1477 794 1556 838 vero
1579 774 1677 856 probe
1689 774 1781 840 Deus
1794 773 1981 859 agnoseitur
1998 775 2080 839 ooeli
2102 784 2136 840 et
2146 784 2253 840 terrae
2270 794 2361 840 orea-
2492 797 2493 800 ¹

366 881 424 942 qae
452 858 566 926 Iebooa
593 861 684 928 Deras
704 861 873 938 bominem,
904 865 931 924 et
952 861 1062 942 posuit
1089 880 1160 925 aem
1187 860 1224 924 ia
1250 859 1338 925 boeto
1388 866 1439 922 tor
1468 859 1531 924 nisi
1559 857 1636 924 dum
1664 871 1821 943 perpetua
1855 858 1911 923 illa
1939 861 2102 943 vegetatio
2135 861 2166 926 ei
2195 861 2360 927 tribuitur.

366 945 485 1025 Hera,
506 951 541 1010 at
568 946 675 1012 ooleret
701 967 788 1023 eam,
809 951 837 1012 et
857 945 1020 1012 custodiret
1041 965 1119 1011 eum.
1165 944 1215 1009 16.
1238 943 1337 1010 Prae-
1388 941 1474 1009 Nota
1494 953 1545 1011 θεῖ
1562 944 1689 1024 solutio,
1711 965 1853 1012 cessasse
1871 943 1980 1010 Deum
2001 944 2042 1010 ab
2064 948 2152 1011 omni
2174 967 2272 1029 opere
2292 968 2360 1024 suo,

364 1031 499 1114 repitque
520 1031 634 1098 labora
655 1031 745 1097 Deus
771 1031 905 1107 bomirsi,
935 1031 1084 1098 dicendo:
1110 1029 1161 1095 De
1182 1032 1266 1095 omni
1287 1053 1338 1098 ar·
1360 1033 1364 1082 ¹
1387 1029 1463 1111 quia
1491 1051 1591 1096 novas
1620 1051 1730 1099 rerum
1759 1031 1883 1114 speeies
1910 1049 2020 1096 oreare
2049 1031 2182 1096 destitit.
2233 1030 2360 1096 Verum

365 1117 435 1182 bore
472 1116 556 1184 lorti
591 1118 770 1184 mmedendo
800 1117 944 1184 comedes.
1002 1116 1052 1180 17.
1082 1115 1130 1179 At
1159 1116 1197 1180 de
1228 1116 1337 1182 arbore
1387 1124 1424 1177 ut
1445 1113 1561 1180 elatior
1582 1117 1626 1180 sit
1647 1136 1762 1182 sensus
1785 1116 1937 1200 intellige,
1971 1117 2048 1198 quia
2068 1116 2150 1181 nihil
2172 1116 2214 1181 ad
2236 1117 2361 1199 perseo-
2492 1137 2493 1170 l

365 1203 512 1268 scientiae
534 1202 654 1268 boniet
673 1204 752 1269 mali
771 1223 810 1267 ae
826 1203 969 1279 eomedas
983 1223 1022 1266 eo
1037 1201 1112 1267 illa:
1133 1203 1208 1282 qaia
1229 1202 1264 1266 ia
1286 1203 1337 1267 die
1387 1200 1508 1265 tionem
1537 1199 1651 1266 mundi
1679 1200 1857 1268 desiderari
1884 1210 2022 1350 soleret,
2044 1211 2224 1268 extremam
2248 1223 2268 1266 a
2290 1203 2361 1268 Deo
2492 1257 2493 1314 ἰ

365 1308 426 1370 qao
444 1288 611 1354 mmederis
631 1309 671 1352 eoo
686 1309 731 1367 ea,
752 1289 908 1354 morando
929 1288 1080 1352 morioris,
1121 1287 1170 1353 18.
1189 1285 1233 1350 Et
1254 1288 1337 1352 diait
1385 1285 1569 1368 impositam
1590 1286 1689 1352 luisse
1700 1307 1848 1352 manum:
1871 1288 1882 1351 i
1907 1307 1969 1370 que
1990 1297 2109 1352 sonant
2120 1288 2224 1354 Masis
2242 1287 2360 1353 verba:

366 1373 480 1439 Iebova
507 1372 612 1438 Deae:
642 1373 715 1439 Noa
744 1379 788 1438 ert
814 1373 927 1440 bomon
953 1393 1018 1438 ease
1047 1371 1199 1436 lomim
1226 1373 1335 1451 solam,
1386 1369 1437 1435 Ab
1458 1373 1542 1436 orani
1563 1392 1652 1454 opere
1668 1393 1725 1438 aaa
1743 1373 1825 1455 qaod
1839 1372 1971 1455 fecorat:
1991 1381 2114 1438 statum
2131 1374 2218 1438 enim
2240 1373 2362 1454 opifioii
2492 1359 2493 1420 ἕ

364 1458 482 1540 faemos
503 1459 532 1524 a·
554 1460 747 1525 adiutorium
767 1459 848 1540 qaod
868 1459 909 1524 sit
931 1477 1036 1524 eoram
1055 1459 1134 1537 ipso.
1186 1458 1236 1524 19.
1258 1457 1335 1523 For·
1386 1455 1534 1541 designat
1561 1457 1689 1539 qualem
1717 1467 1846 1524 exstare
1873 1457 1977 1523 voluit
1999 1457 2103 1523 Deus:
2127 1479 2164 1525 eo
2187 1459 2215 1523 si
2238 1456 2361 1524 dioeret

365 1549 502 1610 moverat
528 1549 630 1610 aretem
650 1543 766 1610 Iobooa
786 1542 875 1608 Deae
903 1564 920 1608 e
947 1548 1032 1608 terra
1062 1563 1179 1608 omium
1208 1543 1336 1608 bestiam
1385 1542 1484 1608 luisse
1514 1555 1592 1609 tuno
1620 1543 1818 1626 eompletum
1845 1541 1930 1626 quod
1952 1544 2043 1610 Deus
2069 1543 2155 1626 apud
2182 1565 2216 1608 se
2247 1565 2362 1627 propo-

366 1631 446 1712 aqri,
474 1635 502 1694 et
528 1650 615 1695 omae
643 1629 765 1695 vomite
793 1628 881 1694 coeli:
912 1629 1133 1694 etoddaoerat
1153 1629 1196 1694 ad
1216 1629 1333 1704 Adam,
1385 1639 1505 1692 suerat.
1549 1628 1588 1692 In
1618 1649 1764 1706 summa,
1793 1629 1934 1710 pertinet
1954 1629 2016 1694 hoo
2038 1640 2165 1694 tantum
2188 1629 2230 1692 ad
2252 1631 2361 1712 expri-

365 1721 401 1780 at
421 1715 535 1780 videret
556 1716 701 1796 quomodo
722 1719 843 1781 voearet
860 1715 956 1780 iliad:
976 1719 1006 1779 st
1027 1734 1113 1778 amore
1126 1715 1335 1795 qaadaooaoit
1386 1712 1536 1778 mendam
1564 1713 1705 1780 iabrioae
1734 1713 1847 1780 mundi
1877 1715 2123 1798 perfeetionem:
2153 1715 2241 1780 unde
2269 1715 2360 1781 eolli-

365 1801 426 1880 illi,
442 1800 490 1864 illi
507 1802 639 1884 inquam
661 1802 786 1866 anonae
795 1799 1177 1876 eiventiestaomeaeius.
1200 1800 1252 1865 20.
1279 1801 1335 1866 Va
1385 1819 1462 1882 gere
1484 1818 1549 1863 non
1571 1798 1663 1877 lieet,
1693 1798 1804 1865 Deum
1831 1800 1879 1865 ita
1908 1820 2049 1866 cessasse
2077 1809 2115 1864 ut
2142 1799 2185 1864 ab
2205 1801 2360 1883 operibus

364 1888 445 1953 eavit
466 1888 569 1969 itaque
589 1886 698 1952 Adam
722 1887 850 1950 malea
871 1887 982 1967 auique
1003 1886 1144 1963 iumento,
1167 1890 1196 1950 et
1216 1886 1334 1950 volatili
1385 1885 1453 1948 suis
1475 1883 1668 1964 disoesserit,
1690 1905 1775 1967 quae
1792 1885 1925 1951 nonnisi
1946 1885 2072 1968 inipso
2095 1887 2207 1968 vigent
2225 1907 2264 1951 ao
2282 1887 2360 1952 sub·

365 1972 452 2051 coeli,
474 1974 616 2054 omnique
643 1972 754 2037 bestiae
775 1972 860 2054 aqri:
885 1973 977 2038 Adae
1005 1991 1075 2037 vero
1096 1972 1335 2036 maturauerat
1384 1971 1514 2035 sistunt.
1561 1967 1750 2036 Notandum
1778 1979 1946 2053 praeterea
1969 1981 2034 2049 est,
2064 1971 2097 2036 in
2127 1971 2282 2054 operibus
2301 1993 2361 2036 sex

366 2059 558 2124 adiutoriarn
584 2058 666 2138 qaod
693 2061 771 2122 esset
798 2076 902 2121 θθνθθι
929 2076 971 2122 se.
1023 2057 1075 2121 21.
1100 2055 1217 2122 Cadere
1236 2057 1335 2139 iqitur
1384 2053 1511 2120 dierum
1529 2077 1594 2120 non
1609 2055 1840 2140 eompreheudi
1857 2057 1920 2121 nisi
1943 2076 2025 2138 quae
2045 2055 2086 2120 ad
2102 2055 2285 2140 legitimum
2303 2078 2360 2140 ge·

362 2145 434 2226 seco
455 2142 568 2208 latiora
589 2143 680 2230 Deae
707 2161 846 2222 soporem
874 2161 969 2223 saper
985 2141 1102 2218 Adam,
1125 2147 1154 2206 et
1174 2141 1334 2208 dormivit:
1384 2140 1588 2224 nuinumque
1616 2141 1732 2207 mundi
1758 2151 1912 2206 ornatum
1938 2142 2070 2208 laoiunt.
2122 2142 2221 2208 Dioet
2245 2155 2361 2225 postea

364 2235 392 2292 et
415 2229 487 2294 tulit
513 2249 610 2293 anam
638 2228 766 2294 orastis
786 2227 864 2304 eiras
887 2232 914 2292 et
935 2227 1046 2292 elausit
1067 2247 1190 2292 earnem
1204 2247 1267 2308 pro
1287 2249 1332 2292 ea.
1384 2223 1490 2292 Deus:
1519 2225 1684 2293 Produoet
1706 2237 1795 2292 terra
1815 2228 1926 2310 spinae
1949 2236 1983 2293 et
2003 2237 2127 2292 sentes:
2150 2248 2215 2309 quo
2238 2228 2358 2306 innuit,

364 2312 821 2395 semiadopertulos
841 2311 933 2378 Deras
959 2318 1073 2378 eostam
1100 2333 1194 2393 qaam
1220 2314 1334 2378 tolerat
1384 2311 1482 2376 aliam
1511 2313 1578 2377 lore
1605 2322 1712 2378 terrae
1739 2312 1854 2378 faeiem
1884 2333 1982 2396 quam
2011 2333 2030 2378 a
2052 2312 2211 2394 prinoipio
2234 2313 2358 2380 fuisset.

361 2421 400 2464 eo
421 2400 537 2479 Adam,
564 2401 599 2464 in
626 2399 801 2464 maiierem:
832 2398 1020 2464 etaddaxit
1047 2418 1116 2462 eam
1147 2397 1191 2464 ad
1218 2397 1333 2464 Adam.
1384 2397 1507 2462 Verum
1537 2398 1573 2462 in
1600 2407 1754 2482 promptu
1778 2411 1828 2464 est
1854 2397 1983 2476 solutio,
2013 2398 2135 2464 multae
2155 2418 2240 2480 quae
2262 2397 2360 2464 hodie

363 2486 415 2551 23.
438 2483 482 2549 Et
502 2485 585 2550 dioit
595 2483 719 2550 Adam:
742 2483 815 2549 Hae
834 2484 899 2548 vioe
916 2503 950 2548 os
971 2492 1022 2549 est
1042 2503 1082 2548 ea
1103 2483 1224 2549 ossibus
1246 2485 1331 2562 omis,
1382 2483 1418 2546 in
1450 2482 1572 2547 mundo
1606 2484 1775 2562 visuntur,
1810 2483 1880 2550 eius
1911 2483 2016 2567 magis
2049 2504 2121 2550 esse
2156 2485 2360 2566 eorraptelas

362 2577 391 2636 et
410 2590 482 2637 earo
502 2591 540 2636 er
560 2590 653 2636 rarae
672 2590 758 2636 mea:
784 2575 813 2633 et
837 2568 995 2634 vorabitur
1023 2569 1165 2644 Virtam,
1193 2571 1270 2651 qaia
1294 2590 1332 2634 ea
1383 2589 1481 2649 quam
1503 2577 1638 2634 ornatus
1659 2575 1794 2650 partem.
1843 2568 1929 2634 Nam
1951 2591 1994 2634 ex
2014 2589 2078 2652 quo
2100 2567 2239 2635 deseirit
2260 2569 2360 2634 bomo

362 2658 430 2722 oiro
449 2661 574 2736 sumpta
594 2661 638 2722 est
658 2656 729 2721 ista.
773 2654 824 2719 24.
847 2655 968 2719 ideireo
996 2655 1144 2735 relinquet
1164 2656 1332 2738 unusquis·
1383 2654 1531 2735 aprima
1552 2676 1612 2718 sua
1633 2655 1767 2738 origiue,
1790 2654 1887 2719 simul
1913 2673 2043 2720 neeesse
2065 2664 2115 2720 est
2140 2663 2176 2718 ut
2198 2675 2218 2720 a
2241 2667 2362 2720 natura

362 2763 419 2825 qae
436 2747 557 2823 patrem
573 2762 666 2806 meam
687 2747 714 2806 et
731 2747 860 2805 matrem
877 2759 978 2821 suam,
1000 2739 1220 2805 dadbaerebit
1238 2741 1332 2806 uxori
1383 2738 1523 2804 subinde
1540 2737 1715 2823 degeneret
1731 2738 1882 2806 muudus.
1912 2739 2006 2805 Idem
2029 2739 2068 2805 de
2086 2739 2258 2822 pulioibus,
2281 2741 2360 2806 bru-

361 2849 448 2904 saae,
478 2832 624 2909 munique
651 2828 687 2891 ia
713 2846 838 2892 caraem
864 2845 970 2890 anam.
1021 2824 1072 2890 25.
1096 2823 1202 2890 &ant
1228 2831 1331 2890 autem
1382 2825 1462 2900 ohis,
1493 2824 1629 2908 aliisque
1657 2825 1789 2892 inseetis
1818 2835 1868 2892 est
1895 2825 2112 2892 sentiendum.
2156 2824 2200 2890 In
2222 2825 2283 2904 his,
2304 2826 2360 2890 in-

361 2913 449 2979 ambo
467 2913 554 2988 uadi,
577 2913 685 2977 Adam
705 2915 733 2977 et
754 2931 835 2976 aaor
854 2912 932 2990 eius,
953 2915 982 2974 et
997 2929 1058 2975 aaa
1073 2910 1210 2991 pudebat
1225 2931 1287 2976 eos.
1384 2930 1490 2991 quam,
1507 2911 1657 2978 omnibus
1675 2910 1833 2994 quaedam
1851 2919 1903 2976 est
1918 2909 2242 2990 mondidelormims,
2261 2932 2362 2994 quam

1383 2995 1516 3062 minime
1544 2998 1578 3061 in
1607 3005 1744 3062 naturae
1773 2995 1887 3063 ordine
1916 2997 2040 3062 oenseri
2070 2993 2171 3074 deest,
2194 3018 2296 3077 quum
2316 3018 2363 3062 ex

449 3085 476 3148 1.
508 3083 643 3165 Perfeeti
674 3081 802 3164 fueruat
829 3082 936 3165 iqitar.
982 3079 1180 3146 Summotim
1213 3080 1332 3162 repetit
1384 3079 1553 3146 bominum
1575 3093 1706 3164 peooato
1728 3082 1834 3166 magis
1855 3102 1951 3164 quam
1973 3103 2015 3148 ex
2036 3082 2101 3147 Dei
2122 3102 2222 3148 manu
2241 3102 2361 3165 prore-

361 3170 480 3244 Moses,
509 3189 567 3234 sex
595 3167 708 3234 diebus
730 3167 923 3250 eompletam
944 3165 1046 3231 fuisse
1067 3166 1149 3231 ooeli
1170 3174 1203 3230 et
1225 3176 1332 3231 terrae
1383 3166 1462 3232 niat.
1513 3166 1673 3232 Greautur
1702 3166 1834 3250 quidem
1862 3167 1943 3232 haee
1975 3187 2102 3250 quoque
2134 3167 2268 3244 aDeo‚
2300 3167 2362 3234 sed
2492 3225 2493 3252 ,

360 3254 524 3320 fabricam.
567 3253 608 3318 In
631 3253 683 3318 his
712 3261 823 3318 autem
845 3252 969 3318 dnobus
994 3253 1148 3317 membris
1169 3251 1331 3336 generalis
1383 3251 1498 3317 ultore.
1549 3253 1613 3318 Hie
1641 3262 1750 3318 autem
1773 3253 1877 3318 Moses
1903 3274 1979 3318 eum
2009 3273 2076 3318 non
2098 3251 2281 3318 eonsiderat
2301 3274 2363 3336 pu-

361 3352 412 3407 est
438 3337 552 3405 muudi
578 3340 724 3423 partitio,
754 3349 791 3402 ut
820 3338 913 3402 initio
942 3337 1040 3419 primi
1067 3338 1182 3420 ospitis
1209 3337 1332 3403 dietum
1384 3337 1510 3404 alendis
1538 3337 1708 3404 homiuum
1738 3338 1878 3421 peooatis
1906 3345 2084 3404 armatum:
2114 3338 2171 3404 sed
2200 3340 2361 3422 opifioem‚

359 3437 418 3493 est.
471 3423 536 3491 Sed
558 3446 647 3489 nuno
674 3423 780 3500 addit,
808 3422 975 3490 Eomeitae
994 3443 1117 3501 emam,
1145 3444 1209 3506 quo
1230 3424 1331 3506 signi-
1383 3423 1612 3500 arohiteotum,
1636 3431 1668 3488 et
1695 3424 1886 3506 opulentum
1915 3423 2184 3506 patremfamilias
2213 3424 2360 3491 oonside
2492 3419 2493 3452 ¹

358 3515 444 3586 boat,
466 3508 624 3575 mundum
646 3509 715 3574 suis
737 3509 889 3575 omuibus
911 3509 1113 3574 ornamentis
1133 3509 1331 3574 instruetum
1383 3519 1446 3586 rat,
1474 3500 1531 3591 qui
1557 3508 1640 3573 nihil
1676 3508 1717 3575 ad
1753 3529 1914 3575 summam
1949 3507 2087 3576 aediliaii
2126 3510 2361 3592 perleotionem

358 3598 468 3664 luisse.
518 3596 621 3660 Porro
650 3594 703 3658 bie
733 3595 878 3677 epilogus
913 3595 992 3660 satis
1020 3594 1106 3660 olare
1134 3616 1176 3659 ex
1203 3595 1332 3678 integro
1382 3595 1499 3660 omisit
1544 3593 1652 3660 Hodie
1674 3615 1773 3676 quum
1797 3593 1948 3660 videmus
1972 3603 2163 3677 surruptum
2185 3596 2358 3677 mundum,
2492 3605 2493 3616 ³

359 3704 472 3749 eorum
494 3701 638 3747 errorem
667 3679 787 3746 refutat
810 3680 866 3762 qui
887 3691 1051 3745 momento
1071 3680 1239 3745 eonditum
1260 3700 1332 3747 esse
1382 3688 1415 3745 et
1435 3680 1526 3763 quasi
1549 3701 1568 3744 a
1589 3681 1750 3746 oreatione
1771 3701 1829 3746 sua
1848 3679 2051 3764 degenerem,
2075 3680 2187 3746 veniat
2206 3681 2243 3746 in
2266 3703 2360 3746 men·
2492 3737 2493 3746 ,

358 3767 519 3833 mundum
548 3767 693 3849 lingunt,
727 3786 802 3830 nam
830 3767 929 3829 finem
956 3765 1046 3849 operi
1078 3767 1208 3830 nonnisi
1237 3777 1330 3830 sexto
1381 3773 1447 3830 tem
1480 3765 1561 3829 illud
1597 3766 1694 3832 Pauli
1721 3763 1828 3850 (Rom.
1859 3766 1888 3844 8,
1913 3762 1978 3851 20),
2007 3765 2182 3831 obnoxiam
2215 3767 2361 3832 vanitati
2492 3771 2493 3832 3

359 3854 492 3919 tandem
515 3850 566 3917 die
584 3851 684 3918 luisse
705 3852 892 3934 impositum
915 3852 1118 3934 pronunoiat.
1150 3852 1218 3916 Pro
1228 3851 1332 3915 Exer-
1381 3871 1452 3916 esse
1474 3862 1665 3929 ereaturam,
1687 3873 1752 3917 uon
1774 3860 1896 3933 sponte,
1920 3849 1978 3917 sed
2000 3859 2111 3917 nostro
2133 3851 2231 3917 vitio:
2261 3861 2358 3932 atque
2492 3879 2493 3906 l

358 3941 425 4006 eitu
463 3958 631 4020 possemus
666 3936 765 4002 etiem
794 3957 860 4002 non
889 3936 1000 4019 inepte
1031 3945 1158 4002 vertere
1190 3936 1329 4019 sopiam:
1381 3937 1429 4002 ita
1445 3936 1549 4002 iustae
1575 3945 1704 4002 nostrae
1730 3935 1948 4002 damnationis
1977 3935 2135 4003 admoniti
2161 3936 2358 4021 ingemisoa·

359 4025 522 4108 signifieat
542 4023 631 4087 enim
648 4021 754 4088 Moses
775 4021 932 4087 mundum
954 4021 1042 4088 huno
1064 4022 1163 4088 fuisse
1184 4023 1331 4087 numeris
1381 4041 1465 4087 mus.

357 4109 508 4176 omnibus
529 4107 723 4185 absolutum,
753 4127 791 4172 ao
811 4107 840 4172 si
861 4107 976 4172 domus
1004 4117 1071 4172 tota
1092 4127 1153 4172 sua
1174 4105 1330 4190 supellee·
1467 4110 1496 4171 3.
1521 4106 1688 4172 Benediait
1709 4111 1811 4172 autem
1832 4105 1923 4172 Deae
1943 4107 2009 4174 diei
2028 4107 2166 4188 septimo.
2211 4107 2357 4174 Videtur

358 4197 416 4261 tile
436 4198 519 4260 bene
541 4195 701 4260 instruatu
722 4203 756 4257 et
777 4191 898 4258 referta
919 4201 1013 4258 esset.
1054 4191 1188 4258 Caelum
1211 4193 1331 4275 absque
1381 4193 1442 4260 hoo
1465 4191 1654 4259 benedioore
1683 4191 1725 4257 ad
1746 4191 1856 4259 Deum
1884 4213 1927 4257 ex
1946 4192 2118 4260 homiuum
2140 4213 2233 4259 more
2253 4194 2357 4260 fuisse
2492 4243 2493 4276 3

359 4283 435 4361 sole,
464 4288 498 4346 θῖ
524 4279 613 4358 luna,
643 4295 675 4342 et
702 4279 808 4354 astris,
840 4279 938 4342 inane
960 4277 1150 4360 nudumque
1172 4277 1329 4360 palatium
1381 4279 1590 4344 translatum:
1622 4277 1815 4345 benediount
1847 4279 1935 4344 enim
1965 4299 2062 4361 quem
2089 4277 2269 4345 honorifiee
2297 4301 2357 4344 ex-
2492 4287 2493 4290 ’

357 4369 455 4434 leret:
478 4365 507 4430 si
530 4377 618 4430 terra
635 4363 838 4442 animalibus,
862 4362 1030 4429 arboribus
1048 4372 1082 4429 et
1100 4362 1220 4446 plantis
1240 4385 1330 4430 aare·
1381 4363 1507 4429 tollunt.
1550 4362 1746 4447 Quanquam
1766 4365 1845 4442 Deo,
1869 4363 1930 4429 boo
1952 4385 2060 4447 sensu,
2083 4385 2147 4429 non
2169 4365 2255 4430 male
2276 4387 2357 4432 oon·
2492 4431 2493 4452 ,

357 4464 417 4532 ret,
443 4452 555 4518 ieiuna
583 4450 648 4515 isla
678 4451 814 4515 vastitas
843 4450 983 4532 speeiem
1011 4449 1118 4531 inopis
1147 4457 1181 4514 et
1210 4469 1330 4514 saeuae
1381 4459 1529 4533 grueria,
1558 4449 1634 4532 quia
1666 4451 1737 4514 eius
1769 4447 1949 4514 benedictio
1982 4448 2145 4514 interdum
2178 4449 2272 4517 favor
2304 4458 2357 4517 est

357 4539 472 4606 domus
494 4535 639 4603 baberet.
685 4535 775 4600 Deus
799 4555 877 4618 ergo
899 4556 920 4598 a
940 4533 1055 4598 mundi
1079 4534 1242 4601 oreatione
1264 4555 1329 4600 non
1381 4556 1445 4618 quo
1470 4556 1547 4600 suos
1575 4535 1794 4618 prosequitur,
1826 4544 1862 4600 ut
1883 4533 2028 4600 Hebraei
2057 4527 2264 4601 benediotum
2291 4536 2359 4602 Dei
2492 4575 2493 4618 ,

355 4627 448 4710 prius
470 4623 609 4690 oessarit
636 4641 735 4705 quam
756 4621 846 4685 omni
867 4640 910 4684 ex
930 4629 1025 4704 parte
1046 4620 1272 4702 eompleverit,
1295 4629 1330 4685 ut
1380 4621 1559 4698 nominant,
1587 4621 1643 4704 qui
1672 4619 1825 4703 poeuliari
1848 4619 1989 4703 quadam
2010 4620 2116 4703 gratia
2137 4620 2224 4702 apud
2247 4622 2359 4686 Deum
2492 4667 2493 4680 .

356 4710 440 4776 nibil
462 4709 503 4774 ad
526 4709 646 4773 iustam
669 4707 794 4789 sopiam
817 4705 952 4772 deesset.
1380 4705 1490 4788 pollet
1524 4705 1616 4771 Inlra
1636 4727 1706 4788 oap.
1729 4705 1780 4784 24,
1803 4705 1861 4770 31:
1889 4703 2066 4789 Ingredere
2088 4705 2258 4773 benediete
2280 4707 2357 4774 Dei.
2492 4705 2493 4710 ’

442 4795 472 4860 2.
495 4792 539 4858 Et
559 4793 675 4874 quievit
695 4792 745 4858 die
761 4793 896 4874 saptiam.
940 4790 1016 4856 Non
1035 4789 1198 4857 immerito
1215 4791 1330 4872 quaeri
1379 4792 1433 4857 Ita
1461 4791 1548 4856 diem
1578 4791 1619 4857 ab
1647 4813 1685 4858 eo
1715 4790 1920 4858 benediotum
1948 4811 2111 4874 exponere
2138 4789 2232 4870 lieet,
2257 4813 2358 4876 quem
2492 4831 2493 4872 ,

356 4881 439 4948 solet
467 4877 574 4962 qualis
600 4878 663 4944 ista
691 4878 826 4945 eessatio
852 4876 960 4942 fuerit.
1005 4874 1140 4942 Oertum
1161 4877 1248 4942 enim
1270 4887 1329 4956 est,
1380 4898 1490 4942 amore
1512 4877 1701 4958 eomplexus
1728 4877 1780 4955 sit,
1804 4877 1899 4942 utin
1920 4897 1957 4942 eo
1979 4875 2198 4942 eelebraretur
2218 4897 2358 4960 opernm

355 4975 517 5050 quatenus
548 4961 707 5029 mundum
743 4985 803 5030 sua
836 4964 958 5029 virtute
987 4964 1127 5028 sustinet
1155 4962 1263 5038 Deus,
1297 4969 1331 5026 et
1379 4983 1514 5028 suorum
1531 4963 1731 5044 praestantia
1753 4973 1785 5026 et
1807 4963 1958 5046 dignitas.
1991 4961 2168 5027 (laetorum
2189 4961 2271 5028 mihi
2293 4963 2358 5028 du·

355 5048 561 5137 providentia
582 5049 753 5133 gubernat,
776 5049 864 5116 lovet
883 5056 1049 5114 creaturas
1070 5067 1200 5128 omnes,
1230 5055 1329 5130 atque
1380 5046 1470 5112 bium
1498 5069 1564 5114 uon
1590 5057 1641 5114 θεῖ
1670 5050 1750 5131 quin
1773 5047 1884 5113 Moses
1913 5045 2138 5113 sanetifioandi
2167 5048 2266 5114 verbo
2289 5057 2357 5112 sta·

355 5141 453 5204 etiam
482 5144 658 5219 propaget,
687 5155 757 5200 esse
783 5135 818 5200 iu
845 5155 943 5217 opere
972 5132 1149 5198 assiduum.
1201 5132 1329 5198 Verum
1380 5135 1440 5198 tim
1470 5135 1651 5215 exprimere
1693 5133 1833 5200 voluerit
1868 5130 1955 5216 quod
1989 5130 2132 5210 dixerat,
2168 5133 2217 5198 ita
2249 5134 2358 5201 omnis

357 5236 407 5289 est
419 5244 499 5307 ergo
517 5221 599 5286 illud
611 5219 745 5296 Christi,
768 5221 902 5286 Patrem
921 5227 954 5284 et
973 5220 1082 5301 ipsum
1100 5218 1140 5284 ab
1159 5218 1252 5284 initio
1266 5218 1329 5284 hue
1380 5218 1578 5304 ambiguitas
1600 5218 1743 5298 tollitur,
1769 5219 1845 5302 quia
1866 5217 2046 5284 seeundum
2069 5217 2205 5284 verbum
2235 5240 2357 5303 exege-

357 5329 459 5393 usque
493 5307 593 5372 luisse
627 5316 792 5389 operatos,
826 5305 903 5388 quia
929 5306 957 5370 si
983 5303 1155 5388 paululum
1180 5303 1329 5371 retrahat
1380 5305 1480 5372 tioum
1501 5313 1548 5370 est
1571 5303 1699 5389 prioris.
1734 5303 1819 5371 Nam
1837 5317 1908 5396 η)
1927 5303 2086 5370 Hebraeis
2103 5310 2154 5368 est
2181 5323 2359 5390 segregare
