<?xml version="1.0" encoding="UTF-8"?>
<!DOCTYPE html PUBLIC "-//W3C//DTD XHTML 1.0 Transitional//EN"
    "http://www.w3.org/TR/xhtml1/DTD/xhtml1-transitional.dtd">
<html xmlns="http://www.w3.org/1999/xhtml" xml:lang="en" lang="en">
 <head>
  <title>
</title>
<meta http-equiv="Content-Type" content="text/html;charset=utf-8" />
  <meta name='ocr-system' content='tesseract 3.04.00' />
  <meta name='ocr-capabilities' content='ocr_page ocr_carea ocr_par ocr_line ocrx_word'/>
</head>
<body>
  <div class='ocr_page' id='page_1' title='image "./ioanniscalvinio06reusgoog_0097.png"; bbox 0 0 5022 6192; ppageno 0'>
   <div class='ocr_carea' id='block_1_1' title="bbox 142 431 2132 554">
    <p class='ocr_par' dir='ltr' id='par_1_1' title="bbox 142 431 2132 554">
     <span class='ocr_line' id='line_1_1' title="bbox 142 431 2132 554; baseline -0.001 -6"><span class='ocrx_word' id='word_1_1' title='bbox 142 485 203 550; x_wconf 79' lang='lat'>121</span> <span class='ocrx_word' id='word_1_2' title='bbox 803 431 1483 554; x_wconf 76' lang='lat' dir='ltr'>conunurrsrusrnonnnsnu</span> <span class='ocrx_word' id='word_1_3' title='bbox 2067 481 2132 547; x_wconf 78' lang='lat' dir='ltr'>rra</span> 
     </span>
    </p>
   </div>
   <div class='ocr_carea' id='block_1_2' title="bbox 129 669 2135 5458">
    <p class='ocr_par' dir='ltr' id='par_1_2' title="bbox 129 669 2135 5458">
     <span class='ocr_line' id='line_1_2' title="bbox 140 669 2130 756; baseline -0.001 -18"><span class='ocrx_word' id='word_1_4' title='bbox 140 671 274 738; x_wconf 84' lang='lat' dir='ltr'>fuerint.</span> <span class='ocrx_word' id='word_1_5' title='bbox 320 669 473 738; x_wconf 80' lang='lat' dir='ltr'>Secundo</span> <span class='ocrx_word' id='word_1_6' title='bbox 501 671 648 738; x_wconf 90' lang='lat' dir='ltr'>membro</span> <span class='ocrx_word' id='word_1_7' title='bbox 670 669 816 738; x_wconf 89' lang='lat' dir='ltr'>declarat</span> <span class='ocrx_word' id='word_1_8' title='bbox 836 678 1020 756; x_wconf 76' lang='lat' dir='ltr'>grmeatam</span> <span class='ocrx_word' id='word_1_9' title='bbox 1042 689 1114 737; x_wconf 86' lang='lat' dir='ltr'>esee</span> <span class='ocrx_word' id='word_1_10' title='bbox 1164 671 1222 738; x_wconf 89' lang='lat' dir='ltr'>sed</span> <span class='ocrx_word' id='word_1_11' title='bbox 1257 691 1359 755; x_wconf 89' lang='lat' dir='ltr'>quum</span> <span class='ocrx_word' id='word_1_12' title='bbox 1388 671 1571 754; x_wconf 81' lang='lat' dir='ltr'>exprimere</span> <span class='ocrx_word' id='word_1_13' title='bbox 1597 670 1750 738; x_wconf 85' lang='lat' dir='ltr'>volumus</span> <span class='ocrx_word' id='word_1_14' title='bbox 1772 691 1886 737; x_wconf 89' lang='lat' dir='ltr'>omnes</span> <span class='ocrx_word' id='word_1_15' title='bbox 1914 671 1983 736; x_wconf 89' lang='lat' dir='ltr'>eius</span> <span class='ocrx_word' id='word_1_16' title='bbox 2012 679 2130 754; x_wconf 89' lang='lat' dir='ltr'>partes,</span> 
     </span>
     <span class='ocr_line' id='line_1_3' title="bbox 141 756 2131 841; baseline -0.001 -17"><span class='ocrx_word' id='word_1_17' title='bbox 141 757 282 824; x_wconf 89' lang='lat' dir='ltr'>nocendi</span> <span class='ocrx_word' id='word_1_18' title='bbox 303 756 487 838; x_wconf 81' lang='lat' dir='ltr'>libidinem,</span> <span class='ocrx_word' id='word_1_19' title='bbox 504 756 647 837; x_wconf 82' lang='lat' dir='ltr'>fraudes,</span> <span class='ocrx_word' id='word_1_20' title='bbox 671 756 819 838; x_wconf 88' lang='lat' dir='ltr'>iniurias,</span> <span class='ocrx_word' id='word_1_21' title='bbox 840 757 984 841; x_wconf 88' lang='lat' dir='ltr'>rapinas,</span> <span class='ocrx_word' id='word_1_22' title='bbox 1002 775 1113 821; x_wconf 88' lang='lat' dir='ltr'>omne·</span> <span class='ocrx_word' id='word_1_23' title='bbox 1164 765 1330 841; x_wconf 89' lang='lat' dir='ltr'>totamque</span> <span class='ocrx_word' id='word_1_24' title='bbox 1358 757 1427 822; x_wconf 78' lang='lat' dir='ltr'>sim</span> <span class='ocrx_word' id='word_1_25' title='bbox 1461 765 1494 821; x_wconf 91' lang='lat' dir='ltr'>et</span> <span class='ocrx_word' id='word_1_26' title='bbox 1521 764 1674 821; x_wconf 91' lang='lat' dir='ltr'>naturam</span> <span class='ocrx_word' id='word_1_27' title='bbox 1703 757 1774 822; x_wconf 89' lang='lat' dir='ltr'>eius</span> <span class='ocrx_word' id='word_1_28' title='bbox 1802 763 1971 836; x_wconf 68' lang='lat' dir='ltr'>excumre,</span> <span class='ocrx_word' id='word_1_29' title='bbox 1999 777 2131 822; x_wconf 87' lang='lat' dir='ltr'>necesse</span> 
     </span>
     <span class='ocr_line' id='line_1_4' title="bbox 141 841 2132 928; baseline -0.001 -20"><span class='ocrx_word' id='word_1_30' title='bbox 141 864 205 927; x_wconf 92' lang='lat' dir='ltr'>que</span> <span class='ocrx_word' id='word_1_31' title='bbox 239 863 343 928; x_wconf 71' lang='lat' dir='ltr'>genam</span> <span class='ocrx_word' id='word_1_32' title='bbox 377 842 566 909; x_wconf 88' lang='lat' dir='ltr'>iniustitiae.</span> <span class='ocrx_word' id='word_1_33' title='bbox 620 843 729 926; x_wconf 83' lang='lat' dir='ltr'>Atque</span> <span class='ocrx_word' id='word_1_34' title='bbox 764 841 801 906; x_wconf 93' lang='lat' dir='ltr'>hi</span> <span class='ocrx_word' id='word_1_35' title='bbox 828 848 908 908; x_wconf 84' lang='lat' dir='ltr'>runt</span> <span class='ocrx_word' id='word_1_36' title='bbox 935 841 1113 924; x_wconf 90' lang='lat' dir='ltr'>impietatis</span> <span class='ocrx_word' id='word_1_37' title='bbox 1164 851 1214 909; x_wconf 88' lang='lat' dir='ltr'>est</span> <span class='ocrx_word' id='word_1_38' title='bbox 1233 844 1382 908; x_wconf 89' lang='lat' dir='ltr'>timorem</span> <span class='ocrx_word' id='word_1_39' title='bbox 1401 861 1528 925; x_wconf 89' lang='lat' dir='ltr'>quoque</span> <span class='ocrx_word' id='word_1_40' title='bbox 1544 841 1688 924; x_wconf 77' lang='lat' dir='ltr'>adiungi.</span> <span class='ocrx_word' id='word_1_41' title='bbox 1711 841 1757 906; x_wconf 77' lang='lat' dir='ltr'>Iit</span> <span class='ocrx_word' id='word_1_42' title='bbox 1773 862 1853 906; x_wconf 88' lang='lat' dir='ltr'>sane</span> <span class='ocrx_word' id='word_1_43' title='bbox 1869 861 1964 907; x_wconf 88' lang='lat' dir='ltr'>nemo</span> <span class='ocrx_word' id='word_1_44' title='bbox 1985 861 2132 924; x_wconf 89' lang='lat' dir='ltr'>unquam</span> 
     </span>
     <span class='ocr_line' id='line_1_5' title="bbox 140 925 2131 1011; baseline -0.001 -17"><span class='ocrx_word' id='word_1_45' title='bbox 140 929 284 1007; x_wconf 72' lang='lat' dir='ltr'>huotus,</span> <span class='ocrx_word' id='word_1_46' title='bbox 321 936 361 993; x_wconf 91' lang='lat' dir='ltr'>ut</span> <span class='ocrx_word' id='word_1_47' title='bbox 388 927 555 1006; x_wconf 87' lang='lat' dir='ltr'>homines,</span> <span class='ocrx_word' id='word_1_48' title='bbox 584 947 642 1011; x_wconf 89' lang='lat' dir='ltr'>pos</span> <span class='ocrx_word' id='word_1_49' title='bbox 678 948 755 993; x_wconf 87' lang='lat' dir='ltr'>uam</span> <span class='ocrx_word' id='word_1_50' title='bbox 784 945 804 992; x_wconf 88' lang='lat' dir='ltr'>a</span> <span class='ocrx_word' id='word_1_51' title='bbox 831 927 904 992; x_wconf 91' lang='lat' dir='ltr'>Deo</span> <span class='ocrx_word' id='word_1_52' title='bbox 926 927 1113 1003; x_wconf 73' lang='lat' dir='ltr'>defecerint,</span> <span class='ocrx_word' id='word_1_53' title='bbox 1164 929 1250 994; x_wconf 90' lang='lat' dir='ltr'>serio</span> <span class='ocrx_word' id='word_1_54' title='bbox 1271 927 1312 994; x_wconf 91' lang='lat' dir='ltr'>ad</span> <span class='ocrx_word' id='word_1_55' title='bbox 1334 926 1399 992; x_wconf 91' lang='lat' dir='ltr'>Dei</span> <span class='ocrx_word' id='word_1_56' title='bbox 1416 925 1673 992; x_wconf 89' lang='lat' dir='ltr'>misericordiam</span> <span class='ocrx_word' id='word_1_57' title='bbox 1695 925 1874 1010; x_wconf 77' lang='lat' dir='ltr'>confugiet,</span> <span class='ocrx_word' id='word_1_58' title='bbox 1903 927 1968 993; x_wconf 88' lang='lat' dir='ltr'>nisi</span> <span class='ocrx_word' id='word_1_59' title='bbox 1989 928 2045 1011; x_wconf 91' lang='lat' dir='ltr'>qui</span> <span class='ocrx_word' id='word_1_60' title='bbox 2067 926 2131 992; x_wconf 89' lang='lat' dir='ltr'>Dei</span> 
     </span>
     <span class='ocr_line' id='line_1_6' title="bbox 140 1010 2133 1097; baseline -0.001 -19"><span class='ocrx_word' id='word_1_61' title='bbox 140 1021 277 1080; x_wconf 88' lang='lat' dir='ltr'>mutuae</span> <span class='ocrx_word' id='word_1_62' title='bbox 293 1013 381 1079; x_wconf 89' lang='lat' dir='ltr'>inter</span> <span class='ocrx_word' id='word_1_63' title='bbox 400 1033 435 1080; x_wconf 89' lang='lat' dir='ltr'>se</span> <span class='ocrx_word' id='word_1_64' title='bbox 457 1013 629 1097; x_wconf 87' lang='lat' dir='ltr'>aequitatis</span> <span class='ocrx_word' id='word_1_65' title='bbox 650 1033 670 1078; x_wconf 93' lang='lat' dir='ltr'>o</span> <span class='ocrx_word' id='word_1_66' title='bbox 692 1013 756 1093; x_wconf 92' lang='lat' dir='ltr'>liti,</span> <span class='ocrx_word' id='word_1_67' title='bbox 779 1010 820 1077; x_wconf 93' lang='lat' dir='ltr'>ad</span> <span class='ocrx_word' id='word_1_68' title='bbox 842 1013 1019 1078; x_wconf 89' lang='lat' dir='ltr'>immanem</span> <span class='ocrx_word' id='word_1_69' title='bbox 1042 1024 1113 1078; x_wconf 88' lang='lat' dir='ltr'>tru-</span> <span class='ocrx_word' id='word_1_70' title='bbox 1163 1014 1264 1082; x_wconf 88' lang='lat' dir='ltr'>minis</span> <span class='ocrx_word' id='word_1_71' title='bbox 1291 1021 1413 1091; x_wconf 86' lang='lat' dir='ltr'>taetus,</span> <span class='ocrx_word' id='word_1_72' title='bbox 1438 1011 1594 1079; x_wconf 88' lang='lat' dir='ltr'>iudicium</span> <span class='ocrx_word' id='word_1_73' title='bbox 1622 1018 1775 1078; x_wconf 82' lang='lat' dir='ltr'>aeternae</span> <span class='ocrx_word' id='word_1_74' title='bbox 1802 1012 1917 1077; x_wconf 89' lang='lat' dir='ltr'>mortis</span> <span class='ocrx_word' id='word_1_75' title='bbox 1945 1012 2029 1096; x_wconf 92' lang='lat' dir='ltr'>quod</span> <span class='ocrx_word' id='word_1_76' title='bbox 2055 1011 2133 1077; x_wconf 91' lang='lat' dir='ltr'>illae</span> 
     </span>
     <span class='ocr_line' id='line_1_7' title="bbox 141 1097 2131 1183; baseline -0.002 -17"><span class='ocrx_word' id='word_1_77' title='bbox 141 1099 338 1178; x_wconf 91' lang='lat' dir='ltr'>oulentiam,</span> <span class='ocrx_word' id='word_1_78' title='bbox 368 1098 410 1165; x_wconf 89' lang='lat' dir='ltr'>ad</span> <span class='ocrx_word' id='word_1_79' title='bbox 431 1100 577 1183; x_wconf 89' lang='lat' dir='ltr'>rapinas,</span> <span class='ocrx_word' id='word_1_80' title='bbox 608 1106 642 1162; x_wconf 89' lang='lat' dir='ltr'>et</span> <span class='ocrx_word' id='word_1_81' title='bbox 662 1099 796 1182; x_wconf 83' lang='lat' dir='ltr'>quasvis</span> <span class='ocrx_word' id='word_1_82' title='bbox 818 1097 1043 1182; x_wconf 77' lang='lat' dir='ltr'>oppressiones</span> <span class='ocrx_word' id='word_1_83' title='bbox 1065 1097 1113 1164; x_wconf 88' lang='lat' dir='ltr'>fe-</span> <span class='ocrx_word' id='word_1_84' title='bbox 1165 1100 1366 1167; x_wconf 87' lang='lat' dir='ltr'>denunciant</span> <span class='ocrx_word' id='word_1_85' title='bbox 1394 1097 1555 1177; x_wconf 81' lang='lat' dir='ltr'>horrebit,</span> <span class='ocrx_word' id='word_1_86' title='bbox 1584 1105 1623 1163; x_wconf 92' lang='lat' dir='ltr'>ut</span> <span class='ocrx_word' id='word_1_87' title='bbox 1644 1097 1706 1164; x_wconf 90' lang='lat' dir='ltr'>sibi</span> <span class='ocrx_word' id='word_1_88' title='bbox 1732 1097 1929 1181; x_wconf 90' lang='lat' dir='ltr'>inpeccatis</span> <span class='ocrx_word' id='word_1_89' title='bbox 1952 1097 2131 1181; x_wconf 87' lang='lat' dir='ltr'>displiceat,</span> 
     </span>
     <span class='ocr_line' id='line_1_8' title="bbox 140 1183 2131 1270; baseline -0.001 -20"><span class='ocrx_word' id='word_1_90' title='bbox 140 1192 269 1250; x_wconf 88' lang='lat' dir='ltr'>rantur.</span> <span class='ocrx_word' id='word_1_91' title='bbox 312 1185 363 1250; x_wconf 80' lang='lat' dir='ltr'>Ao</span> <span class='ocrx_word' id='word_1_92' title='bbox 390 1205 506 1250; x_wconf 84' lang='lat' dir='ltr'>rursus</span> <span class='ocrx_word' id='word_1_93' title='bbox 532 1184 675 1250; x_wconf 88' lang='lat' dir='ltr'>inculcat</span> <span class='ocrx_word' id='word_1_94' title='bbox 695 1183 806 1249; x_wconf 89' lang='lat' dir='ltr'>Deum</span> <span class='ocrx_word' id='word_1_95' title='bbox 827 1183 889 1251; x_wconf 91' lang='lat' dir='ltr'>hoo</span> <span class='ocrx_word' id='word_1_96' title='bbox 910 1183 1046 1262; x_wconf 84' lang='lat' dir='ltr'>vidisse,</span> <span class='ocrx_word' id='word_1_97' title='bbox 1076 1191 1115 1250; x_wconf 92' lang='grc' dir='ltr'>ιιι</span> <span class='ocrx_word' id='word_1_98' title='bbox 1164 1208 1231 1251; x_wconf 90' lang='lat' dir='ltr'>non</span> <span class='ocrx_word' id='word_1_99' title='bbox 1253 1186 1424 1270; x_wconf 80' lang='lat' dir='ltr'>indulgeat</span> <span class='ocrx_word' id='word_1_100' title='bbox 1443 1206 1556 1252; x_wconf 90' lang='lat' dir='ltr'>secure</span> <span class='ocrx_word' id='word_1_101' title='bbox 1576 1183 1667 1250; x_wconf 83' lang='lat' dir='ltr'>vitiis</span> <span class='ocrx_word' id='word_1_102' title='bbox 1697 1183 1780 1263; x_wconf 87' lang='lat' dir='ltr'>suis,</span> <span class='ocrx_word' id='word_1_103' title='bbox 1806 1203 1912 1266; x_wconf 87' lang='lat' dir='ltr'>neque</span> <span class='ocrx_word' id='word_1_104' title='bbox 1939 1191 2067 1268; x_wconf 89' lang='lat' dir='ltr'>torpeat</span> <span class='ocrx_word' id='word_1_105' title='bbox 2095 1184 2131 1247; x_wconf 89' lang='lat' dir='ltr'>iu</span> 
     </span>
     <span class='ocr_line' id='line_1_9' title="bbox 140 1267 2132 1354; baseline 0 -20"><span class='ocrx_word' id='word_1_106' title='bbox 140 1269 276 1354; x_wconf 81' lang='lat' dir='ltr'>longam</span> <span class='ocrx_word' id='word_1_107' title='bbox 302 1270 373 1335; x_wconf 85' lang='lat' dir='ltr'>eius</span> <span class='ocrx_word' id='word_1_108' title='bbox 402 1269 609 1335; x_wconf 78' lang='lat' dir='ltr'>tolerantiam</span> <span class='ocrx_word' id='word_1_109' title='bbox 637 1270 729 1335; x_wconf 89' lang='lat' dir='ltr'>nobis</span> <span class='ocrx_word' id='word_1_110' title='bbox 752 1268 967 1335; x_wconf 90' lang='lat' dir='ltr'>commendet.</span> <span class='ocrx_word' id='word_1_111' title='bbox 1011 1271 1114 1334; x_wconf 73' lang='lat' dir='ltr'>Terra</span> <span class='ocrx_word' id='word_1_112' title='bbox 1164 1269 1328 1336; x_wconf 84' lang='lat' dir='ltr'>sordibus:</span> <span class='ocrx_word' id='word_1_113' title='bbox 1355 1269 1413 1335; x_wconf 89' lang='lat' dir='ltr'>sed</span> <span class='ocrx_word' id='word_1_114' title='bbox 1441 1270 1482 1336; x_wconf 89' lang='lat' dir='ltr'>ad</span> <span class='ocrx_word' id='word_1_115' title='bbox 1505 1270 1665 1336; x_wconf 91' lang='lat' dir='ltr'>malorum</span> <span class='ocrx_word' id='word_1_116' title='bbox 1694 1289 1829 1335; x_wconf 88' lang='lat' dir='ltr'>suorum</span> <span class='ocrx_word' id='word_1_117' title='bbox 1856 1267 2052 1336; x_wconf 88' lang='lat' dir='ltr'>medicinam</span> <span class='ocrx_word' id='word_1_118' title='bbox 2073 1289 2132 1334; x_wconf 90' lang='lat' dir='ltr'>au-</span> 
     </span>
     <span class='ocr_line' id='line_1_10' title="bbox 139 1354 2131 1440; baseline 0.001 -21"><span class='ocrx_word' id='word_1_119' title='bbox 139 1355 197 1422; x_wconf 90' lang='lat' dir='ltr'>hio</span> <span class='ocrx_word' id='word_1_120' title='bbox 224 1376 284 1440; x_wconf 91' lang='lat' dir='ltr'>pro</span> <span class='ocrx_word' id='word_1_121' title='bbox 304 1355 420 1421; x_wconf 88' lang='lat' dir='ltr'>ineolis</span> <span class='ocrx_word' id='word_1_122' title='bbox 441 1356 598 1422; x_wconf 87' lang='lat' dir='ltr'>sumitur:</span> <span class='ocrx_word' id='word_1_123' title='bbox 623 1361 658 1420; x_wconf 89' lang='lat' dir='ltr'>et</span> <span class='ocrx_word' id='word_1_124' title='bbox 679 1374 756 1420; x_wconf 86' lang='lat' dir='ltr'>mox</span> <span class='ocrx_word' id='word_1_125' title='bbox 777 1355 924 1439; x_wconf 85' lang='lat' dir='ltr'>sequitur</span> <span class='ocrx_word' id='word_1_126' title='bbox 945 1355 1113 1437; x_wconf 80' lang='lat' dir='ltr'>expositio,</span> <span class='ocrx_word' id='word_1_127' title='bbox 1164 1355 1240 1422; x_wconf 87' lang='lat' dir='ltr'>xius</span> <span class='ocrx_word' id='word_1_128' title='bbox 1257 1357 1407 1438; x_wconf 79' lang='lat' dir='ltr'>suspiret.</span> <span class='ocrx_word' id='word_1_129' title='bbox 1439 1355 1486 1419; x_wconf 79' lang='lat' dir='ltr'>Et</span> <span class='ocrx_word' id='word_1_130' title='bbox 1505 1355 1671 1440; x_wconf 82' lang='lat' dir='ltr'>singulare</span> <span class='ocrx_word' id='word_1_131' title='bbox 1687 1355 1751 1420; x_wconf 84' lang='lat' dir='ltr'>fuit</span> <span class='ocrx_word' id='word_1_132' title='bbox 1770 1354 1895 1439; x_wconf 84' lang='lat' dir='ltr'>gratiae</span> <span class='ocrx_word' id='word_1_133' title='bbox 1911 1355 2131 1438; x_wconf 80' lang='lat' dir='ltr'>privilegium,</span> 
     </span>
     <span class='ocr_line' id='line_1_11' title="bbox 140 1437 2132 1524; baseline -0.001 -19"><span class='ocrx_word' id='word_1_134' title='bbox 140 1439 241 1522; x_wconf 79' lang='lat' dir='ltr'>Quod</span> <span class='ocrx_word' id='word_1_135' title='bbox 270 1440 377 1506; x_wconf 88' lang='lat' dir='ltr'>omnis</span> <span class='ocrx_word' id='word_1_136' title='bbox 408 1459 483 1506; x_wconf 90' lang='lat' dir='ltr'>caro</span> <span class='ocrx_word' id='word_1_137' title='bbox 511 1440 694 1524; x_wconf 74' lang='lat' dir='ltr'>corruperit</span> <span class='ocrx_word' id='word_1_138' title='bbox 723 1441 811 1506; x_wconf 83' lang='lat' dir='ltr'>viem</span> <span class='ocrx_word' id='word_1_139' title='bbox 839 1460 942 1506; x_wconf 89' lang='lat' dir='ltr'>suam.</span> <span class='ocrx_word' id='word_1_140' title='bbox 994 1437 1114 1510; x_wconf 85' lang='lat' dir='ltr'>Oernis</span> <span class='ocrx_word' id='word_1_141' title='bbox 1164 1439 1250 1523; x_wconf 91' lang='lat' dir='ltr'>quod</span> <span class='ocrx_word' id='word_1_142' title='bbox 1272 1440 1363 1505; x_wconf 91' lang='lat' dir='ltr'>Deus</span> <span class='ocrx_word' id='word_1_143' title='bbox 1385 1439 1481 1506; x_wconf 90' lang='lat' dir='ltr'>Noah</span> <span class='ocrx_word' id='word_1_144' title='bbox 1511 1439 1677 1506; x_wconf 84' lang='lat' dir='ltr'>defuturo</span> <span class='ocrx_word' id='word_1_145' title='bbox 1698 1439 1823 1506; x_wconf 82' lang='lat' dir='ltr'>diluvio</span> <span class='ocrx_word' id='word_1_146' title='bbox 1844 1437 2022 1504; x_wconf 87' lang='lat' dir='ltr'>admonuit.</span> <span class='ocrx_word' id='word_1_147' title='bbox 2067 1439 2132 1505; x_wconf 87' lang='lat' dir='ltr'>Mi-</span> 
     </span>
     <span class='ocr_line' id='line_1_12' title="bbox 140 1524 2131 1609; baseline -0.001 -17"><span class='ocrx_word' id='word_1_148' title='bbox 140 1545 222 1592; x_wconf 86' lang='lat' dir='ltr'>vero</span> <span class='ocrx_word' id='word_1_149' title='bbox 243 1545 363 1592; x_wconf 91' lang='lat' dir='ltr'>nomen</span> <span class='ocrx_word' id='word_1_150' title='bbox 384 1546 449 1591; x_wconf 92' lang='lat' dir='ltr'>uon</span> <span class='ocrx_word' id='word_1_151' title='bbox 471 1533 566 1591; x_wconf 88' lang='lat' dir='ltr'>sonat</span> <span class='ocrx_word' id='word_1_152' title='bbox 586 1527 621 1590; x_wconf 92' lang='lat' dir='ltr'>in</span> <span class='ocrx_word' id='word_1_153' title='bbox 643 1526 763 1591; x_wconf 90' lang='lat' dir='ltr'>malem</span> <span class='ocrx_word' id='word_1_154' title='bbox 783 1537 926 1609; x_wconf 87' lang='lat' dir='ltr'>partem,</span> <span class='ocrx_word' id='word_1_155' title='bbox 947 1533 985 1590; x_wconf 92' lang='lat' dir='ltr'>ut</span> <span class='ocrx_word' id='word_1_156' title='bbox 1006 1526 1111 1609; x_wconf 90' lang='lat' dir='ltr'>prius:</span> <span class='ocrx_word' id='word_1_157' title='bbox 1164 1547 1224 1592; x_wconf 90' lang='lat' dir='ltr'>nas</span> <span class='ocrx_word' id='word_1_158' title='bbox 1243 1524 1376 1609; x_wconf 88' lang='lat' dir='ltr'>quidem</span> <span class='ocrx_word' id='word_1_159' title='bbox 1392 1525 1609 1593; x_wconf 88' lang='lat' dir='ltr'>communiter</span> <span class='ocrx_word' id='word_1_160' title='bbox 1631 1525 1741 1591; x_wconf 87' lang='lat' dir='ltr'>electis</span> <span class='ocrx_word' id='word_1_161' title='bbox 1763 1533 1796 1590; x_wconf 92' lang='lat' dir='ltr'>et</span> <span class='ocrx_word' id='word_1_162' title='bbox 1817 1525 1965 1608; x_wconf 88' lang='lat' dir='ltr'>reprobis</span> <span class='ocrx_word' id='word_1_163' title='bbox 1987 1525 2131 1608; x_wconf 89' lang='lat' dir='ltr'>plerum-</span> 
     </span>
     <span class='ocr_line' id='line_1_13' title="bbox 142 1609 2134 1695; baseline -0.001 -19"><span class='ocrx_word' id='word_1_164' title='bbox 142 1610 204 1676; x_wconf 88' lang='lat' dir='ltr'>sed</span> <span class='ocrx_word' id='word_1_165' title='bbox 226 1612 348 1695; x_wconf 83' lang='lat' dir='ltr'>absque</span> <span class='ocrx_word' id='word_1_166' title='bbox 373 1611 508 1678; x_wconf 87' lang='lat' dir='ltr'>sinistra</span> <span class='ocrx_word' id='word_1_167' title='bbox 537 1609 744 1677; x_wconf 91' lang='lat' dir='ltr'>denotatione</span> <span class='ocrx_word' id='word_1_168' title='bbox 771 1632 830 1695; x_wconf 92' lang='lat' dir='ltr'>pro</span> <span class='ocrx_word' id='word_1_169' title='bbox 853 1611 1039 1677; x_wconf 88' lang='lat' dir='ltr'>homiuibus</span> <span class='ocrx_word' id='word_1_170' title='bbox 1061 1631 1113 1676; x_wconf 86' lang='lat' dir='ltr'>ao·</span> <span class='ocrx_word' id='word_1_171' title='bbox 1164 1631 1227 1695; x_wconf 89' lang='lat' dir='ltr'>que</span> <span class='ocrx_word' id='word_1_172' title='bbox 1249 1612 1387 1694; x_wconf 92' lang='lat' dir='ltr'>proponi</span> <span class='ocrx_word' id='word_1_173' title='bbox 1408 1611 1511 1687; x_wconf 89' lang='lat' dir='ltr'>iubet,</span> <span class='ocrx_word' id='word_1_174' title='bbox 1532 1618 1571 1675; x_wconf 90' lang='lat' dir='ltr'>ut</span> <span class='ocrx_word' id='word_1_175' title='bbox 1591 1609 1632 1674; x_wconf 89' lang='lat' dir='ltr'>ad</span> <span class='ocrx_word' id='word_1_176' title='bbox 1653 1611 1887 1695; x_wconf 87' lang='lat' dir='ltr'>poeniteutiam</span> <span class='ocrx_word' id='word_1_177' title='bbox 1908 1620 2062 1692; x_wconf 87' lang='lat' dir='ltr'>utrosque</span> <span class='ocrx_word' id='word_1_178' title='bbox 2083 1612 2134 1675; x_wconf 88' lang='lat' dir='ltr'>iu·</span> 
     </span>
     <span class='ocr_line' id='line_1_14' title="bbox 141 1694 2133 1780; baseline -0.001 -17"><span class='ocrx_word' id='word_1_179' title='bbox 141 1696 284 1780; x_wconf 87' lang='lat' dir='ltr'>cipitur,</span> <span class='ocrx_word' id='word_1_180' title='bbox 306 1695 577 1779; x_wconf 88' lang='lat' dir='ltr'>quemadmodum</span> <span class='ocrx_word' id='word_1_181' title='bbox 601 1697 675 1762; x_wconf 87' lang='lat' dir='ltr'>aliis</span> <span class='ocrx_word' id='word_1_182' title='bbox 703 1697 885 1780; x_wconf 90' lang='lat' dir='ltr'>scripturae</span> <span class='ocrx_word' id='word_1_183' title='bbox 913 1696 993 1763; x_wconf 90' lang='lat' dir='ltr'>locis</span> <span class='ocrx_word' id='word_1_184' title='bbox 1018 1695 1113 1780; x_wconf 81' lang='lat' dir='ltr'>(lisa-</span> <span class='ocrx_word' id='word_1_185' title='bbox 1164 1697 1288 1774; x_wconf 83' lang='lat' dir='ltr'>vitans,</span> <span class='ocrx_word' id='word_1_186' title='bbox 1334 1697 1436 1764; x_wconf 89' lang='lat' dir='ltr'>riores</span> <span class='ocrx_word' id='word_1_187' title='bbox 1457 1696 1624 1776; x_wconf 91' lang='lat' dir='ltr'>humiliet,</span> <span class='ocrx_word' id='word_1_188' title='bbox 1645 1694 1706 1762; x_wconf 87' lang='lat' dir='ltr'>hos</span> <span class='ocrx_word' id='word_1_189' title='bbox 1727 1715 1805 1762; x_wconf 86' lang='lat' dir='ltr'>vero</span> <span class='ocrx_word' id='word_1_190' title='bbox 1827 1694 1943 1762; x_wconf 90' lang='lat' dir='ltr'>reddat</span> <span class='ocrx_word' id='word_1_191' title='bbox 1963 1697 2133 1764; x_wconf 87' lang='lat' dir='ltr'>inexcusa-</span> 
     </span>
     <span class='ocr_line' id='line_1_15' title="bbox 140 1719 2135 1882; baseline -0.001 -34"><span class='ocrx_word' id='word_1_192' title='bbox 140 1784 194 1848; x_wconf 83' lang='lat' dir='ltr'>ise</span> <span class='ocrx_word' id='word_1_193' title='bbox 216 1781 268 1862; x_wconf 85' lang='lat'>40,</span> <span class='ocrx_word' id='word_1_194' title='bbox 291 1781 321 1848; x_wconf 79' lang='lat'>5.</span> <span class='ocrx_word' id='word_1_195' title='bbox 364 1781 461 1850; x_wconf 81' lang='lat' dir='ltr'>Zaoh.</span> <span class='ocrx_word' id='word_1_196' title='bbox 485 1783 522 1863; x_wconf 83' lang='grc'>2,</span> <span class='ocrx_word' id='word_1_197' title='bbox 550 1781 619 1882; x_wconf 80' lang='lat'>13):</span> <span class='ocrx_word' id='word_1_198' title='bbox 664 1781 799 1848; x_wconf 80' lang='lat' dir='ltr'>Videbit</span> <span class='ocrx_word' id='word_1_199' title='bbox 820 1781 926 1848; x_wconf 88' lang='lat' dir='ltr'>omnis</span> <span class='ocrx_word' id='word_1_200' title='bbox 947 1799 1022 1847; x_wconf 86' lang='lat' dir='ltr'>caro</span> <span class='ocrx_word' id='word_1_201' title='bbox 1044 1783 1114 1866; x_wconf 86' lang='lat' dir='ltr'>glo·</span> <span class='ocrx_word' id='word_1_202' title='bbox 1164 1782 1255 1849; x_wconf 89' lang='lat' dir='ltr'>biles.</span> <span class='ocrx_word' id='word_1_203' title='bbox 1301 1719 1367 1850; x_wconf 57' lang='lat' dir='ltr'>§ed</span> <span class='ocrx_word' id='word_1_204' title='bbox 1395 1780 1474 1846; x_wconf 91' lang='lat' dir='ltr'>dum</span> <span class='ocrx_word' id='word_1_205' title='bbox 1504 1781 1608 1847; x_wconf 90' lang='lat' dir='ltr'>maior</span> <span class='ocrx_word' id='word_1_206' title='bbox 1628 1802 1705 1864; x_wconf 89' lang='lat' dir='ltr'>pars</span> <span class='ocrx_word' id='word_1_207' title='bbox 1726 1780 1834 1848; x_wconf 88' lang='lat' dir='ltr'>surdis</span> <span class='ocrx_word' id='word_1_208' title='bbox 1855 1781 1988 1848; x_wconf 88' lang='lat' dir='ltr'>auribus</span> <span class='ocrx_word' id='word_1_209' title='bbox 2009 1783 2135 1866; x_wconf 87' lang='lat' dir='ltr'>respuit</span> 
     </span>
     <span class='ocr_line' id='line_1_16' title="bbox 139 1865 2133 1951; baseline 0 -19"><span class='ocrx_word' id='word_1_210' title='bbox 139 1867 227 1932; x_wconf 90' lang='lat' dir='ltr'>riam</span> <span class='ocrx_word' id='word_1_211' title='bbox 248 1867 392 1933; x_wconf 90' lang='lat' dir='ltr'>Domini.</span> <span class='ocrx_word' id='word_1_212' title='bbox 435 1867 537 1948; x_wconf 87' lang='lat' dir='ltr'>Item,</span> <span class='ocrx_word' id='word_1_213' title='bbox 561 1867 667 1935; x_wconf 81' lang='lat' dir='ltr'>Sdeat</span> <span class='ocrx_word' id='word_1_214' title='bbox 689 1889 710 1933; x_wconf 93' lang='lat' dir='ltr'>a</span> <span class='ocrx_word' id='word_1_215' title='bbox 729 1868 813 1935; x_wconf 80' lang='lat' dir='ltr'>facie</span> <span class='ocrx_word' id='word_1_216' title='bbox 835 1867 987 1934; x_wconf 90' lang='lat' dir='ltr'>Dominis</span> <span class='ocrx_word' id='word_1_217' title='bbox 1008 1867 1114 1932; x_wconf 93' lang='lat' dir='ltr'>omnis</span> <span class='ocrx_word' id='word_1_218' title='bbox 1164 1867 1320 1951; x_wconf 91' lang='lat' dir='ltr'>quidquid</span> <span class='ocrx_word' id='word_1_219' title='bbox 1342 1865 1479 1946; x_wconf 89' lang='lat' dir='ltr'>dicitur,</span> <span class='ocrx_word' id='word_1_220' title='bbox 1501 1866 1710 1950; x_wconf 87' lang='lat' dir='ltr'>peculiariter</span> <span class='ocrx_word' id='word_1_221' title='bbox 1731 1867 1771 1932; x_wconf 91' lang='lat' dir='ltr'>ad</span> <span class='ocrx_word' id='word_1_222' title='bbox 1793 1888 1878 1947; x_wconf 90' lang='lat' dir='ltr'>suos,</span> <span class='ocrx_word' id='word_1_223' title='bbox 1899 1868 1955 1950; x_wconf 91' lang='lat' dir='ltr'>qui</span> <span class='ocrx_word' id='word_1_224' title='bbox 1977 1877 2055 1933; x_wconf 91' lang='lat' dir='ltr'>suut</span> <span class='ocrx_word' id='word_1_225' title='bbox 2075 1866 2133 1932; x_wconf 88' lang='lat' dir='ltr'>ad-</span> 
     </span>
     <span class='ocr_line' id='line_1_17' title="bbox 141 1951 2133 2034; baseline -0.001 -14"><span class='ocrx_word' id='word_1_226' title='bbox 141 1973 230 2020; x_wconf 87' lang='lat' dir='ltr'>oaro.</span> <span class='ocrx_word' id='word_1_227' title='bbox 1164 1954 1229 2020; x_wconf 89' lang='lat' dir='ltr'>huc</span> <span class='ocrx_word' id='word_1_228' title='bbox 1257 1953 1434 2034; x_wconf 88' lang='lat' dir='ltr'>sanabiles,</span> <span class='ocrx_word' id='word_1_229' title='bbox 1468 1953 1630 2019; x_wconf 83' lang='lat' dir='ltr'>convertit</span> <span class='ocrx_word' id='word_1_230' title='bbox 1656 1972 1856 2032; x_wconf 90' lang='lat' dir='ltr'>sermonem,</span> <span class='ocrx_word' id='word_1_231' title='bbox 1885 1961 1922 2018; x_wconf 93' lang='grc' dir='ltr'>ιιι</span> <span class='ocrx_word' id='word_1_232' title='bbox 1947 1951 2058 2019; x_wconf 88' lang='lat' dir='ltr'>iudicii</span> <span class='ocrx_word' id='word_1_233' title='bbox 2082 1953 2133 2018; x_wconf 89' lang='lat' dir='ltr'>sui</span> 
     </span>
     <span class='ocr_line' id='line_1_18' title="bbox 233 2035 2134 2122; baseline 0 -19"><span class='ocrx_word' id='word_1_234' title='bbox 233 2039 281 2104; x_wconf 84' lang='lat'>13.</span> <span class='ocrx_word' id='word_1_235' title='bbox 306 2035 400 2103; x_wconf 73' lang='lat' dir='ltr'>Dicit</span> <span class='ocrx_word' id='word_1_236' title='bbox 427 2037 530 2120; x_wconf 75' lang='lat' dir='ltr'>itaque</span> <span class='ocrx_word' id='word_1_237' title='bbox 550 2037 641 2104; x_wconf 77' lang='lat' dir='ltr'>Deae</span> <span class='ocrx_word' id='word_1_238' title='bbox 669 2039 712 2104; x_wconf 73' lang='lat' dir='ltr'>aa</span> <span class='ocrx_word' id='word_1_239' title='bbox 742 2035 843 2104; x_wconf 75' lang='lat' dir='ltr'>Noah.</span> <span class='ocrx_word' id='word_1_240' title='bbox 886 2037 953 2104; x_wconf 88' lang='lat' dir='ltr'>Hic</span> <span class='ocrx_word' id='word_1_241' title='bbox 980 2056 1114 2102; x_wconf 88' lang='lat' dir='ltr'>narrare</span> <span class='ocrx_word' id='word_1_242' title='bbox 1163 2048 1254 2104; x_wconf 92' lang='lat' dir='ltr'>metu</span> <span class='ocrx_word' id='word_1_243' title='bbox 1275 2060 1329 2104; x_wconf 91' lang='lat' dir='ltr'>eos</span> <span class='ocrx_word' id='word_1_244' title='bbox 1351 2039 1392 2104; x_wconf 92' lang='lat' dir='ltr'>ad</span> <span class='ocrx_word' id='word_1_245' title='bbox 1414 2039 1568 2121; x_wconf 88' lang='lat' dir='ltr'>pietatem</span> <span class='ocrx_word' id='word_1_246' title='bbox 1591 2037 1725 2104; x_wconf 89' lang='lat' dir='ltr'>erudiat.</span> <span class='ocrx_word' id='word_1_247' title='bbox 1770 2037 1885 2103; x_wconf 85' lang='lat' dir='ltr'>Videri</span> <span class='ocrx_word' id='word_1_248' title='bbox 1907 2049 1987 2104; x_wconf 90' lang='lat' dir='ltr'>tunc</span> <span class='ocrx_word' id='word_1_249' title='bbox 2004 2047 2134 2122; x_wconf 87' lang='lat' dir='ltr'>poterat</span> 
     </span>
     <span class='ocr_line' id='line_1_19' title="bbox 139 2122 2133 2208; baseline -0.001 -18"><span class='ocrx_word' id='word_1_250' title='bbox 139 2124 261 2208; x_wconf 89' lang='lat' dir='ltr'>incipit</span> <span class='ocrx_word' id='word_1_251' title='bbox 288 2122 399 2190; x_wconf 79' lang='lat' dir='ltr'>Moses</span> <span class='ocrx_word' id='word_1_252' title='bbox 427 2123 566 2207; x_wconf 86' lang='lat' dir='ltr'>qualiter</span> <span class='ocrx_word' id='word_1_253' title='bbox 594 2132 743 2190; x_wconf 83' lang='lat' dir='ltr'>servatus</span> <span class='ocrx_word' id='word_1_254' title='bbox 777 2123 879 2189; x_wconf 81' lang='lat' dir='ltr'>suerit</span> <span class='ocrx_word' id='word_1_255' title='bbox 906 2123 1010 2189; x_wconf 89' lang='lat' dir='ltr'>Noah.</span> <span class='ocrx_word' id='word_1_256' title='bbox 1062 2124 1112 2189; x_wconf 84' lang='lat' dir='ltr'>Ao</span> <span class='ocrx_word' id='word_1_257' title='bbox 1164 2123 1317 2208; x_wconf 89' lang='lat' dir='ltr'>optabilis</span> <span class='ocrx_word' id='word_1_258' title='bbox 1347 2125 1523 2207; x_wconf 91' lang='lat' dir='ltr'>impiorum</span> <span class='ocrx_word' id='word_1_259' title='bbox 1548 2123 1706 2202; x_wconf 90' lang='lat' dir='ltr'>conditio,</span> <span class='ocrx_word' id='word_1_260' title='bbox 1732 2144 1811 2208; x_wconf 90' lang='lat' dir='ltr'>prae</span> <span class='ocrx_word' id='word_1_261' title='bbox 1838 2124 2003 2188; x_wconf 84' lang='lat' dir='ltr'>anxietate</span> <span class='ocrx_word' id='word_1_262' title='bbox 2026 2124 2133 2190; x_wconf 88' lang='lat' dir='ltr'>sancti</span> 
     </span>
     <span class='ocr_line' id='line_1_20' title="bbox 140 2206 2131 2294; baseline -0.001 -19"><span class='ocrx_word' id='word_1_263' title='bbox 140 2211 250 2294; x_wconf 91' lang='lat' dir='ltr'>primo</span> <span class='ocrx_word' id='word_1_264' title='bbox 277 2208 357 2273; x_wconf 89' lang='lat' dir='ltr'>dioit</span> <span class='ocrx_word' id='word_1_265' title='bbox 381 2209 578 2293; x_wconf 81' lang='lat' dir='ltr'>patefactum</span> <span class='ocrx_word' id='word_1_266' title='bbox 600 2208 650 2274; x_wconf 92' lang='lat' dir='ltr'>illi</span> <span class='ocrx_word' id='word_1_267' title='bbox 670 2210 770 2275; x_wconf 81' lang='lat' dir='ltr'>fuisse</span> <span class='ocrx_word' id='word_1_268' title='bbox 791 2208 856 2274; x_wconf 89' lang='lat' dir='ltr'>Dei</span> <span class='ocrx_word' id='word_1_269' title='bbox 878 2208 1048 2275; x_wconf 89' lang='lat' dir='ltr'>consilinm</span> <span class='ocrx_word' id='word_1_270' title='bbox 1070 2206 1111 2272; x_wconf 93' lang='lat' dir='ltr'>de</span> <span class='ocrx_word' id='word_1_271' title='bbox 1164 2209 1268 2276; x_wconf 88' lang='lat' dir='ltr'>Noah.</span> <span class='ocrx_word' id='word_1_272' title='bbox 1303 2209 1358 2274; x_wconf 92' lang='lat' dir='ltr'>Illi</span> <span class='ocrx_word' id='word_1_273' title='bbox 1376 2208 1437 2275; x_wconf 91' lang='lat' dir='ltr'>sibi</span> <span class='ocrx_word' id='word_1_274' title='bbox 1455 2211 1489 2274; x_wconf 90' lang='lat' dir='ltr'>iu</span> <span class='ocrx_word' id='word_1_275' title='bbox 1507 2209 1575 2276; x_wconf 88' lang='lat' dir='ltr'>suis</span> <span class='ocrx_word' id='word_1_276' title='bbox 1592 2207 1712 2275; x_wconf 85' lang='lat' dir='ltr'>delitiis</span> <span class='ocrx_word' id='word_1_277' title='bbox 1730 2229 1844 2276; x_wconf 89' lang='lat' dir='ltr'>secure</span> <span class='ocrx_word' id='word_1_278' title='bbox 1866 2207 2131 2275; x_wconf 80' lang='lat' dir='ltr'>blandiebantur:</span> 
     </span>
     <span class='ocr_line' id='line_1_21' title="bbox 141 2293 2133 2380; baseline 0 -20"><span class='ocrx_word' id='word_1_279' title='bbox 141 2293 267 2360; x_wconf 90' lang='lat' dir='ltr'>mundo</span> <span class='ocrx_word' id='word_1_280' title='bbox 294 2293 469 2378; x_wconf 89' lang='lat' dir='ltr'>perdendo.</span> <span class='ocrx_word' id='word_1_281' title='bbox 519 2293 686 2374; x_wconf 84' lang='lat' dir='ltr'>Secundo,</span> <span class='ocrx_word' id='word_1_282' title='bbox 714 2294 827 2361; x_wconf 88' lang='lat' dir='ltr'>datum</span> <span class='ocrx_word' id='word_1_283' title='bbox 856 2295 956 2361; x_wconf 83' lang='lat' dir='ltr'>fuisse</span> <span class='ocrx_word' id='word_1_284' title='bbox 984 2301 1113 2360; x_wconf 88' lang='lat' dir='ltr'>exstru·</span> <span class='ocrx_word' id='word_1_285' title='bbox 1165 2296 1284 2362; x_wconf 88' lang='lat' dir='ltr'>scimus</span> <span class='ocrx_word' id='word_1_286' title='bbox 1312 2295 1398 2360; x_wconf 89' lang='lat' dir='ltr'>enim</span> <span class='ocrx_word' id='word_1_287' title='bbox 1428 2295 1506 2380; x_wconf 91' lang='lat' dir='ltr'>qnid</span> <span class='ocrx_word' id='word_1_288' title='bbox 1534 2294 1575 2361; x_wconf 91' lang='lat' dir='ltr'>de</span> <span class='ocrx_word' id='word_1_289' title='bbox 1603 2294 1693 2360; x_wconf 88' lang='lat' dir='ltr'>illius</span> <span class='ocrx_word' id='word_1_290' title='bbox 1721 2303 1787 2360; x_wconf 88' lang='lat' dir='ltr'>tem</span> <span class='ocrx_word' id='word_1_291' title='bbox 1811 2295 1877 2361; x_wconf 85' lang='lat' dir='ltr'>oris</span> <span class='ocrx_word' id='word_1_292' title='bbox 1903 2294 2037 2360; x_wconf 75' lang='lat' dir='ltr'>luxuda</span> <span class='ocrx_word' id='word_1_293' title='bbox 2057 2314 2133 2378; x_wconf 89' lang='lat' dir='ltr'>pro·</span> 
     </span>
     <span class='ocr_line' id='line_1_22' title="bbox 142 2315 2132 2467; baseline 0 -21"><span class='ocrx_word' id='word_1_294' title='bbox 142 2378 250 2446; x_wconf 86' lang='lat' dir='ltr'>endae</span> <span class='ocrx_word' id='word_1_295' title='bbox 271 2399 366 2446; x_wconf 87' lang='lat' dir='ltr'>areae</span> <span class='ocrx_word' id='word_1_296' title='bbox 386 2378 586 2446; x_wconf 89' lang='lat' dir='ltr'>mandatum.</span> <span class='ocrx_word' id='word_1_297' title='bbox 616 2380 736 2459; x_wconf 65' lang='lat' dir='ltr'>Tertio,</span> <span class='ocrx_word' id='word_1_298' title='bbox 758 2381 952 2464; x_wconf 89' lang='lat' dir='ltr'>promissam</span> <span class='ocrx_word' id='word_1_299' title='bbox 974 2379 1021 2444; x_wconf 92' lang='lat' dir='ltr'>illi</span> <span class='ocrx_word' id='word_1_300' title='bbox 1043 2399 1113 2445; x_wconf 88' lang='lat' dir='ltr'>esse</span> <span class='ocrx_word' id='word_1_301' title='bbox 1163 2381 1296 2446; x_wconf 89' lang='lat' dir='ltr'>nunciet</span> <span class='ocrx_word' id='word_1_302' title='bbox 1314 2379 1465 2447; x_wconf 78' lang='lat' dir='ltr'>Christus</span> <span class='ocrx_word' id='word_1_303' title='bbox 1487 2378 1577 2467; x_wconf 86' lang='lat' dir='ltr'>(hue.</span> <span class='ocrx_word' id='word_1_304' title='bbox 1596 2380 1652 2460; x_wconf 77' lang='lat'>17,</span> <span class='ocrx_word' id='word_1_305' title='bbox 1675 2379 1740 2467; x_wconf 82' lang='lat'>26).</span> <span class='ocrx_word' id='word_1_306' title='bbox 1782 2315 1923 2447; x_wconf 52' lang='lat' dir='ltr'>§anctus</span> <span class='ocrx_word' id='word_1_307' title='bbox 1951 2382 2003 2446; x_wconf 82' lang='lat' dir='ltr'>vir</span> <span class='ocrx_word' id='word_1_308' title='bbox 2029 2381 2132 2446; x_wconf 86' lang='lat' dir='ltr'>inter-</span> 
     </span>
     <span class='ocr_line' id='line_1_23' title="bbox 141 2463 2132 2552; baseline -0.001 -20"><span class='ocrx_word' id='word_1_309' title='bbox 141 2465 300 2544; x_wconf 85' lang='lat' dir='ltr'>salutem,</span> <span class='ocrx_word' id='word_1_310' title='bbox 330 2465 359 2532; x_wconf 89' lang='lat' dir='ltr'>si</span> <span class='ocrx_word' id='word_1_311' title='bbox 384 2465 456 2530; x_wconf 90' lang='lat' dir='ltr'>Deo</span> <span class='ocrx_word' id='word_1_312' title='bbox 485 2466 683 2549; x_wconf 87' lang='lat' dir='ltr'>obsequutus</span> <span class='ocrx_word' id='word_1_313' title='bbox 710 2466 747 2530; x_wconf 93' lang='lat' dir='ltr'>iu</span> <span class='ocrx_word' id='word_1_314' title='bbox 776 2485 886 2533; x_wconf 89' lang='lat' dir='ltr'>arcam</span> <span class='ocrx_word' id='word_1_315' title='bbox 912 2487 948 2531; x_wconf 93' lang='lat' dir='ltr'>se</span> <span class='ocrx_word' id='word_1_316' title='bbox 970 2463 1112 2531; x_wconf 87' lang='lat' dir='ltr'>abderet.</span> <span class='ocrx_word' id='word_1_317' title='bbox 1165 2485 1221 2546; x_wconf 88' lang='lat' dir='ltr'>ea,</span> <span class='ocrx_word' id='word_1_318' title='bbox 1249 2467 1344 2550; x_wconf 87' lang='lat' dir='ltr'>quasi</span> <span class='ocrx_word' id='word_1_319' title='bbox 1370 2466 1508 2552; x_wconf 72' lang='lat' dir='ltr'>singulis</span> <span class='ocrx_word' id='word_1_320' title='bbox 1528 2467 1703 2533; x_wconf 90' lang='lat' dir='ltr'>momentis</span> <span class='ocrx_word' id='word_1_321' title='bbox 1731 2465 1897 2532; x_wconf 87' lang='lat' dir='ltr'>obruenda</span> <span class='ocrx_word' id='word_1_322' title='bbox 1924 2474 2011 2532; x_wconf 87' lang='lat' dir='ltr'>esset</span> <span class='ocrx_word' id='word_1_323' title='bbox 2033 2474 2132 2544; x_wconf 85' lang='lat' dir='ltr'>terra,</span> 
     </span>
     <span class='ocr_line' id='line_1_24' title="bbox 140 2549 2133 2637; baseline -0.001 -20"><span class='ocrx_word' id='word_1_324' title='bbox 140 2551 237 2617; x_wconf 88' lang='lat' dir='ltr'>Haeo</span> <span class='ocrx_word' id='word_1_325' title='bbox 251 2551 361 2634; x_wconf 87' lang='lat' dir='ltr'>capita</span> <span class='ocrx_word' id='word_1_326' title='bbox 377 2549 529 2616; x_wconf 90' lang='lat' dir='ltr'>distincte</span> <span class='ocrx_word' id='word_1_327' title='bbox 548 2550 693 2616; x_wconf 90' lang='lat' dir='ltr'>notanda</span> <span class='ocrx_word' id='word_1_328' title='bbox 710 2559 804 2617; x_wconf 89' lang='lat' dir='ltr'>sunt:</span> <span class='ocrx_word' id='word_1_329' title='bbox 827 2552 921 2617; x_wconf 91' lang='lat' dir='ltr'>sicuti</span> <span class='ocrx_word' id='word_1_330' title='bbox 938 2550 1113 2635; x_wconf 88' lang='lat' dir='ltr'>apostolus,</span> <span class='ocrx_word' id='word_1_331' title='bbox 1165 2551 1285 2617; x_wconf 71' lang='lat' dir='ltr'>snmus</span> <span class='ocrx_word' id='word_1_332' title='bbox 1313 2561 1346 2617; x_wconf 90' lang='lat' dir='ltr'>et</span> <span class='ocrx_word' id='word_1_333' title='bbox 1372 2558 1518 2619; x_wconf 88' lang='lat' dir='ltr'>moestus</span> <span class='ocrx_word' id='word_1_334' title='bbox 1546 2551 1704 2637; x_wconf 80' lang='lat' dir='ltr'>gemebat.</span> <span class='ocrx_word' id='word_1_335' title='bbox 1749 2551 1877 2617; x_wconf 87' lang='lat' dir='ltr'>Verum</span> <span class='ocrx_word' id='word_1_336' title='bbox 1903 2551 1933 2617; x_wconf 93' lang='lat' dir='ltr'>si</span> <span class='ocrx_word' id='word_1_337' title='bbox 1954 2553 2053 2616; x_wconf 89' lang='lat' dir='ltr'>finem</span> <span class='ocrx_word' id='word_1_338' title='bbox 2076 2573 2133 2616; x_wconf 92' lang='lat' dir='ltr'>ex·</span> 
     </span>
     <span class='ocr_line' id='line_1_25' title="bbox 141 2633 2133 2721; baseline 0 -19"><span class='ocrx_word' id='word_1_339' title='bbox 141 2657 248 2721; x_wconf 89' lang='lat' dir='ltr'>quum</span> <span class='ocrx_word' id='word_1_340' title='bbox 274 2637 373 2702; x_wconf 87' lang='lat' dir='ltr'>fidem</span> <span class='ocrx_word' id='word_1_341' title='bbox 394 2635 491 2702; x_wconf 85' lang='lat' dir='ltr'>Noah</span> <span class='ocrx_word' id='word_1_342' title='bbox 518 2633 701 2720; x_wconf 90' lang='lat' dir='ltr'>praedicat,</span> <span class='ocrx_word' id='word_1_343' title='bbox 728 2637 878 2702; x_wconf 91' lang='lat' dir='ltr'>timorem</span> <span class='ocrx_word' id='word_1_344' title='bbox 906 2646 939 2702; x_wconf 89' lang='lat' dir='ltr'>et</span> <span class='ocrx_word' id='word_1_345' title='bbox 960 2633 1113 2702; x_wconf 85' lang='lat' dir='ltr'>obedien·</span> <span class='ocrx_word' id='word_1_346' title='bbox 1188 2635 1306 2716; x_wconf 88' lang='lat' dir='ltr'>endas,</span> <span class='ocrx_word' id='word_1_347' title='bbox 1335 2637 1427 2704; x_wconf 87' lang='lat' dir='ltr'>Deus</span> <span class='ocrx_word' id='word_1_348' title='bbox 1455 2637 1687 2704; x_wconf 88' lang='lat' dir='ltr'>inaestimabili</span> <span class='ocrx_word' id='word_1_349' title='bbox 1705 2637 1861 2704; x_wconf 87' lang='lat' dir='ltr'>beneficio</span> <span class='ocrx_word' id='word_1_350' title='bbox 1879 2656 2012 2703; x_wconf 81' lang='lat' dir='ltr'>servum</span> <span class='ocrx_word' id='word_1_351' title='bbox 2035 2657 2133 2702; x_wconf 83' lang='lat' dir='ltr'>suum</span> 
     </span>
     <span class='ocr_line' id='line_1_26' title="bbox 140 2657 2132 2810; baseline 0.001 -23"><span class='ocrx_word' id='word_1_352' title='bbox 140 2723 225 2787; x_wconf 89' lang='lat' dir='ltr'>tiam</span> <span class='ocrx_word' id='word_1_353' title='bbox 249 2742 324 2788; x_wconf 90' lang='lat' dir='ltr'>oum</span> <span class='ocrx_word' id='word_1_354' title='bbox 349 2720 470 2789; x_wconf 85' lang='lat' dir='ltr'>fiducia</span> <span class='ocrx_word' id='word_1_355' title='bbox 493 2721 610 2787; x_wconf 89' lang='lat' dir='ltr'>eonion</span> <span class='ocrx_word' id='word_1_356' title='bbox 638 2723 662 2786; x_wconf 87' lang='lat' dir='ltr'>&#39;t</span> <span class='ocrx_word' id='word_1_357' title='bbox 683 2721 799 2808; x_wconf 89' lang='lat' dir='ltr'>(Hebr.</span> <span class='ocrx_word' id='word_1_358' title='bbox 823 2723 873 2802; x_wconf 92' lang='lat' dir='ltr'>ll,</span> <span class='ocrx_word' id='word_1_359' title='bbox 891 2721 933 2810; x_wconf 77' lang='grc'>7).</span> <span class='ocrx_word' id='word_1_360' title='bbox 974 2721 1113 2788; x_wconf 74' lang='lat' dir='ltr'>Certum</span> <span class='ocrx_word' id='word_1_361' title='bbox 1164 2657 1317 2806; x_wconf 55' lang='lat' dir='ltr'>Signatus</span> <span class='ocrx_word' id='word_1_362' title='bbox 1334 2732 1394 2802; x_wconf 90' lang='lat' dir='ltr'>est,</span> <span class='ocrx_word' id='word_1_363' title='bbox 1412 2743 1514 2807; x_wconf 87' lang='lat' dir='ltr'>quum</span> <span class='ocrx_word' id='word_1_364' title='bbox 1532 2723 1581 2788; x_wconf 91' lang='lat' dir='ltr'>illi</span> <span class='ocrx_word' id='word_1_365' title='bbox 1602 2718 1780 2807; x_wconf 82' lang='lat' dir='ltr'>periculum</span> <span class='ocrx_word' id='word_1_366' title='bbox 1800 2723 2011 2788; x_wconf 82' lang='lat' dir='ltr'>denunciavit</span> <span class='ocrx_word' id='word_1_367' title='bbox 2032 2741 2132 2807; x_wconf 89' lang='lat' dir='ltr'>equo</span> 
     </span>
     <span class='ocr_line' id='line_1_27' title="bbox 140 2805 1303 2876; baseline -0.001 -4"><span class='ocrx_word' id='word_1_368' title='bbox 140 2815 196 2872; x_wconf 87' lang='lat' dir='ltr'>est</span> <span class='ocrx_word' id='word_1_369' title='bbox 230 2817 338 2873; x_wconf 88' lang='lat' dir='ltr'>autem</span> <span class='ocrx_word' id='word_1_370' title='bbox 366 2827 404 2872; x_wconf 92' lang='lat' dir='ltr'>eo</span> <span class='ocrx_word' id='word_1_371' title='bbox 431 2805 565 2873; x_wconf 77' lang='lat' dir='ltr'>mosibo</span> <span class='ocrx_word' id='word_1_372' title='bbox 592 2829 612 2876; x_wconf 88' lang='lat' dir='ltr'>a</span> <span class='ocrx_word' id='word_1_373' title='bbox 635 2807 794 2872; x_wconf 90' lang='lat' dir='ltr'>monitum</span> <span class='ocrx_word' id='word_1_374' title='bbox 823 2808 925 2874; x_wconf 86' lang='lat' dir='ltr'>fuisse</span> <span class='ocrx_word' id='word_1_375' title='bbox 949 2805 1045 2873; x_wconf 90' lang='lat' dir='ltr'>Noah</span> <span class='ocrx_word' id='word_1_376' title='bbox 1073 2805 1114 2872; x_wconf 90' lang='lat' dir='ltr'>de</span> <span class='ocrx_word' id='word_1_377' title='bbox 1164 2819 1303 2876; x_wconf 82' lang='lat' dir='ltr'>caveret.</span> 
     </span>
     <span class='ocr_line' id='line_1_28' title="bbox 139 2891 2133 2979; baseline 0 -21"><span class='ocrx_word' id='word_1_378' title='bbox 139 2892 294 2959; x_wconf 86' lang='lat' dir='ltr'>horribili</span> <span class='ocrx_word' id='word_1_379' title='bbox 318 2893 459 2958; x_wconf 81' lang='lat' dir='ltr'>vindicte</span> <span class='ocrx_word' id='word_1_380' title='bbox 481 2913 564 2976; x_wconf 87' lang='lat' dir='ltr'>quae</span> <span class='ocrx_word' id='word_1_381' title='bbox 585 2892 737 2972; x_wconf 90' lang='lat' dir='ltr'>instabat,</span> <span class='ocrx_word' id='word_1_382' title='bbox 760 2913 829 2958; x_wconf 91' lang='lat' dir='ltr'>non</span> <span class='ocrx_word' id='word_1_383' title='bbox 850 2893 956 2959; x_wconf 90' lang='lat' dir='ltr'>solum</span> <span class='ocrx_word' id='word_1_384' title='bbox 977 2900 1017 2958; x_wconf 92' lang='lat' dir='ltr'>ut</span> <span class='ocrx_word' id='word_1_385' title='bbox 1037 2913 1112 2958; x_wconf 91' lang='lat' dir='ltr'>con·</span> <span class='ocrx_word' id='word_1_386' title='bbox 1251 2893 1380 2977; x_wconf 69' lang='grc' dir='ltr'>Βφιαιι</span> <span class='ocrx_word' id='word_1_387' title='bbox 1407 2899 1452 2960; x_wconf 82' lang='lat' dir='ltr'>est</span> <span class='ocrx_word' id='word_1_388' title='bbox 1472 2899 1556 2960; x_wconf 82' lang='lat' dir='ltr'>terro</span> <span class='ocrx_word' id='word_1_389' title='bbox 1576 2894 1741 2976; x_wconf 74' lang='lat' dir='ltr'>iniquitate</span> <span class='ocrx_word' id='word_1_390' title='bbox 1761 2913 1784 2960; x_wconf 87' lang='lat' dir='ltr'>o</span> <span class='ocrx_word' id='word_1_391' title='bbox 1800 2893 1882 2977; x_wconf 76' lang='lat' dir='ltr'>faeie</span> <span class='ocrx_word' id='word_1_392' title='bbox 1900 2911 2014 2958; x_wconf 77' lang='lat' dir='ltr'>mrum.</span> <span class='ocrx_word' id='word_1_393' title='bbox 2060 2891 2133 2979; x_wconf 79' lang='lat' dir='ltr'>Sig-</span> 
     </span>
     <span class='ocr_line' id='line_1_29' title="bbox 139 2977 2134 3064; baseline 0.001 -21"><span class='ocrx_word' id='word_1_394' title='bbox 139 2977 332 3044; x_wconf 88' lang='lat' dir='ltr'>firmeretur</span> <span class='ocrx_word' id='word_1_395' title='bbox 352 2980 388 3043; x_wconf 92' lang='lat' dir='ltr'>in</span> <span class='ocrx_word' id='word_1_396' title='bbox 410 2989 521 3044; x_wconf 86' lang='lat' dir='ltr'>senato</span> <span class='ocrx_word' id='word_1_397' title='bbox 542 2979 722 3064; x_wconf 89' lang='lat' dir='ltr'>proposito,</span> <span class='ocrx_word' id='word_1_398' title='bbox 742 2977 800 3044; x_wconf 90' lang='lat' dir='ltr'>sed</span> <span class='ocrx_word' id='word_1_399' title='bbox 821 2987 860 3045; x_wconf 93' lang='lat' dir='ltr'>ut</span> <span class='ocrx_word' id='word_1_400' title='bbox 880 2979 999 3044; x_wconf 88' lang='lat' dir='ltr'>timore</span> <span class='ocrx_word' id='word_1_401' title='bbox 1021 2997 1112 3046; x_wconf 88' lang='lat' dir='ltr'>coae-</span> <span class='ocrx_word' id='word_1_402' title='bbox 1164 2978 1277 3045; x_wconf 88' lang='lat' dir='ltr'>nilioet</span> <span class='ocrx_word' id='word_1_403' title='bbox 1305 2980 1398 3046; x_wconf 90' lang='lat' dir='ltr'>Dens</span> <span class='ocrx_word' id='word_1_404' title='bbox 1423 2998 1442 3043; x_wconf 90' lang='lat' dir='ltr'>e</span> <span class='ocrx_word' id='word_1_405' title='bbox 1470 2979 1577 3045; x_wconf 90' lang='lat' dir='ltr'>medio</span> <span class='ocrx_word' id='word_1_406' title='bbox 1604 2977 1765 3045; x_wconf 90' lang='lat' dir='ltr'>tollendos</span> <span class='ocrx_word' id='word_1_407' title='bbox 1793 2999 1879 3055; x_wconf 86' lang='lat' dir='ltr'>esse,</span> <span class='ocrx_word' id='word_1_408' title='bbox 1912 2989 1950 3044; x_wconf 92' lang='lat' dir='ltr'>ut</span> <span class='ocrx_word' id='word_1_409' title='bbox 1975 2987 2134 3064; x_wconf 77' lang='lat' dir='ltr'>purgetur</span> 
     </span>
     <span class='ocr_line' id='line_1_30' title="bbox 139 3061 2134 3149; baseline 0.001 -21"><span class='ocrx_word' id='word_1_410' title='bbox 139 3073 199 3129; x_wconf 90' lang='lat' dir='ltr'>tus</span> <span class='ocrx_word' id='word_1_411' title='bbox 227 3063 368 3130; x_wconf 88' lang='lat' dir='ltr'>oblatam</span> <span class='ocrx_word' id='word_1_412' title='bbox 397 3063 458 3130; x_wconf 85' lang='lat' dir='ltr'>sihi</span> <span class='ocrx_word' id='word_1_413' title='bbox 480 3065 621 3148; x_wconf 80' lang='lat' dir='ltr'>gratiam</span> <span class='ocrx_word' id='word_1_414' title='bbox 638 3061 807 3132; x_wconf 88' lang='lat' dir='ltr'>ardentius</span> <span class='ocrx_word' id='word_1_415' title='bbox 828 3070 1007 3149; x_wconf 89' lang='lat' dir='ltr'>expeteret.</span> <span class='ocrx_word' id='word_1_416' title='bbox 1040 3061 1113 3130; x_wconf 83' lang='lat' dir='ltr'>Soi-</span> <span class='ocrx_word' id='word_1_417' title='bbox 1165 3071 1268 3144; x_wconf 89' lang='lat' dir='ltr'>terra,</span> <span class='ocrx_word' id='word_1_418' title='bbox 1298 3085 1397 3147; x_wconf 88' lang='lat' dir='ltr'>quam</span> <span class='ocrx_word' id='word_1_419' title='bbox 1425 3064 1573 3132; x_wconf 91' lang='lat' dir='ltr'>homines</span> <span class='ocrx_word' id='word_1_420' title='bbox 1599 3071 1669 3131; x_wconf 89' lang='lat' dir='ltr'>tam</span> <span class='ocrx_word' id='word_1_421' title='bbox 1695 3064 1844 3130; x_wconf 89' lang='lat' dir='ltr'>scelerati</span> <span class='ocrx_word' id='word_1_422' title='bbox 1868 3084 1929 3129; x_wconf 90' lang='lat' dir='ltr'>sua</span> <span class='ocrx_word' id='word_1_423' title='bbox 1950 3065 2134 3148; x_wconf 77' lang='lat' dir='ltr'>praeeunde</span> 
     </span>
     <span class='ocr_line' id='line_1_31' title="bbox 137 3149 2134 3251; baseline 0.001 -37"><span class='ocrx_word' id='word_1_424' title='bbox 137 3168 218 3214; x_wconf 86' lang='lat' dir='ltr'>mus</span> <span class='ocrx_word' id='word_1_425' title='bbox 235 3149 449 3250; x_wconf 81' lang='lat' dir='ltr'>etmalorum</span> <span class='ocrx_word' id='word_1_426' title='bbox 471 3150 650 3234; x_wconf 89' lang='lat' dir='ltr'>impunitas</span> <span class='ocrx_word' id='word_1_427' title='bbox 670 3150 900 3250; x_wconf 36' lang='lat' dir='ltr'>&#39;sit&#39;interdum</span> <span class='ocrx_word' id='word_1_428' title='bbox 923 3149 1015 3215; x_wconf 91' lang='lat' dir='ltr'>bonis</span> <span class='ocrx_word' id='word_1_429' title='bbox 1034 3169 1113 3232; x_wconf 93' lang='lat' dir='ltr'>quo-</span> <span class='ocrx_word' id='word_1_430' title='bbox 1163 3151 1345 3234; x_wconf 85' lang='lat' dir='ltr'>inquinent.</span> <span class='ocrx_word' id='word_1_431' title='bbox 1389 3150 1492 3250; x_wconf 74' lang='lat' dir='ltr'>Porro</span> <span class='ocrx_word' id='word_1_432' title='bbox 1513 3171 1580 3216; x_wconf 91' lang='lat' dir='ltr'>non</span> <span class='ocrx_word' id='word_1_433' title='bbox 1601 3149 1673 3217; x_wconf 91' lang='lat' dir='ltr'>ideo</span> <span class='ocrx_word' id='word_1_434' title='bbox 1694 3151 1798 3216; x_wconf 90' lang='lat' dir='ltr'>solam</span> <span class='ocrx_word' id='word_1_435' title='bbox 1818 3149 2025 3250; x_wconf 74' lang='lat' dir='ltr'>iniquitatem</span> <span class='ocrx_word' id='word_1_436' title='bbox 2046 3169 2134 3251; x_wconf 75' lang='lat' dir='ltr'>oom-</span> 
     </span>
     <span class='ocr_line' id='line_1_32' title="bbox 138 3231 2133 3404; baseline 0 -18"><span class='ocrx_word' id='word_1_437' title='bbox 138 3231 380 3386; x_wconf 48' lang='lat' dir='ltr'>:teithi</span> <span class='ocrx_word' id='word_1_438' title='bbox 395 3234 1112 3388; x_wconf 61' lang='lat' dir='ltr'>istitettttltt‘tltdttttt</span> <span class='ocrx_word' id='word_1_439' title='bbox 1164 3235 1926 3404; x_wconf 56' lang='lat' dir='ltr'>stittattfflttltt:tribulet</span> <span class='ocrx_word' id='word_1_440' title='bbox 1945 3241 2133 3400; x_wconf 59' lang='lat' dir='ltr'>:tumlti</span> 
     </span>
     <span class='ocr_line' id='line_1_33' title="bbox 138 3404 2131 3491; baseline 0.001 -20"><span class='ocrx_word' id='word_1_441' title='bbox 138 3425 254 3471; x_wconf 88' lang='lat' dir='ltr'>mum:</span> <span class='ocrx_word' id='word_1_442' title='bbox 294 3425 337 3472; x_wconf 89' lang='lat' dir='ltr'>ne</span> <span class='ocrx_word' id='word_1_443' title='bbox 371 3405 528 3489; x_wconf 90' lang='lat' dir='ltr'>paulatim</span> <span class='ocrx_word' id='word_1_444' title='bbox 562 3405 702 3471; x_wconf 89' lang='lat' dir='ltr'>labendo</span> <span class='ocrx_word' id='word_1_445' title='bbox 740 3406 871 3490; x_wconf 87' lang='lat' dir='ltr'>penitus</span> <span class='ocrx_word' id='word_1_446' title='bbox 903 3404 1035 3472; x_wconf 89' lang='lat' dir='ltr'>taudem</span> <span class='ocrx_word' id='word_1_447' title='bbox 1076 3405 1110 3471; x_wconf 91' lang='lat' dir='ltr'>in</span> <span class='ocrx_word' id='word_1_448' title='bbox 1163 3406 1240 3490; x_wconf 90' lang='lat' dir='ltr'>quia</span> <span class='ocrx_word' id='word_1_449' title='bbox 1256 3407 1396 3474; x_wconf 88' lang='lat' dir='ltr'>crassior</span> <span class='ocrx_word' id='word_1_450' title='bbox 1416 3418 1487 3472; x_wconf 90' lang='lat' dir='ltr'>eret</span> <span class='ocrx_word' id='word_1_451' title='bbox 1507 3407 1589 3473; x_wconf 90' lang='lat' dir='ltr'>haec</span> <span class='ocrx_word' id='word_1_452' title='bbox 1610 3414 1644 3473; x_wconf 91' lang='lat' dir='ltr'>et</span> <span class='ocrx_word' id='word_1_453' title='bbox 1665 3407 1758 3491; x_wconf 87' lang='lat' dir='ltr'>quasi</span> <span class='ocrx_word' id='word_1_454' title='bbox 1779 3405 1950 3489; x_wconf 85' lang='lat' dir='ltr'>palpabilis</span> <span class='ocrx_word' id='word_1_455' title='bbox 1971 3407 2131 3474; x_wconf 89' lang='lat' dir='ltr'>scelerum</span> 
     </span>
     <span class='ocr_line' id='line_1_34' title="bbox 138 3489 1405 3558; baseline 0.001 -1"><span class='ocrx_word' id='word_1_456' title='bbox 138 3489 283 3557; x_wconf 87' lang='lat' dir='ltr'>eandem</span> <span class='ocrx_word' id='word_1_457' title='bbox 312 3490 478 3558; x_wconf 85' lang='lat' dir='ltr'>lasciviam</span> <span class='ocrx_word' id='word_1_458' title='bbox 504 3489 669 3558; x_wconf 87' lang='lat' dir='ltr'>deflueret.</span> <span class='ocrx_word' id='word_1_459' title='bbox 714 3491 865 3558; x_wconf 87' lang='lat' dir='ltr'>Alterum</span> <span class='ocrx_word' id='word_1_460' title='bbox 892 3501 1001 3557; x_wconf 89' lang='lat' dir='ltr'>tamen</span> <span class='ocrx_word' id='word_1_461' title='bbox 1029 3490 1111 3556; x_wconf 91' lang='lat' dir='ltr'>illud</span> <span class='ocrx_word' id='word_1_462' title='bbox 1162 3490 1405 3558; x_wconf 86' lang='lat' dir='ltr'>demonstratio.</span> 
     </span>
     <span class='ocr_line' id='line_1_35' title="bbox 136 3574 2130 3662; baseline -0.001 -18"><span class='ocrx_word' id='word_1_463' title='bbox 136 3576 318 3661; x_wconf 88' lang='lat' dir='ltr'>praecipue</span> <span class='ocrx_word' id='word_1_464' title='bbox 333 3577 603 3660; x_wconf 83' lang='lat' dir='ltr'>spectaritDeus,</span> <span class='ocrx_word' id='word_1_465' title='bbox 622 3583 661 3642; x_wconf 89' lang='lat' dir='ltr'>ut</span> <span class='ocrx_word' id='word_1_466' title='bbox 675 3577 821 3643; x_wconf 88' lang='lat' dir='ltr'>terribile</span> <span class='ocrx_word' id='word_1_467' title='bbox 837 3577 953 3643; x_wconf 91' lang='lat' dir='ltr'>mundi</span> <span class='ocrx_word' id='word_1_468' title='bbox 974 3577 1111 3642; x_wconf 86' lang='lat' dir='ltr'>exitium</span> <span class='ocrx_word' id='word_1_469' title='bbox 1249 3578 1300 3644; x_wconf 84' lang='lat'>14.</span> <span class='ocrx_word' id='word_1_470' title='bbox 1323 3577 1391 3645; x_wconf 84' lang='lat' dir='ltr'>Fac</span> <span class='ocrx_word' id='word_1_471' title='bbox 1417 3577 1474 3643; x_wconf 62' lang='lat' dir='ltr'>tbi</span> <span class='ocrx_word' id='word_1_472' title='bbox 1506 3597 1615 3644; x_wconf 82' lang='lat' dir='ltr'>orcam</span> <span class='ocrx_word' id='word_1_473' title='bbox 1641 3599 1657 3643; x_wconf 83' lang='lat' dir='ltr'>e</span> <span class='ocrx_word' id='word_1_474' title='bbox 1685 3578 1782 3662; x_wconf 70' lang='lat' dir='ltr'>lipsio</span> <span class='ocrx_word' id='word_1_475' title='bbox 1803 3575 1926 3661; x_wconf 76' lang='lat' dir='ltr'>popber.</span> <span class='ocrx_word' id='word_1_476' title='bbox 1971 3574 2130 3660; x_wconf 81' lang='lat' dir='ltr'>Sequitur</span> 
     </span>
     <span class='ocr_line' id='line_1_36' title="bbox 137 3661 2130 3747; baseline -0.001 -18"><span class='ocrx_word' id='word_1_477' title='bbox 137 3661 276 3730; x_wconf 86' lang='lat' dir='ltr'>assidue</span> <span class='ocrx_word' id='word_1_478' title='bbox 297 3661 358 3728; x_wconf 88' lang='lat' dir='ltr'>sibi</span> <span class='ocrx_word' id='word_1_479' title='bbox 379 3669 456 3728; x_wconf 91' lang='lat' dir='ltr'>ante</span> <span class='ocrx_word' id='word_1_480' title='bbox 477 3662 588 3728; x_wconf 86' lang='lat' dir='ltr'>oeulos</span> <span class='ocrx_word' id='word_1_481' title='bbox 609 3681 742 3747; x_wconf 91' lang='lat' dir='ltr'>ponens,</span> <span class='ocrx_word' id='word_1_482' title='bbox 763 3662 805 3728; x_wconf 90' lang='lat' dir='ltr'>ed</span> <span class='ocrx_word' id='word_1_483' title='bbox 826 3672 951 3728; x_wconf 90' lang='lat' dir='ltr'>metum</span> <span class='ocrx_word' id='word_1_484' title='bbox 970 3670 1004 3729; x_wconf 89' lang='lat' dir='ltr'>et</span> <span class='ocrx_word' id='word_1_485' title='bbox 1023 3662 1111 3728; x_wconf 92' lang='lat' dir='ltr'>solli·</span> <span class='ocrx_word' id='word_1_486' title='bbox 1162 3661 1354 3730; x_wconf 90' lang='lat' dir='ltr'>mandatum</span> <span class='ocrx_word' id='word_1_487' title='bbox 1376 3661 1594 3729; x_wconf 85' lang='lat' dir='ltr'>exstruendae</span> <span class='ocrx_word' id='word_1_488' title='bbox 1616 3684 1719 3744; x_wconf 89' lang='lat' dir='ltr'>arcae,</span> <span class='ocrx_word' id='word_1_489' title='bbox 1740 3664 1774 3727; x_wconf 93' lang='lat' dir='ltr'>in</span> <span class='ocrx_word' id='word_1_490' title='bbox 1796 3684 1859 3746; x_wconf 90' lang='lat' dir='ltr'>quo</span> <span class='ocrx_word' id='word_1_491' title='bbox 1880 3661 1973 3728; x_wconf 90' lang='lat' dir='ltr'>Deus</span> <span class='ocrx_word' id='word_1_492' title='bbox 1992 3662 2130 3728; x_wconf 85' lang='lat' dir='ltr'>mirifice</span> 
     </span>
     <span class='ocr_line' id='line_1_37' title="bbox 137 3745 2129 3832; baseline -0.002 -16"><span class='ocrx_word' id='word_1_493' title='bbox 137 3747 323 3816; x_wconf 89' lang='lat' dir='ltr'>citudinem</span> <span class='ocrx_word' id='word_1_494' title='bbox 357 3747 463 3832; x_wconf 77' lang='lat' dir='ltr'>magis</span> <span class='ocrx_word' id='word_1_495' title='bbox 491 3767 529 3813; x_wconf 90' lang='lat' dir='ltr'>ac</span> <span class='ocrx_word' id='word_1_496' title='bbox 555 3750 661 3832; x_wconf 78' lang='lat' dir='ltr'>magis</span> <span class='ocrx_word' id='word_1_497' title='bbox 690 3747 922 3815; x_wconf 85' lang='lat' dir='ltr'>stimularetur.</span> <span class='ocrx_word' id='word_1_498' title='bbox 970 3748 1111 3814; x_wconf 84' lang='lat' dir='ltr'>Necesse</span> <span class='ocrx_word' id='word_1_499' title='bbox 1162 3749 1250 3816; x_wconf 82' lang='lat' dir='ltr'>servi</span> <span class='ocrx_word' id='word_1_500' title='bbox 1278 3749 1330 3815; x_wconf 91' lang='lat' dir='ltr'>sui</span> <span class='ocrx_word' id='word_1_501' title='bbox 1357 3747 1454 3814; x_wconf 87' lang='lat' dir='ltr'>fidem</span> <span class='ocrx_word' id='word_1_502' title='bbox 1484 3758 1517 3814; x_wconf 89' lang='lat' dir='ltr'>st</span> <span class='ocrx_word' id='word_1_503' title='bbox 1544 3748 1762 3815; x_wconf 88' lang='lat' dir='ltr'>obedientiam</span> <span class='ocrx_word' id='word_1_504' title='bbox 1788 3747 1948 3831; x_wconf 79' lang='lat' dir='ltr'>probavit.</span> <span class='ocrx_word' id='word_1_505' title='bbox 1994 3745 2060 3814; x_wconf 84' lang='lat' dir='ltr'>Sed</span> <span class='ocrx_word' id='word_1_506' title='bbox 2089 3747 2129 3813; x_wconf 91' lang='lat' dir='ltr'>de</span> 
     </span>
     <span class='ocr_line' id='line_1_38' title="bbox 137 3831 2130 3917; baseline -0.001 -17"><span class='ocrx_word' id='word_1_507' title='bbox 137 3835 234 3900; x_wconf 89' lang='lat' dir='ltr'>enim</span> <span class='ocrx_word' id='word_1_508' title='bbox 261 3841 333 3900; x_wconf 90' lang='lat' dir='ltr'>erat</span> <span class='ocrx_word' id='word_1_509' title='bbox 361 3841 400 3898; x_wconf 90' lang='lat' dir='ltr'>ut</span> <span class='ocrx_word' id='word_1_510' title='bbox 426 3831 651 3917; x_wconf 87' lang='lat' dir='ltr'>desperatione</span> <span class='ocrx_word' id='word_1_511' title='bbox 673 3833 751 3899; x_wconf 91' lang='lat' dir='ltr'>alibi</span> <span class='ocrx_word' id='word_1_512' title='bbox 773 3833 943 3912; x_wconf 84' lang='lat' dir='ltr'>confusus,</span> <span class='ocrx_word' id='word_1_513' title='bbox 973 3833 1110 3900; x_wconf 89' lang='lat' dir='ltr'>salutem</span> <span class='ocrx_word' id='word_1_514' title='bbox 1162 3843 1329 3900; x_wconf 89' lang='lat' dir='ltr'>structura</span> <span class='ocrx_word' id='word_1_515' title='bbox 1354 3854 1421 3899; x_wconf 91' lang='lat' dir='ltr'>nou</span> <span class='ocrx_word' id='word_1_516' title='bbox 1448 3841 1499 3900; x_wconf 90' lang='lat' dir='ltr'>est</span> <span class='ocrx_word' id='word_1_517' title='bbox 1526 3853 1584 3900; x_wconf 89' lang='lat' dir='ltr'>our</span> <span class='ocrx_word' id='word_1_518' title='bbox 1613 3836 1710 3900; x_wconf 86' lang='lat' dir='ltr'>anxie</span> <span class='ocrx_word' id='word_1_519' title='bbox 1732 3831 1932 3900; x_wconf 89' lang='lat' dir='ltr'>laboremus:</span> <span class='ocrx_word' id='word_1_520' title='bbox 1960 3833 2026 3899; x_wconf 90' lang='lat' dir='ltr'>uisi</span> <span class='ocrx_word' id='word_1_521' title='bbox 2053 3853 2130 3916; x_wconf 92' lang='lat' dir='ltr'>qua·</span> 
     </span>
     <span class='ocr_line' id='line_1_39' title="bbox 137 3916 2128 4001; baseline -0.001 -15"><span class='ocrx_word' id='word_1_522' title='bbox 137 3940 240 3986; x_wconf 86' lang='lat' dir='ltr'>suam</span> <span class='ocrx_word' id='word_1_523' title='bbox 264 3916 329 3984; x_wconf 90' lang='lat' dir='ltr'>fide</span> <span class='ocrx_word' id='word_1_524' title='bbox 348 3917 386 3984; x_wconf 92' lang='lat' dir='ltr'>in</span> <span class='ocrx_word' id='word_1_525' title='bbox 408 3939 517 3986; x_wconf 88' lang='lat' dir='ltr'>arcam</span> <span class='ocrx_word' id='word_1_526' title='bbox 534 3918 724 3985; x_wconf 86' lang='lat' dir='ltr'>includeret</span> <span class='ocrx_word' id='word_1_527' title='bbox 764 3917 932 4001; x_wconf 78' lang='lat' dir='ltr'>Quamdiu</span> <span class='ocrx_word' id='word_1_528' title='bbox 953 3919 1040 3986; x_wconf 88' lang='lat' dir='ltr'>enim</span> <span class='ocrx_word' id='word_1_529' title='bbox 1061 3919 1111 3986; x_wconf 82' lang='lat' dir='ltr'>vi·</span> <span class='ocrx_word' id='word_1_530' title='bbox 1162 3928 1258 3986; x_wconf 88' lang='lat' dir='ltr'>tenus</span> <span class='ocrx_word' id='word_1_531' title='bbox 1275 3919 1316 3985; x_wconf 87' lang='lat' dir='ltr'>ad</span> <span class='ocrx_word' id='word_1_532' title='bbox 1338 3918 1595 3986; x_wconf 87' lang='lat' dir='ltr'>aedificationem</span> <span class='ocrx_word' id='word_1_533' title='bbox 1616 3929 1761 3986; x_wconf 88' lang='lat' dir='ltr'>nostram</span> <span class='ocrx_word' id='word_1_534' title='bbox 1782 3919 1928 3984; x_wconf 88' lang='lat' dir='ltr'>interest.</span> <span class='ocrx_word' id='word_1_535' title='bbox 1969 3919 2128 3998; x_wconf 86' lang='lat' dir='ltr'>Primum,</span> 
     </span>
     <span class='ocr_line' id='line_1_40' title="bbox 137 4001 2127 4090; baseline -0.001 -18"><span class='ocrx_word' id='word_1_536' title='bbox 137 4016 213 4072; x_wconf 84' lang='lat' dir='ltr'>tam</span> <span class='ocrx_word' id='word_1_537' title='bbox 249 4004 310 4071; x_wconf 92' lang='lat' dir='ltr'>sibi</span> <span class='ocrx_word' id='word_1_538' title='bbox 338 4004 500 4088; x_wconf 87' lang='lat' dir='ltr'>pollicitus</span> <span class='ocrx_word' id='word_1_539' title='bbox 527 4004 643 4070; x_wconf 80' lang='lat' dir='ltr'>luisset</span> <span class='ocrx_word' id='word_1_540' title='bbox 670 4006 706 4069; x_wconf 95' lang='lat' dir='ltr'>in</span> <span class='ocrx_word' id='word_1_541' title='bbox 734 4013 838 4083; x_wconf 89' lang='lat' dir='ltr'>terra,</span> <span class='ocrx_word' id='word_1_542' title='bbox 873 4025 1042 4088; x_wconf 91' lang='lat' dir='ltr'>nunquam</span> <span class='ocrx_word' id='word_1_543' title='bbox 1069 4004 1110 4070; x_wconf 89' lang='lat' dir='ltr'>ad</span> <span class='ocrx_word' id='word_1_544' title='bbox 1162 4004 1203 4071; x_wconf 90' lang='lat' dir='ltr'>de</span> <span class='ocrx_word' id='word_1_545' title='bbox 1228 4005 1336 4089; x_wconf 87' lang='lat' dir='ltr'>speeie</span> <span class='ocrx_word' id='word_1_546' title='bbox 1362 4005 1444 4090; x_wconf 80' lang='lat' dir='ltr'>ligni</span> <span class='ocrx_word' id='word_1_547' title='bbox 1466 4026 1532 4071; x_wconf 91' lang='lat' dir='ltr'>nou</span> <span class='ocrx_word' id='word_1_548' title='bbox 1554 4007 1721 4090; x_wconf 83' lang='lat' dir='ltr'>convenit,</span> <span class='ocrx_word' id='word_1_549' title='bbox 1750 4005 1850 4070; x_wconf 88' lang='lat' dir='ltr'>etiam</span> <span class='ocrx_word' id='word_1_550' title='bbox 1871 4005 1960 4069; x_wconf 89' lang='lat' dir='ltr'>inter</span> <span class='ocrx_word' id='word_1_551' title='bbox 1979 4001 2127 4070; x_wconf 88' lang='lat' dir='ltr'>Iudaeos.</span> 
     </span>
     <span class='ocr_line' id='line_1_41' title="bbox 135 4088 2127 4175; baseline -0.002 -17"><span class='ocrx_word' id='word_1_552' title='bbox 135 4090 327 4158; x_wconf 86' lang='lat' dir='ltr'>aedificium</span> <span class='ocrx_word' id='word_1_553' title='bbox 343 4109 448 4166; x_wconf 88' lang='lat' dir='ltr'>arcae,</span> <span class='ocrx_word' id='word_1_554' title='bbox 470 4097 508 4155; x_wconf 91' lang='lat' dir='ltr'>nt</span> <span class='ocrx_word' id='word_1_555' title='bbox 524 4089 665 4171; x_wconf 86' lang='lat' dir='ltr'>decebat,</span> <span class='ocrx_word' id='word_1_556' title='bbox 682 4091 827 4156; x_wconf 89' lang='lat' dir='ltr'>intentus</span> <span class='ocrx_word' id='word_1_557' title='bbox 843 4090 977 4156; x_wconf 84' lang='lat' dir='ltr'>fnisset:</span> <span class='ocrx_word' id='word_1_558' title='bbox 995 4098 1112 4156; x_wconf 86' lang='lat' dir='ltr'>treme-</span> <span class='ocrx_word' id='word_1_559' title='bbox 1162 4090 1300 4175; x_wconf 80' lang='lat' dir='ltr'>Gopher</span> <span class='ocrx_word' id='word_1_560' title='bbox 1320 4091 1409 4156; x_wconf 88' lang='lat' dir='ltr'>enim</span> <span class='ocrx_word' id='word_1_561' title='bbox 1430 4089 1487 4156; x_wconf 87' lang='lat' dir='ltr'>alii</span> <span class='ocrx_word' id='word_1_562' title='bbox 1508 4089 1657 4171; x_wconf 86' lang='lat' dir='ltr'>cedrum,</span> <span class='ocrx_word' id='word_1_563' title='bbox 1680 4090 1736 4157; x_wconf 86' lang='lat' dir='ltr'>alii</span> <span class='ocrx_word' id='word_1_564' title='bbox 1757 4088 1911 4169; x_wconf 90' lang='lat' dir='ltr'>abietem,</span> <span class='ocrx_word' id='word_1_565' title='bbox 1934 4090 1990 4154; x_wconf 90' lang='lat' dir='ltr'>elii</span> <span class='ocrx_word' id='word_1_566' title='bbox 2011 4090 2127 4173; x_wconf 92' lang='lat' dir='ltr'>pinum</span> 
     </span>
     <span class='ocr_line' id='line_1_42' title="bbox 134 4173 2127 4261; baseline -0.001 -19"><span class='ocrx_word' id='word_1_567' title='bbox 134 4178 252 4243; x_wconf 80' lang='lat' dir='ltr'>factus</span> <span class='ocrx_word' id='word_1_568' title='bbox 285 4185 393 4241; x_wconf 85' lang='lat' dir='ltr'>autem</span> <span class='ocrx_word' id='word_1_569' title='bbox 422 4173 488 4240; x_wconf 91' lang='lat' dir='ltr'>Dei</span> <span class='ocrx_word' id='word_1_570' title='bbox 514 4174 633 4242; x_wconf 90' lang='lat' dir='ltr'>iudicio</span> <span class='ocrx_word' id='word_1_571' title='bbox 659 4177 906 4258; x_wconf 89' lang='lat' dir='ltr'>promissionem</span> <span class='ocrx_word' id='word_1_572' title='bbox 933 4175 1022 4243; x_wconf 80' lang='lat' dir='ltr'>ritae</span> <span class='ocrx_word' id='word_1_573' title='bbox 1048 4175 1110 4242; x_wconf 85' lang='lat' dir='ltr'>eibi</span> <span class='ocrx_word' id='word_1_574' title='bbox 1161 4177 1431 4261; x_wconf 87' lang='lat' dir='ltr'>interpretantur.</span> <span class='ocrx_word' id='word_1_575' title='bbox 1463 4175 1605 4242; x_wconf 87' lang='lat' dir='ltr'>Varieut</span> <span class='ocrx_word' id='word_1_576' title='bbox 1621 4178 1719 4242; x_wconf 89' lang='lat' dir='ltr'>etiam</span> <span class='ocrx_word' id='word_1_577' title='bbox 1736 4175 1771 4240; x_wconf 93' lang='lat' dir='ltr'>in</span> <span class='ocrx_word' id='word_1_578' title='bbox 1789 4174 1954 4254; x_wconf 88' lang='lat' dir='ltr'>tabulatis,</span> <span class='ocrx_word' id='word_1_579' title='bbox 1972 4176 2049 4259; x_wconf 91' lang='lat' dir='ltr'>quia</span> <span class='ocrx_word' id='word_1_580' title='bbox 2066 4196 2127 4259; x_wconf 90' lang='lat' dir='ltr'>pu-</span> 
     </span>
     <span class='ocr_line' id='line_1_43' title="bbox 136 4259 2127 4347; baseline -0.001 -20"><span class='ocrx_word' id='word_1_581' title='bbox 136 4263 255 4328; x_wconf 86' lang='lat' dir='ltr'>datam</span> <span class='ocrx_word' id='word_1_582' title='bbox 283 4261 398 4344; x_wconf 91' lang='lat' dir='ltr'>cupide</span> <span class='ocrx_word' id='word_1_583' title='bbox 428 4259 643 4344; x_wconf 87' lang='lat' dir='ltr'>amplectitur.</span> <span class='ocrx_word' id='word_1_584' title='bbox 694 4259 768 4327; x_wconf 89' lang='lat' dir='ltr'>Non</span> <span class='ocrx_word' id='word_1_585' title='bbox 797 4261 943 4327; x_wconf 88' lang='lat' dir='ltr'>subsistit</span> <span class='ocrx_word' id='word_1_586' title='bbox 970 4261 1111 4346; x_wconf 89' lang='lat' dir='ltr'>amplius</span> <span class='ocrx_word' id='word_1_587' title='bbox 1162 4269 1234 4328; x_wconf 84' lang='lat' dir='ltr'>tant</span> <span class='ocrx_word' id='word_1_588' title='bbox 1254 4261 1353 4327; x_wconf 87' lang='lat' dir='ltr'>multi</span> <span class='ocrx_word' id='word_1_589' title='bbox 1374 4261 1535 4328; x_wconf 90' lang='lat' dir='ltr'>sentinam</span> <span class='ocrx_word' id='word_1_590' title='bbox 1556 4262 1656 4329; x_wconf 86' lang='lat' dir='ltr'>fuisse</span> <span class='ocrx_word' id='word_1_591' title='bbox 1677 4267 1793 4347; x_wconf 85' lang='lat' dir='ltr'>quarto</span> <span class='ocrx_word' id='word_1_592' title='bbox 1815 4262 1894 4340; x_wconf 90' lang='lat' dir='ltr'>loco,</span> <span class='ocrx_word' id='word_1_593' title='bbox 1912 4279 1994 4344; x_wconf 88' lang='lat' dir='ltr'>quae</span> <span class='ocrx_word' id='word_1_594' title='bbox 2015 4282 2127 4327; x_wconf 90' lang='lat' dir='ltr'>excre-</span> 
     </span>
     <span class='ocr_line' id='line_1_44' title="bbox 134 4345 2126 4430; baseline -0.002 -16"><span class='ocrx_word' id='word_1_595' title='bbox 134 4351 177 4414; x_wconf 92' lang='lat' dir='ltr'>in</span> <span class='ocrx_word' id='word_1_596' title='bbox 201 4346 406 4413; x_wconf 85' lang='lat' dir='ltr'>naturalibus</span> <span class='ocrx_word' id='word_1_597' title='bbox 427 4348 514 4412; x_wconf 84' lang='lat' dir='ltr'>vitae</span> <span class='ocrx_word' id='word_1_598' title='bbox 535 4347 651 4424; x_wconf 87' lang='lat' dir='ltr'>causis,</span> <span class='ocrx_word' id='word_1_599' title='bbox 673 4346 726 4413; x_wconf 82' lang='lat' dir='ltr'>vel</span> <span class='ocrx_word' id='word_1_600' title='bbox 747 4346 878 4414; x_wconf 91' lang='lat' dir='ltr'>mediis:</span> <span class='ocrx_word' id='word_1_601' title='bbox 904 4347 961 4414; x_wconf 91' lang='lat' dir='ltr'>sed</span> <span class='ocrx_word' id='word_1_602' title='bbox 982 4367 1110 4414; x_wconf 91' lang='lat' dir='ltr'>recum·</span> <span class='ocrx_word' id='word_1_603' title='bbox 1160 4355 1274 4413; x_wconf 90' lang='lat' dir='ltr'>menta</span> <span class='ocrx_word' id='word_1_604' title='bbox 1302 4355 1334 4414; x_wconf 93' lang='lat' dir='ltr'>et</span> <span class='ocrx_word' id='word_1_605' title='bbox 1355 4347 1436 4413; x_wconf 90' lang='lat' dir='ltr'>alies</span> <span class='ocrx_word' id='word_1_606' title='bbox 1458 4347 1682 4414; x_wconf 85' lang='lat' dir='ltr'>immundities</span> <span class='ocrx_word' id='word_1_607' title='bbox 1704 4348 1871 4430; x_wconf 88' lang='lat' dir='ltr'>reciperet.</span> <span class='ocrx_word' id='word_1_608' title='bbox 1922 4345 1990 4410; x_wconf 85' lang='lat' dir='ltr'>Alii</span> <span class='ocrx_word' id='word_1_609' title='bbox 2010 4347 2044 4410; x_wconf 91' lang='lat' dir='ltr'>in</span> <span class='ocrx_word' id='word_1_610' title='bbox 2067 4347 2126 4410; x_wconf 89' lang='lat' dir='ltr'>tri·</span> 
     </span>
     <span class='ocr_line' id='line_1_45' title="bbox 134 4430 2126 4518; baseline -0.003 -18"><span class='ocrx_word' id='word_1_611' title='bbox 134 4434 248 4500; x_wconf 86' lang='lat' dir='ltr'>bitin</span> <span class='ocrx_word' id='word_1_612' title='bbox 266 4431 372 4498; x_wconf 87' lang='lat' dir='ltr'>solum</span> <span class='ocrx_word' id='word_1_613' title='bbox 393 4430 459 4496; x_wconf 90' lang='lat' dir='ltr'>Dei</span> <span class='ocrx_word' id='word_1_614' title='bbox 479 4431 608 4510; x_wconf 74' lang='lat' dir='ltr'>foedus,</span> <span class='ocrx_word' id='word_1_615' title='bbox 630 4453 693 4516; x_wconf 91' lang='lat' dir='ltr'>quo</span> <span class='ocrx_word' id='word_1_616' title='bbox 714 4431 908 4498; x_wconf 87' lang='lat' dir='ltr'>mirabiliter</span> <span class='ocrx_word' id='word_1_617' title='bbox 928 4431 1110 4499; x_wconf 83' lang='lat' dir='ltr'>servandus</span> <span class='ocrx_word' id='word_1_618' title='bbox 1161 4433 1237 4517; x_wconf 87' lang='lat' dir='ltr'>plici</span> <span class='ocrx_word' id='word_1_619' title='bbox 1258 4433 1500 4518; x_wconf 83' lang='lat' dir='ltr'>contignatione</span> <span class='ocrx_word' id='word_1_620' title='bbox 1521 4433 1663 4518; x_wconf 88' lang='lat' dir='ltr'>quinquo</span> <span class='ocrx_word' id='word_1_621' title='bbox 1684 4431 1870 4499; x_wconf 89' lang='lat' dir='ltr'>mansiones</span> <span class='ocrx_word' id='word_1_622' title='bbox 1890 4430 2024 4510; x_wconf 85' lang='lat' dir='ltr'>iaciunt,</span> <span class='ocrx_word' id='word_1_623' title='bbox 2046 4450 2126 4513; x_wconf 93' lang='lat' dir='ltr'>que·</span> 
     </span>
     <span class='ocr_line' id='line_1_46' title="bbox 135 4515 2126 4600; baseline -0.003 -15"><span class='ocrx_word' id='word_1_624' title='bbox 135 4527 224 4585; x_wconf 89' lang='lat' dir='ltr'>erat.</span> <span class='ocrx_word' id='word_1_625' title='bbox 268 4517 389 4583; x_wconf 88' lang='lat' dir='ltr'>Nullus</span> <span class='ocrx_word' id='word_1_626' title='bbox 416 4517 466 4583; x_wconf 91' lang='lat' dir='ltr'>illi</span> <span class='ocrx_word' id='word_1_627' title='bbox 493 4518 648 4583; x_wconf 89' lang='lat' dir='ltr'>molestus</span> <span class='ocrx_word' id='word_1_628' title='bbox 677 4517 731 4583; x_wconf 85' lang='lat' dir='ltr'>vel</span> <span class='ocrx_word' id='word_1_629' title='bbox 760 4516 903 4584; x_wconf 85' lang='lat' dir='ltr'>difficilis</span> <span class='ocrx_word' id='word_1_630' title='bbox 931 4528 981 4584; x_wconf 91' lang='lat' dir='ltr'>est</span> <span class='ocrx_word' id='word_1_631' title='bbox 1008 4518 1109 4598; x_wconf 88' lang='lat' dir='ltr'>labor,</span> <span class='ocrx_word' id='word_1_632' title='bbox 1160 4540 1234 4584; x_wconf 91' lang='lat' dir='ltr'>rum</span> <span class='ocrx_word' id='word_1_633' title='bbox 1262 4538 1423 4584; x_wconf 90' lang='lat' dir='ltr'>summam</span> <span class='ocrx_word' id='word_1_634' title='bbox 1451 4518 1567 4585; x_wconf 82' lang='lat' dir='ltr'>avibus</span> <span class='ocrx_word' id='word_1_635' title='bbox 1593 4518 1767 4585; x_wconf 88' lang='lat' dir='ltr'>destinant.</span> <span class='ocrx_word' id='word_1_636' title='bbox 1811 4515 1900 4584; x_wconf 85' lang='lat' dir='ltr'>Sunt</span> <span class='ocrx_word' id='word_1_637' title='bbox 1926 4516 1982 4600; x_wconf 91' lang='lat' dir='ltr'>qui</span> <span class='ocrx_word' id='word_1_638' title='bbox 2009 4524 2126 4600; x_wconf 90' lang='lat' dir='ltr'>putent</span> 
     </span>
     <span class='ocr_line' id='line_1_47' title="bbox 133 4597 2125 4688; baseline -0.002 -18"><span class='ocrx_word' id='word_1_639' title='bbox 133 4603 235 4670; x_wconf 92' lang='lat' dir='ltr'>nullo</span> <span class='ocrx_word' id='word_1_640' title='bbox 262 4597 369 4669; x_wconf 80' lang='lat' dir='ltr'>laedio</span> <span class='ocrx_word' id='word_1_641' title='bbox 396 4601 569 4686; x_wconf 80' lang='lat' dir='ltr'>frangitur.</span> <span class='ocrx_word' id='word_1_642' title='bbox 613 4603 731 4669; x_wconf 88' lang='lat' dir='ltr'>Aerior</span> <span class='ocrx_word' id='word_1_643' title='bbox 756 4603 844 4668; x_wconf 89' lang='lat' dir='ltr'>enim</span> <span class='ocrx_word' id='word_1_644' title='bbox 866 4603 906 4670; x_wconf 89' lang='lat' dir='ltr'>ad</span> <span class='ocrx_word' id='word_1_645' title='bbox 928 4623 1002 4668; x_wconf 90' lang='lat' dir='ltr'>eum</span> <span class='ocrx_word' id='word_1_646' title='bbox 1024 4625 1108 4688; x_wconf 92' lang='lat' dir='ltr'>pun·</span> <span class='ocrx_word' id='word_1_647' title='bbox 1161 4626 1226 4670; x_wconf 91' lang='lat' dir='ltr'>non</span> <span class='ocrx_word' id='word_1_648' title='bbox 1245 4605 1332 4670; x_wconf 91' lang='lat' dir='ltr'>ultra</span> <span class='ocrx_word' id='word_1_649' title='bbox 1348 4615 1415 4669; x_wconf 85' lang='lat' dir='ltr'>tres</span> <span class='ocrx_word' id='word_1_650' title='bbox 1433 4603 1563 4669; x_wconf 89' lang='lat' dir='ltr'>ordines</span> <span class='ocrx_word' id='word_1_651' title='bbox 1580 4605 1680 4670; x_wconf 81' lang='lat' dir='ltr'>inisse</span> <span class='ocrx_word' id='word_1_652' title='bbox 1696 4604 1732 4668; x_wconf 92' lang='lat' dir='ltr'>in</span> <span class='ocrx_word' id='word_1_653' title='bbox 1753 4601 1968 4679; x_wconf 90' lang='lat' dir='ltr'>altitudinem,</span> <span class='ocrx_word' id='word_1_654' title='bbox 1991 4600 2048 4668; x_wconf 89' lang='lat' dir='ltr'>sed</span> <span class='ocrx_word' id='word_1_655' title='bbox 2069 4601 2125 4684; x_wconf 91' lang='lat' dir='ltr'>qui</span> 
     </span>
     <span class='ocr_line' id='line_1_48' title="bbox 133 4686 2124 4776; baseline -0.001 -22"><span class='ocrx_word' id='word_1_656' title='bbox 133 4687 289 4776; x_wconf 78' lang='lat' dir='ltr'>gendum</span> <span class='ocrx_word' id='word_1_657' title='bbox 310 4699 359 4754; x_wconf 90' lang='lat' dir='ltr'>est</span> <span class='ocrx_word' id='word_1_658' title='bbox 379 4689 449 4753; x_wconf 90' lang='lat' dir='ltr'>irae</span> <span class='ocrx_word' id='word_1_659' title='bbox 463 4688 528 4753; x_wconf 90' lang='lat' dir='ltr'>Dei</span> <span class='ocrx_word' id='word_1_660' title='bbox 549 4689 703 4755; x_wconf 70' lang='lat' dir='ltr'>eumelus</span> <span class='ocrx_word' id='word_1_661' title='bbox 722 4709 819 4772; x_wconf 90' lang='lat' dir='ltr'>quam</span> <span class='ocrx_word' id='word_1_662' title='bbox 841 4696 880 4755; x_wconf 91' lang='grc' dir='ltr'>ιιι</span> <span class='ocrx_word' id='word_1_663' title='bbox 899 4690 1010 4756; x_wconf 87' lang='lat' dir='ltr'>carnis</span> <span class='ocrx_word' id='word_1_664' title='bbox 1031 4689 1109 4756; x_wconf 91' lang='lat' dir='ltr'>deli·</span> <span class='ocrx_word' id='word_1_665' title='bbox 1159 4689 1275 4756; x_wconf 85' lang='lat' dir='ltr'>mediis</span> <span class='ocrx_word' id='word_1_666' title='bbox 1297 4689 1452 4755; x_wconf 89' lang='lat' dir='ltr'>tabulatis</span> <span class='ocrx_word' id='word_1_667' title='bbox 1486 4691 1573 4755; x_wconf 90' lang='lat' dir='ltr'>iuter</span> <span class='ocrx_word' id='word_1_668' title='bbox 1599 4711 1634 4756; x_wconf 89' lang='lat' dir='ltr'>se</span> <span class='ocrx_word' id='word_1_669' title='bbox 1669 4689 1814 4756; x_wconf 86' lang='lat' dir='ltr'>distincti</span> <span class='ocrx_word' id='word_1_670' title='bbox 1842 4687 1972 4752; x_wconf 83' lang='lat' dir='ltr'>luerint.</span> <span class='ocrx_word' id='word_1_671' title='bbox 2024 4686 2124 4752; x_wconf 89' lang='lat' dir='ltr'>Prae·</span> 
     </span>
     <span class='ocr_line' id='line_1_49' title="bbox 135 4771 2125 4859; baseline -0.002 -19"><span class='ocrx_word' id='word_1_672' title='bbox 135 4778 202 4841; x_wconf 85' lang='lat' dir='ltr'>tiis</span> <span class='ocrx_word' id='word_1_673' title='bbox 229 4773 419 4852; x_wconf 89' lang='lat' dir='ltr'>indormiet‚</span> <span class='ocrx_word' id='word_1_674' title='bbox 454 4774 505 4840; x_wconf 79' lang='lat' dir='ltr'>vel</span> <span class='ocrx_word' id='word_1_675' title='bbox 530 4773 660 4840; x_wconf 79' lang='lat' dir='ltr'>fatiscat</span> <span class='ocrx_word' id='word_1_676' title='bbox 686 4774 756 4840; x_wconf 72' lang='lat' dir='ltr'>subv</span> <span class='ocrx_word' id='word_1_677' title='bbox 774 4773 1024 4850; x_wconf 77' lang='lat' dir='ltr'>tentationibus,</span> <span class='ocrx_word' id='word_1_678' title='bbox 1054 4773 1108 4842; x_wconf 86' lang='lat' dir='ltr'>vel</span> <span class='ocrx_word' id='word_1_679' title='bbox 1160 4785 1249 4841; x_wconf 89' lang='lat' dir='ltr'>terea</span> <span class='ocrx_word' id='word_1_680' title='bbox 1261 4775 1300 4840; x_wconf 88' lang='lat' dir='ltr'>de</span> <span class='ocrx_word' id='word_1_681' title='bbox 1312 4775 1454 4840; x_wconf 78' lang='lat' dir='ltr'>fenestra</span> <span class='ocrx_word' id='word_1_682' title='bbox 1464 4795 1530 4840; x_wconf 91' lang='lat' dir='ltr'>non</span> <span class='ocrx_word' id='word_1_683' title='bbox 1540 4771 1965 4859; x_wconf 88' lang='lat' dir='ltr'>consentiunt:quibusdam</span> <span class='ocrx_word' id='word_1_684' title='bbox 1976 4771 2064 4836; x_wconf 91' lang='lat' dir='ltr'>enim</span> <span class='ocrx_word' id='word_1_685' title='bbox 2076 4773 2125 4837; x_wconf 82' lang='lat' dir='ltr'>vi·</span> 
     </span>
     <span class='ocr_line' id='line_1_50' title="bbox 132 4855 2125 4943; baseline -0.004 -15"><span class='ocrx_word' id='word_1_686' title='bbox 132 4881 307 4928; x_wconf 88' lang='lat' dir='ltr'>remoram</span> <span class='ocrx_word' id='word_1_687' title='bbox 323 4859 372 4924; x_wconf 92' lang='lat' dir='ltr'>illi</span> <span class='ocrx_word' id='word_1_688' title='bbox 390 4879 494 4926; x_wconf 82' lang='lat' dir='ltr'>vanae</span> <span class='ocrx_word' id='word_1_689' title='bbox 512 4879 586 4943; x_wconf 91' lang='lat' dir='ltr'>spes</span> <span class='ocrx_word' id='word_1_690' title='bbox 605 4859 759 4926; x_wconf 88' lang='lat' dir='ltr'>afferant:</span> <span class='ocrx_word' id='word_1_691' title='bbox 778 4860 857 4943; x_wconf 92' lang='lat' dir='ltr'>quin</span> <span class='ocrx_word' id='word_1_692' title='bbox 879 4860 988 4943; x_wconf 90' lang='lat' dir='ltr'>potius</span> <span class='ocrx_word' id='word_1_693' title='bbox 1006 4881 1041 4926; x_wconf 92' lang='lat' dir='ltr'>se</span> <span class='ocrx_word' id='word_1_694' title='bbox 1058 4861 1107 4943; x_wconf 91' lang='lat' dir='ltr'>ip-</span> <span class='ocrx_word' id='word_1_695' title='bbox 1159 4860 1440 4927; x_wconf 89' lang='lat' dir='ltr'>deturnouunam</span> <span class='ocrx_word' id='word_1_696' title='bbox 1452 4861 1645 4927; x_wconf 87' lang='lat' dir='ltr'>tentumsed</span> <span class='ocrx_word' id='word_1_697' title='bbox 1658 4861 1886 4943; x_wconf 86' lang='lat' dir='ltr'>pluresfuisse.</span> <span class='ocrx_word' id='word_1_698' title='bbox 1922 4855 2010 4923; x_wconf 82' lang='lat' dir='ltr'>Sunt</span> <span class='ocrx_word' id='word_1_699' title='bbox 2026 4859 2125 4923; x_wconf 90' lang='lat' dir='ltr'>etiam</span> 
     </span>
     <span class='ocr_line' id='line_1_51' title="bbox 130 4940 2124 5029; baseline -0.003 -15"><span class='ocrx_word' id='word_1_700' title='bbox 130 4967 218 5014; x_wconf 87' lang='lat' dir='ltr'>eum</span> <span class='ocrx_word' id='word_1_701' title='bbox 234 4955 303 5011; x_wconf 88' lang='lat' dir='ltr'>tam</span> <span class='ocrx_word' id='word_1_702' title='bbox 320 4945 361 5010; x_wconf 90' lang='lat' dir='ltr'>ad</span> <span class='ocrx_word' id='word_1_703' title='bbox 377 4945 688 5029; x_wconf 80' lang='lat' dir='ltr'>fugiendapeoceta,</span> <span class='ocrx_word' id='word_1_704' title='bbox 711 4965 807 5028; x_wconf 90' lang='lat' dir='ltr'>quam</span> <span class='ocrx_word' id='word_1_705' title='bbox 829 4945 1107 5028; x_wconf 85' lang='lat' dir='ltr'>adquaerendam</span> <span class='ocrx_word' id='word_1_706' title='bbox 1160 4947 1216 5029; x_wconf 92' lang='lat' dir='ltr'>qui</span> <span class='ocrx_word' id='word_1_707' title='bbox 1251 4945 1360 5012; x_wconf 90' lang='lat' dir='ltr'>dicant</span> <span class='ocrx_word' id='word_1_708' title='bbox 1391 4945 1492 5011; x_wconf 86' lang='lat' dir='ltr'>fuisse</span> <span class='ocrx_word' id='word_1_709' title='bbox 1526 4957 1654 5029; x_wconf 88' lang='lat' dir='ltr'>apertas</span> <span class='ocrx_word' id='word_1_710' title='bbox 1689 4945 1728 5010; x_wconf 91' lang='lat' dir='ltr'>ad</span> <span class='ocrx_word' id='word_1_711' title='bbox 1757 4940 1976 5028; x_wconf 89' lang='lat' dir='ltr'>recipiendum</span> <span class='ocrx_word' id='word_1_712' title='bbox 2006 4947 2124 5009; x_wconf 72' lang='lat' dir='ltr'>utrem.</span> 
     </span>
     <span class='ocr_line' id='line_1_52' title="bbox 132 5029 2125 5114; baseline -0.004 -14"><span class='ocrx_word' id='word_1_713' title='bbox 132 5030 326 5100; x_wconf 85' lang='lat' dir='ltr'>remedium</span> <span class='ocrx_word' id='word_1_714' title='bbox 358 5031 517 5097; x_wconf 90' lang='lat' dir='ltr'>sollicitat.</span> <span class='ocrx_word' id='word_1_715' title='bbox 573 5035 681 5114; x_wconf 78' lang='lat' dir='ltr'>Atque</span> <span class='ocrx_word' id='word_1_716' title='bbox 712 5030 798 5096; x_wconf 89' lang='lat' dir='ltr'>hane</span> <span class='ocrx_word' id='word_1_717' title='bbox 830 5031 906 5096; x_wconf 90' lang='lat' dir='ltr'>fidei</span> <span class='ocrx_word' id='word_1_718' title='bbox 939 5031 1010 5096; x_wconf 88' lang='lat' dir='ltr'>eius</span> <span class='ocrx_word' id='word_1_719' title='bbox 1041 5052 1107 5096; x_wconf 93' lang='lat' dir='ltr'>non</span> <span class='ocrx_word' id='word_1_720' title='bbox 1161 5031 1227 5096; x_wconf 87' lang='lat' dir='ltr'>Alii</span> <span class='ocrx_word' id='word_1_721' title='bbox 1263 5040 1372 5097; x_wconf 90' lang='lat' dir='ltr'>autem</span> <span class='ocrx_word' id='word_1_722' title='bbox 1408 5031 1609 5097; x_wconf 90' lang='lat' dir='ltr'>contendunt</span> <span class='ocrx_word' id='word_1_723' title='bbox 1636 5041 1763 5097; x_wconf 86' lang='lat' dir='ltr'>tentum</span> <span class='ocrx_word' id='word_1_724' title='bbox 1791 5030 1872 5096; x_wconf 87' lang='lat' dir='ltr'>lucis</span> <span class='ocrx_word' id='word_1_725' title='bbox 1898 5049 1997 5095; x_wconf 89' lang='lat' dir='ltr'>causa</span> <span class='ocrx_word' id='word_1_726' title='bbox 2024 5029 2125 5094; x_wconf 81' lang='lat' dir='ltr'>fuisse</span> 
     </span>
     <span class='ocr_line' id='line_1_53' title="bbox 130 5113 2125 5200; baseline -0.005 -15"><span class='ocrx_word' id='word_1_727' title='bbox 130 5118 313 5185; x_wconf 90' lang='lat' dir='ltr'>minimam</span> <span class='ocrx_word' id='word_1_728' title='bbox 334 5115 435 5183; x_wconf 77' lang='lat' dir='ltr'>fuisse</span> <span class='ocrx_word' id='word_1_729' title='bbox 455 5123 580 5200; x_wconf 88' lang='lat' dir='ltr'>partem</span> <span class='ocrx_word' id='word_1_730' title='bbox 610 5116 774 5200; x_wconf 89' lang='lat' dir='ltr'>apostolus</span> <span class='ocrx_word' id='word_1_731' title='bbox 795 5115 897 5196; x_wconf 91' lang='lat' dir='ltr'>dooet,</span> <span class='ocrx_word' id='word_1_732' title='bbox 915 5115 1000 5199; x_wconf 92' lang='lat' dir='ltr'>quod</span> <span class='ocrx_word' id='word_1_733' title='bbox 1021 5115 1107 5182; x_wconf 90' lang='lat' dir='ltr'>soili-</span> <span class='ocrx_word' id='word_1_734' title='bbox 1159 5117 1367 5200; x_wconf 90' lang='lat' dir='ltr'>compositas,</span> <span class='ocrx_word' id='word_1_735' title='bbox 1385 5116 1520 5199; x_wconf 88' lang='lat' dir='ltr'>ideoque</span> <span class='ocrx_word' id='word_1_736' title='bbox 1536 5118 1690 5183; x_wconf 88' lang='lat' dir='ltr'>obductas</span> <span class='ocrx_word' id='word_1_737' title='bbox 1707 5117 1805 5182; x_wconf 87' lang='lat' dir='ltr'>fuisse</span> <span class='ocrx_word' id='word_1_738' title='bbox 1822 5113 1989 5200; x_wconf 83' lang='lat' dir='ltr'>crystallo,</span> <span class='ocrx_word' id='word_1_739' title='bbox 2008 5123 2041 5178; x_wconf 91' lang='lat' dir='ltr'>et</span> <span class='ocrx_word' id='word_1_740' title='bbox 2061 5113 2125 5176; x_wconf 91' lang='lat' dir='ltr'>illi-</span> 
     </span>
     <span class='ocr_line' id='line_1_54' title="bbox 131 5198 2124 5286; baseline -0.005 -13"><span class='ocrx_word' id='word_1_741' title='bbox 131 5215 194 5273; x_wconf 86' lang='lat' dir='ltr'>oct</span> <span class='ocrx_word' id='word_1_742' title='bbox 218 5204 259 5268; x_wconf 93' lang='lat' dir='ltr'>ab</span> <span class='ocrx_word' id='word_1_743' title='bbox 276 5201 317 5267; x_wconf 89' lang='lat' dir='ltr'>iis</span> <span class='ocrx_word' id='word_1_744' title='bbox 337 5221 418 5285; x_wconf 88' lang='lat' dir='ltr'>quae</span> <span class='ocrx_word' id='word_1_745' title='bbox 437 5223 504 5267; x_wconf 89' lang='lat' dir='ltr'>non</span> <span class='ocrx_word' id='word_1_746' title='bbox 522 5201 718 5268; x_wconf 89' lang='lat' dir='ltr'>videbantur</span> <span class='ocrx_word' id='word_1_747' title='bbox 738 5211 897 5280; x_wconf 87' lang='lat' dir='ltr'>metuens,</span> <span class='ocrx_word' id='word_1_748' title='bbox 920 5221 1028 5266; x_wconf 88' lang='lat' dir='ltr'>aream</span> <span class='ocrx_word' id='word_1_749' title='bbox 1050 5223 1107 5284; x_wconf 90' lang='lat' dir='ltr'>ap·</span> <span class='ocrx_word' id='word_1_750' title='bbox 1160 5214 1209 5266; x_wconf 89' lang='lat' dir='ltr'>tas</span> <span class='ocrx_word' id='word_1_751' title='bbox 1240 5201 1408 5268; x_wconf 89' lang='lat' dir='ltr'>bitumine.</span> <span class='ocrx_word' id='word_1_752' title='bbox 1453 5201 1538 5267; x_wconf 85' lang='lat' dir='ltr'>Mihi</span> <span class='ocrx_word' id='word_1_753' title='bbox 1561 5203 1689 5268; x_wconf 85' lang='lat' dir='ltr'>videtur</span> <span class='ocrx_word' id='word_1_754' title='bbox 1712 5202 1815 5286; x_wconf 79' lang='lat' dir='ltr'>magis</span> <span class='ocrx_word' id='word_1_755' title='bbox 1837 5198 2003 5284; x_wconf 89' lang='lat' dir='ltr'>probabile</span> <span class='ocrx_word' id='word_1_756' title='bbox 2024 5219 2124 5265; x_wconf 88' lang='lat' dir='ltr'>unam</span> 
     </span>
     <span class='ocr_line' id='line_1_55' title="bbox 132 5283 2125 5372; baseline -0.002 -18"><span class='ocrx_word' id='word_1_757' title='bbox 132 5289 238 5354; x_wconf 86' lang='lat' dir='ltr'>tavit.</span> <span class='ocrx_word' id='word_1_758' title='bbox 283 5285 395 5367; x_wconf 78' lang='lat' dir='ltr'>Quum</span> <span class='ocrx_word' id='word_1_759' title='bbox 423 5287 613 5370; x_wconf 88' lang='lat' dir='ltr'>simpliciter</span> <span class='ocrx_word' id='word_1_760' title='bbox 641 5285 680 5352; x_wconf 90' lang='lat' dir='ltr'>de</span> <span class='ocrx_word' id='word_1_761' title='bbox 701 5285 765 5352; x_wconf 87' lang='lat' dir='ltr'>fide</span> <span class='ocrx_word' id='word_1_762' title='bbox 788 5289 912 5372; x_wconf 81' lang='lat' dir='ltr'>agitur,</span> <span class='ocrx_word' id='word_1_763' title='bbox 940 5297 1050 5351; x_wconf 91' lang='lat' dir='ltr'>tamen</span> <span class='ocrx_word' id='word_1_764' title='bbox 1071 5287 1108 5351; x_wconf 92' lang='lat' dir='ltr'>in</span> <span class='ocrx_word' id='word_1_765' title='bbox 1159 5287 1260 5352; x_wconf 83' lang='lat' dir='ltr'>fuisse</span> <span class='ocrx_word' id='word_1_766' title='bbox 1278 5286 1446 5366; x_wconf 85' lang='lat' dir='ltr'>duntaxat,</span> <span class='ocrx_word' id='word_1_767' title='bbox 1464 5307 1569 5370; x_wconf 89' lang='lat' dir='ltr'>neque</span> <span class='ocrx_word' id='word_1_768' title='bbox 1585 5289 1665 5355; x_wconf 89' lang='lat' dir='ltr'>lucis</span> <span class='ocrx_word' id='word_1_769' title='bbox 1684 5308 1779 5352; x_wconf 88' lang='lat' dir='ltr'>causa</span> <span class='ocrx_word' id='word_1_770' title='bbox 1799 5287 1949 5364; x_wconf 87' lang='lat' dir='ltr'>exoisam,</span> <span class='ocrx_word' id='word_1_771' title='bbox 1968 5283 2024 5350; x_wconf 86' lang='lat' dir='ltr'>sed</span> <span class='ocrx_word' id='word_1_772' title='bbox 2042 5307 2125 5367; x_wconf 84' lang='lat' dir='ltr'>quae</span> 
     </span>
     <span class='ocr_line' id='line_1_56' title="bbox 129 5371 2125 5458; baseline -0.005 -14"><span class='ocrx_word' id='word_1_773' title='bbox 129 5375 305 5444; x_wconf 81' lang='lat' dir='ltr'>racionem</span> <span class='ocrx_word' id='word_1_774' title='bbox 323 5374 460 5438; x_wconf 83' lang='lat' dir='ltr'>veniunt</span> <span class='ocrx_word' id='word_1_775' title='bbox 476 5373 695 5439; x_wconf 88' lang='lat' dir='ltr'>misericordia</span> <span class='ocrx_word' id='word_1_776' title='bbox 714 5385 746 5438; x_wconf 88' lang='lat' dir='ltr'>et</span> <span class='ocrx_word' id='word_1_777' title='bbox 764 5374 905 5456; x_wconf 82' lang='lat' dir='ltr'>gratuito</span> <span class='ocrx_word' id='word_1_778' title='bbox 923 5371 1106 5455; x_wconf 89' lang='lat' dir='ltr'>promissio:</span> <span class='ocrx_word' id='word_1_779' title='bbox 1159 5373 1267 5440; x_wconf 90' lang='lat' dir='ltr'>clausa</span> <span class='ocrx_word' id='word_1_780' title='bbox 1287 5381 1447 5453; x_wconf 88' lang='lat' dir='ltr'>maneret,</span> <span class='ocrx_word' id='word_1_781' title='bbox 1469 5374 1532 5438; x_wconf 89' lang='lat' dir='ltr'>nisi</span> <span class='ocrx_word' id='word_1_782' title='bbox 1554 5394 1652 5457; x_wconf 92' lang='lat' dir='ltr'>quum</span> <span class='ocrx_word' id='word_1_783' title='bbox 1681 5375 1831 5458; x_wconf 88' lang='lat' dir='ltr'>poscebat</span> <span class='ocrx_word' id='word_1_784' title='bbox 1860 5390 1937 5434; x_wconf 87' lang='lat' dir='ltr'>usus</span> <span class='ocrx_word' id='word_1_785' title='bbox 1959 5391 2030 5436; x_wconf 89' lang='lat' dir='ltr'>eam</span> <span class='ocrx_word' id='word_1_786' title='bbox 2050 5391 2125 5455; x_wconf 89' lang='lat' dir='ltr'>ape·</span> 
     </span>
    </p>
   </div>
   <div class='ocr_carea' id='block_1_3' title="bbox 0 0 2516 6192">
    <p class='ocr_par' dir='ltr' id='par_1_3' title="bbox 0 0 2516 6192">
     <span class='ocr_line' id='line_1_57' title="bbox 0 0 2516 6192; baseline 0 6"><span class='ocrx_word' id='word_1_787' title='bbox 0 0 2516 6192; x_wconf 95' lang='lat' dir='ltr'> </span> 
     </span>
    </p>
   </div>
  </div>
 </body>
</html>
