4988 6192
118 443 180 510 505
778 439 1151 512 COMMENTARIUS
1170 442 1221 508 IN
1243 442 1459 510 GENESIN.
2053 453 2119 518 506

117 639 285 708 oculorum
309 655 434 714 sensus,
456 632 510 700 his
532 633 719 700 fraenandis
741 631 925 701 adhibenda
952 643 1092 700 estnon
1143 631 1200 698 sed
1223 631 1263 696 ad
1293 640 1477 700 extremum
1506 636 1688 717 perstiterit
1716 636 1934 704 tentationum
1967 638 2116 706 omnium

117 723 265 809 vulgaris
287 722 403 788 cautio.
1141 719 1256 784 victor.
1311 719 1442 786 Scimus
1475 740 1572 803 quam
1612 721 1756 789 lubricus
1788 723 1831 790 sit
1870 724 1998 807 lapsus,
2038 724 2116 792 dum

203 811 233 875 7.
258 806 427 876 camma
451 825 576 872 mmm.
626 805 735 872 Moses
772 827 883 872 rerum
917 806 1023 889 capita
1058 811 1091 871 et
1142 804 1275 870 aliunde
1297 803 1389 872 nobis
1411 805 1541 872 flabella
1562 808 1700 876 suscitat
1722 809 1843 876 Satan:
1865 811 1943 894 quia
1965 810 2117 878 videmur

116 889 700 965 summasbrevitertantumdelibat.
724 891 838 974 Neque
855 893 942 958 enim
954 891 1091 957 dubium
1142 889 1239 973 culpa
1260 891 1422 974 exempti,
1452 893 1481 958 si
1503 893 1573 958 cius
1594 903 1719 976 partem
1750 895 1893 962 sustinet
1913 898 1970 979 qui
1991 917 2051 964 nos
2074 897 2116 964 ad

118 992 168 1050 est
193 982 274 1067 quin
302 979 404 1048 variis
432 978 557 1044 artibus
590 985 708 1044 conata
738 976 784 1043 sit
814 978 944 1060 impura
972 977 1091 1042 mulier
1141 977 1300 1060 flagitium
1319 975 1454 1043 inducit.
1490 978 1623 1044 Eximia
1644 979 1746 1065 igitur
1768 980 1958 1047 fortitudine
1980 983 2118 1067 spiritus

116 1072 206 1154 pium
229 1068 383 1133 iuvenem
405 1064 447 1130 ad
470 1085 505 1130 sc
523 1063 685 1148 pellicere,
708 1072 740 1129 et
762 1063 901 1147 obliquis
923 1062 1091 1131 blanditiis
1140 1061 1326 1147 praeditum
1348 1063 1449 1130 fuisse
1466 1077 1593 1148 oportet
1611 1073 1759 1132 sanctum
1778 1066 1906 1152 Ioseph,
1928 1068 1985 1152 qui
2002 1077 2116 1135 contra

116 1177 151 1222 se
173 1151 402 1229 insinuaverit,
424 1151 616 1234 priusquam
639 1149 681 1216 ad
696 1155 763 1214 tam
775 1147 966 1232 pudendum
987 1148 1089 1215 licen·
1141 1168 1253 1213 omnes
1286 1149 1404 1230 impiae
1437 1149 1585 1216 mulieris
1617 1151 1786 1218 illecebras
1813 1153 1958 1220 invictus
1987 1155 2028 1220 ad
2058 1175 2115 1222 ex-

115 1243 181 1308 tiae
204 1261 310 1325 genus
331 1245 567 1321 prorumperet.
612 1233 680 1302 Sed
702 1235 829 1315 Moses,
857 1234 929 1302 aliis
951 1235 1088 1312 omissis,
1140 1241 1283 1298 hemum
1305 1236 1405 1300 stetit.
1450 1234 1524 1316 Quo
1545 1237 1652 1321 magis
1674 1237 1875 1304 detestabilis
1897 1247 1947 1306 est
1967 1239 2118 1308 mulieris

115 1325 261 1396 ostendit
283 1342 425 1406 eousque
447 1321 622 1405 impulsam
645 1322 747 1387 fuisse
769 1321 858 1404 turpi
880 1321 1029 1398 libidine,
1052 1329 1090 1386 ιιι
1139 1317 1342 1403 improbitas,
1365 1341 1447 1403 quae
1470 1343 1530 1388 nec
1552 1331 1698 1406 tempore
1720 1325 1912 1410 corrigitur,
1946 1346 2007 1392 neo
2027 1347 2115 1393 com-

113 1413 225 1482 verita
258 1430 324 1475 non
356 1407 455 1474 fuerit
485 1415 597 1490 aperte
629 1407 779 1492 flagitare
809 1408 929 1474 coitum
956 1405 1088 1489 Ioseph.
1139 1405 1283 1488 pascitur
1311 1405 1460 1489 pluribus
1489 1407 1638 1491 repulsis.
1682 1408 1795 1491 Quum
1818 1411 1984 1477 hominem
2006 1422 2115 1478 extra·
2235 1467 2238 1474 ,

115 1499 225 1567 Sicuti
252 1506 362 1562 autem
394 1494 475 1560 haec
503 1492 705 1560 obscoenitas
738 1493 861 1577 insigni
892 1490 1089 1559 documento
1140 1500 1285 1557 neumet
1302 1512 1362 1574 pro
1379 1493 1541 1576 mancipio
1559 1493 1730 1560 venditum
1748 1507 1815 1562 tam
1835 1496 2115 1580 frugiacdomino

112 1595 165 1652 est
187 1604 287 1667 quam
310 1600 422 1647 caecos
449 1587 483 1645 et
504 1579 643 1644 furiosos
664 1578 806 1663 impetus
834 1576 953 1645 habeat
980 1578 1088 1644 carnis
1140 1596 1200 1642 suo
1221 1576 1326 1643 fidum
1348 1577 1447 1658 videt,
1470 1600 1570 1663 quum
1593 1581 1691 1646 etiam
1714 1591 1826 1648 sancte
1845 1583 1886 1648 ab
1904 1604 1941 1649 eo
1963 1593 2117 1650 monetur

111 1669 232 1738 libido:
264 1668 312 1735 sie
343 1668 379 1731 in
411 1685 551 1749 persona
571 1663 691 1748 Ioseph
718 1663 924 1747 praeclarum
952 1663 1028 1729 fidei
1055 1670 1089 1730 et
1140 1684 1182 1728 ne
1211 1663 1293 1728 iram
1325 1663 1389 1728 Dei
1416 1673 1585 1747 provocet,
1619 1687 1716 1748 quam
1745 1668 1904 1734 indomita
1937 1675 1987 1736 est
2014 1668 2116 1736 libido

111 1756 336 1824 continentiae
366 1751 534 1835 speculum
562 1749 657 1816 nobis
684 1750 888 1833 proponitur.
932 1750 1033 1815 Fides
1056 1757 1089 1814 et
1140 1769 1223 1833 quae
1255 1749 1341 1814 nihil
1374 1750 1590 1817 verecundiae
1617 1751 1784 1818 admittit?
1828 1753 1916 1835 Quia
1938 1775 2016 1822 vero
2037 1755 2114 1822 hinc

109 1842 288 1926 integritas
310 1839 343 1904 in
367 1858 404 1903 ιο
426 1845 570 1915 constat,
593 1835 678 1920 quod
700 1835 822 1918 Ioseph
851 1855 889 1900 eo
917 1836 1023 1934 magis
1052 1856 1088 1900 se
1139 1834 1354 1919 perspicimus
1394 1855 1549 1918 quorsum
1589 1848 1804 1925 prorumpant
1848 1840 2015 1920 homines,
2059 1840 2115 1908 ubi

109 1929 307 1996 obstrictum
330 1944 402 1991 esse
424 1922 581 2007 agnoscit,
604 1941 669 2006 quo
685 1922 759 2004 plus
768 1921 940 2004 potestatis
961 1920 1025 1986 s1bi
1046 1921 1088 1987 ab
1139 1921 1248 1988 carnis
1268 1921 1463 2003 intemperie
1485 1924 1641 1990 suffocata
1658 1932 1708 1992 est
1730 1927 1858 1994 honesti
1879 1925 1974 2007 ratio,
1995 1946 2115 2012 rogan·

107 2015 169 2081 illo
199 2011 396 2098 permissum
426 2016 485 2075 est.
537 2008 610 2074 Hoc
639 2004 769 2090 quidem
798 2004 922 2073 habent
951 2007 1087 2092 ingenui
1139 2007 1200 2072 dus
1223 2016 1273 2071 est
1283 2007 1455 2089 Dominus,
1477 2030 1519 2074 ne
1541 2009 1675 2092 spiritus
1693 2013 1745 2078 sni
1762 2012 1874 2078 lumen
1894 2013 2034 2097 opprimi
2053 2012 2116 2080 hoe

108 2100 264 2167 homines
286 2101 320 2162 et
341 2093 473 2172 cordati,
495 2101 533 2160 ut
555 2114 618 2178 quo
639 2091 714 2176 plus
735 2092 800 2159 illis
818 2091 942 2170 fiditur,
964 2113 1003 2159 eo
1025 2093 1087 2157 mi·
1138 2091 1235 2158 modo
1253 2091 1350 2158 sinat.

108 2207 177 2252 nus
199 2184 315 2250 fallere
344 2181 546 2248 sustineant:
577 2200 693 2246 verum
714 2199 789 2244 rara
819 2187 870 2244 est
899 2178 1021 2257 virtus,
1050 2184 1088 2244 ut
1227 2179 1277 2244 11.
1300 2177 1345 2242 Et
1362 2179 1425 2261 fue
1445 2179 1616 2246 conradum
1633 2181 1715 2248 diem
1732 2181 1821 2248 baar.
1856 2182 1931 2249 Hoc
1951 2192 2009 2262 est,
2032 2190 2115 2249 tem·

172 2272 219 2337 tis
239 2268 435 2353 probitatem
453 2267 562 2334 colant
579 2265 696 2348 quibus
714 2264 851 2330 nocendi
869 2273 919 2330 est
939 2264 1086 2331 facultas.
1137 2263 1228 2349 poris
1256 2283 1424 2342 successu,
1456 2286 1557 2348 quum
1586 2265 1644 2332 illa
1666 2289 1731 2333 non
1761 2267 1933 2334 desisteret
1962 2277 2113 2353 stuprum

142 2378 227 2424 nare
248 2375 315 2420 nou
337 2352 501 2418 immerito
522 2351 676 2418 laudatur
697 2371 718 2417 a
738 2351 832 2418 Mose
849 2349 978 2435 Ioseph,
1002 2350 1088 2434 quod
1138 2351 1257 2416 offerre
1278 2357 1390 2416 sancto
1411 2349 1548 2433 Ioseph,
1577 2351 1709 2419 tandmn
1732 2353 1849 2420 accidit
1871 2361 1910 2420 nt
1930 2355 1998 2420 vim
2020 2355 2115 2422 blan-

106 2442 322 2512 antoritatem
351 2439 413 2505 sibi
443 2459 462 2503 a
488 2436 634 2503 Domino
664 2437 856 2520 permissam
884 2436 990 2502 fraeui
1018 2436 1088 2504 loco
1139 2435 1228 2501 ditiis
1250 2435 1451 2519 adiungeret.
1485 2437 1588 2503 Porro
1605 2437 1659 2503 hic
1676 2439 1787 2506 Moses
1809 2441 1903 2524 quasi
1925 2443 2116 2508 certaminis

105 2551 182 2597 esse
206 2527 312 2607 ducit,
344 2547 386 2590 ne
413 2524 512 2591 officii
538 2525 621 2589 fines
649 2522 839 2590 uanssiliat.
882 2521 979 2588 Adde
1001 2521 1088 2605 quod
1139 2522 1278 2606 epitasin
1308 2519 1471 2588 describit.
1515 2523 1586 2588 Iam
1610 2523 1718 2591 nobile
1740 2534 1773 2592 et
1795 2527 1953 2593 memoria
1978 2526 2115 2612 dignum

104 2612 323 2702 gratitudinis
341 2631 466 2694 qaoque
483 2610 647 2693 specimen
666 2608 824 2687 exhibuit,
841 2605 998 2674 beneficia
1014 2607 1090 2672 heri
1139 2607 1359 2675 continentiae
1380 2609 1601 2691 spectaculum
1623 2609 1771 2677 ediderat
1791 2612 1928 2696 Ioseph,
1956 2612 2042 2697 quod
2064 2613 2114 2679 iu·

106 2702 163 2769 sui
186 2702 224 2767 ιιι
246 2697 390 2764 medium
412 2695 591 2780 proferens,
614 2716 657 2761 ne
678 2694 765 2778 quod
786 2693 835 2758 illi
856 2693 1012 2776 probrum
1034 2693 1087 2758 in·
1139 2694 1233 2761 venis
1254 2694 1349 2759 toties
1371 2693 1527 2760 continua
1554 2696 1732 2762 multorum
1753 2696 1881 2764 dierum
1901 2700 1986 2764 serie
2008 2707 2116 2764 tenta·

105 2790 223 2854 ferret.
267 2785 315 2850 Et
335 2789 423 2850 certe
446 2781 523 2848 hino
544 2779 641 2847 hodie
664 2787 758 2846 tanta
782 2781 905 2862 passim
932 2779 1086 2860 confusio,
1139 2789 1200 2860 tus,
1221 2778 1362 2845 eundem
1384 2791 1573 2846 servaverat
1594 2788 1756 2848 tenorem:
1777 2793 1810 2848 et
1820 2785 1855 2848 in
1866 2805 1905 2849 ea
1923 2792 2038 2865 aetate,
2061 2785 2114 2851 cui

104 2881 146 2940 nt
175 2872 330 2938 homines
358 2868 424 2934 siut
454 2869 547 2950 quasi
577 2865 802 2943 semibslluae,
836 2864 923 2949 quod
956 2886 1086 2932 sacrum
1138 2866 1238 2931 venia
1255 2864 1326 2931 dari
1345 2864 1435 2944 solet,
1458 2867 1486 2930 si
1507 2865 1779 2951 intemperantius
1801 2868 1944 2952 ebulliat,
1966 2869 2029 2936 sibi
2045 2890 2116 2936 mo-

102 2957 194 3026 illud
228 2966 364 3022 mutuae
396 2953 563 3020 societatis
601 2953 770 3019 vinculum
808 2951 985 3036 abruptum
1025 2959 1084 3018 est.
1139 2952 1272 3018 deratus
1294 2951 1402 3018 iuerat
1421 2950 1498 3034 plns
1517 2972 1616 3034 quam
1639 2972 1753 3022 omnes
1774 2976 1878 3022 senes.
1923 2955 1992 3022 Sed
2013 2977 2112 3036 nunc,

102 3047 276 3114 Fatentur
297 3039 430 3126 quidem
448 3060 573 3116 omnes,
598 3038 627 3104 si
649 3037 727 3122 quid
748 3037 899 3105 beneficii
920 3036 960 3103 ab
983 3037 1086 3103 altero
1138 3057 1237 3121 quam
1259 3037 1368 3120 palam
1399 3037 1545 3103 insaniat
1565 3039 1700 3118 mulier,
1734 3062 1772 3107 ac
1793 3041 1829 3106 in
1851 3040 1975 3108 rabiem
1997 3062 2114 3110 versus
2194 3062 2197 3073 ’

102 3130 307 3214 acceperint,
328 3127 359 3193 ei
381 3147 417 3193 se
439 3124 608 3192 devinctos
629 3143 716 3191 esse:
740 3123 798 3190 alii
819 3124 918 3190 etiam
940 3123 1015 3190 aliis
1035 3123 1087 3188 in·
1138 3124 1184 3190 sit
1203 3142 1305 3202 amor,
1327 3142 1391 3207 quo
1413 3123 1519 3208 magis
1540 3124 1681 3190 arduum
1702 3134 1753 3192 est
1774 3133 1951 3206 certamen,
1978 3149 2016 3194 eo
2038 3127 2114 3212 plus

102 3215 349 3304 gratitudinem
371 3213 585 3295 exprobrant:
615 3209 672 3276 sed
701 3211 796 3292 pauci
826 3218 905 3276 sunt
933 3209 1086 3310 qui-sin·
1138 3216 1285 3311 meretur
1306 3208 1539 3310 laudisonimi
1561 3212 1763 3294 magnitudo,
1786 3233 1869 3296 quae
1889 3221 2004 3280 contra
2024 3213 2113 3280 hunc

102 3308 388 3458 tttttttlt
402 3294 823 3462 dllffllblllllhemld
840 3293 1086 3447 estitit
1136 3294 1515 3448 :ttttmutittfflt
1538 3296 2113 3468 ..ttttillttltssttttt

102 3481 353 3546 commemorat.
396 3470 444 3536 Et
463 3476 549 3535 certe
579 3467 622 3535 ad
644 3466 839 3534 vincendam
869 3467 1086 3532 tentationem
1137 3466 1282 3545 mavult,
1316 3486 1355 3532 ae
1387 3467 1490 3532 vitam
1522 3467 1633 3550 potius
1665 3469 1750 3535 relin
1774 3490 1852 3536 uere
1885 3478 2018 3555 paratus
2051 3479 2114 3554 est,

100 3561 194 3630 nihil
217 3559 324 3643 magis
345 3555 450 3624 valuit
488 3575 587 3639 quam
609 3554 673 3621 Dei
697 3554 804 3620 timor.
849 3551 917 3619 Sed
938 3552 1087 3620 consulto
1137 3574 1235 3637 quam
1257 3561 1294 3618 ιιι
1315 3551 1437 3620 scelere
1459 3574 1494 3620 se
1516 3573 1625 3619 coram
1643 3555 1715 3622 Deo
1737 3491 1867 3640 obliget.
1913 3555 2024 3638 Quum
2047 3557 2114 3624 tale

102 3648 183 3715 heri
207 3644 447 3711 humanitatem
470 3639 689 3720 commendat,
706 3649 745 3706 ut
766 3659 786 3705 a
807 3639 945 3706 scelesto
967 3659 1086 3724 propo-
1136 3641 1172 3705 in
1201 3639 1321 3705 iuvene
1349 3635 1536 3723 exemplum
1566 3650 1727 3724 proponat
1755 3642 1849 3709 nobis
1871 3639 1936 3708 Dei
1966 3643 2112 3725 spiritus,

103 3737 175 3802 sito
198 3731 336 3798 desistat
356 3725 505 3812 improba
525 3726 653 3793 mulier.
691 3724 816 3792 Eodem
840 3725 940 3791 etiam
961 3731 1086 3809 spectat
1137 3726 1216 3811 quid
1234 3724 1453 3792 excusationis
1470 3732 1618 3792 maturae
1636 3727 1753 3794 aetatis
1770 3727 1850 3795 viris
1863 3747 1900 3794 ac
1918 3728 2113 3796 mulieribus

101 3819 262 3903 exceptio
282 3818 355 3894 ista,
372 3814 465 3880 onius
476 3812 642 3878 meminit:
669 3811 798 3890 Teano,
813 3811 928 3894 inquit,
949 3815 1086 3893 eccepto,
1136 3811 1308 3895 relinquit,
1338 3812 1367 3877 si
1387 3818 1503 3894 sponte
1525 3831 1560 3877 se
1580 3813 1772 3895 proficiunt,
1803 3814 1855 3880 vel
1877 3814 1945 3882 levi
1966 3814 2111 3898 impulsu

102 3929 141 3974 ω
165 3905 252 3989 qaod
272 3901 504 3977 macerem,
524 3896 888 3965 determinatores
910 3898 1087 3964 amorum
1136 3896 1280 3965 eadunt?
1309 3897 1386 3964 Huc
1414 3916 1493 3981 ergo
1520 3897 1601 3962 eniti
1628 3919 1688 3966 nos
1715 3899 1820 3978 decet,
1855 3908 1893 3965 ut
1921 3901 2018 3966 unius
2045 3901 2111 3967 Dei

99 4012 224 4062 mecm.
268 3987 436 4070 Quorsum
457 3985 520 4050 hoc
547 3985 611 4051 nisi
640 3991 678 4049 ιιι
705 3984 849 4068 coniugii
878 3983 993 4068 religio
1015 4003 1086 4050 cor·
1137 3993 1304 4069 respectus
1326 3981 1367 4048 sd
1390 3980 1567 4049 domandos
1590 4003 1704 4051 omnes
1728 3986 1837 4052 carnis
1859 3985 1996 4051 affectus
2017 4006 2111 4070 prae-

100 4085 246 4164 ruptum
268 4073 416 4140 mulieris
435 4071 582 4138 animum
604 4070 769 4150 vulneret,
790 4078 823 4134 et
845 4090 865 4134 a
886 4089 1008 4135 vesano
1030 4067 1087 4134 illo
1136 4071 1254 4150 valeat,
1274 4069 1341 4135 imo
1360 4076 1398 4134 ut
1419 4068 1524 4152 pluris
1541 4069 1586 4135 sit
1606 4070 1699 4136 nobis
1720 4084 1811 4138 recta
1827 4085 1862 4136 et
1882 4072 2011 4155 integra
2032 4092 2110 4139 con-

100 4170 223 4234 furore
244 4159 361 4226 sanet?
384 4158 475 4242 Itrgo
493 4177 559 4223 non
580 4163 709 4222 tantum
731 4163 866 4222 suenus
882 4154 1027 4223 lactatur
1048 4163 1088 4220 at
1136 4156 1272 4223 seientia
1294 4175 1402 4222 eoram
1425 4154 1514 4233 Deo,
1541 4175 1640 4239 qnam
1662 4157 1761 4223 totins
1783 4155 1899 4222 mundi
1921 4157 2110 4241 applausus.

101 4275 143 4320 se
176 4273 196 4317 a
226 4246 338 4333 pravis
359 4243 523 4311 illecebris
552 4240 719 4326 expediat,
746 4241 804 4308 sed
830 4241 896 4308 nisi
927 4240 1087 4307 indomita
1136 4241 1253 4325 Neque
1275 4241 1363 4307 enim
1392 4240 1564 4325 quisquam
1593 4240 1688 4308 aliter
1714 4243 1866 4327 probabit
1894 4242 2051 4310 virtutem
2074 4267 2109 4312 se

101 4344 198 4407 esset
221 4331 367 4400 mulieris
389 4328 505 4408 libido,
529 4329 690 4413 optimum
711 4326 894 4394 remedium
923 4327 1085 4411 proponit
1137 4349 1179 4394 ex
1200 4328 1310 4394 animo
1331 4326 1451 4407 colere,
1480 4326 1545 4392 nisi
1566 4326 1623 4411 qui
1644 4348 1710 4394 uno
1727 4328 1798 4394 Deo
1820 4335 1904 4396 teste
1926 4339 2109 4410 contentus,

99 4425 272 4494 Nosrero
289 4417 433 4486 adamus
454 4414 599 4500 coniugii
620 4413 827 4481 sanctitatem
841 4435 902 4497 per
918 4412 1087 4497 osIoseph
1136 4414 1272 4499 quaevis
1303 4412 1423 4496 probra
1449 4413 1558 4479 subire
1587 4433 1653 4479 non
1682 4412 1845 4480 dubitabit
1870 4416 1981 4499 potius
2009 4436 2109 4498 quam

99 4512 164 4578 hic
187 4505 283 4573 nobis
305 4501 448 4582 laudari,
476 4522 513 4569 ac
535 4503 562 4568 si
584 4500 749 4568 Dominus
770 4508 931 4568 assereret
952 4519 987 4568 se
1009 4499 1087 4566 fidei
1137 4509 1174 4566 ut
1194 4499 1237 4565 ab
1256 4499 1361 4566 officio
1383 4497 1533 4565 declinet.
1576 4499 1623 4564 Et
1644 4507 1732 4566 certe
1761 4521 1861 4584 quum
1889 4500 1978 4566 inter
2000 4503 2109 4585 prola·

100 4591 293 4678 coniugalis
311 4586 589 4672 esseprsesidem,'
608 4587 797 4670 neimpune
811 4586 877 4652 effu
902 4586 972 4651 'ant
993 4605 1087 4651 suam
1137 4607 1198 4652 nos
1227 4585 1376 4651 homines
1402 4583 1573 4651 volitarint
1602 4585 1684 4652 haec
1711 4587 1899 4668 proverbia,
1930 4587 2108 4654 Oonscien·

98 4680 292 4752 vindictam
310 4676 495 4760 quicunque
512 4673 635 4740 alienos
652 4673 813 4738 thalamos
831 4671 887 4738 rio
900 4680 968 4738 ant.
999 4673 1087 4738 Nam
1136 4673 1218 4738 tiam
1239 4692 1311 4736 esse
1332 4669 1424 4736 mille
1445 4677 1561 4750 testes,
1589 4677 1622 4736 et
1649 4669 1909 4755 pulcherrimum
1932 4674 2108 4753 theatrum,

99 4767 206 4856 qnasi
228 4762 357 4830 medius
377 4767 465 4828 esset
485 4779 622 4844 sponsor
644 4759 732 4825 inter
754 4759 864 4824 virum
884 4767 918 4824 et
938 4777 1086 4836 uxorem,
1137 4756 1231 4825 valde
1252 4755 1426 4842 pudendas
1447 4764 1498 4822 est
1519 4762 1634 4840 stupor
1654 4764 1777 4837 noster,
1798 4758 1862 4823 nisi
1880 4758 1967 4842 apud
1984 4780 2045 4827 nos
2062 4759 2110 4826 ita

97 4863 262 4924 mutuam
284 4848 325 4915 ab
346 4854 486 4930 utroque
507 4845 690 4912 castitatem
712 4844 824 4929 exigit.
859 4843 956 4910 Unde
978 4844 1086 4926 sequi·
1137 4843 1261 4909 eminet
1279 4842 1344 4909 Dei
1365 4841 1526 4922 tribunal,
1559 4850 1598 4907 ut
1618 4862 1775 4926 perversa
1796 4843 1912 4910 mundi
1933 4843 2053 4912 iudicia
2073 4846 2109 4911 in

98 4953 163 5010 tur
186 4942 318 5022 praeter
339 4933 495 5000 iniuriam
516 4952 602 5016 quae
616 4931 762 4998 infertur
783 4929 919 5011 homini,
941 4930 1088 5014 graviter
1137 4929 1287 4996 ordinem
1315 4935 1420 5014 cogat.
1464 4927 1576 5008 Quare
1604 4925 1767 4995 facessant
1787 4931 1865 4996 vani
1887 4929 1935 4995 illi
1957 4939 2108 5014 praetex-

98 5023 197 5096 laedi
221 5022 331 5106 ipsum
352 5018 473 5086 Deum.
1137 5024 1207 5081 tus:
1229 5015 1302 5100 Ego
1323 5013 1514 5082 scandalum
1536 5013 1682 5098 effugere
1704 5015 1808 5081 volui:
1827 5015 1953 5084 veritus
1975 5038 2047 5083 sum
2067 5037 2109 5082 ne

199 5109 251 5175 10.
284 5107 386 5189 &ram
418 5103 590 5186 loqueretar
621 5103 695 5186 ipso
726 5101 769 5168 cd
797 5100 911 5182 Ioseph
941 5099 1086 5184 peace.
1135 5101 1172 5168 in
1194 5101 1362 5167 sinistram
1389 5107 1516 5185 partem
1544 5099 1717 5166 traherent
1742 5101 1891 5167 homines
1912 5101 1998 5184 quod
2020 5109 2109 5170 recte

97 5199 175 5268 Hic
210 5192 365 5260 laudatur
396 5193 581 5256 constantia
611 5187 748 5272 Ioseph,
780 5208 823 5254 ex
855 5207 922 5271 qua
952 5195 1088 5271 apparet
1136 5187 1292 5272 egissem:
1322 5187 1398 5270 quia
1418 5187 1509 5253 Deus
1537 5205 1605 5251 non
1631 5187 1711 5252 satis
1738 5187 1800 5254 sibi
1830 5187 1962 5253 honoris
1990 5187 2109 5254 deferri

98 5284 252 5354 solidum
275 5278 311 5343 in
333 5275 403 5343 eius
421 5275 530 5341 animo
552 5275 616 5342 Dei
641 5275 792 5341 timorem
820 5293 990 5359 regnasse:
1021 5293 1086 5356 quo
1136 5271 1274 5352 iudicat,
1300 5273 1364 5338 nisi
1386 5292 1486 5357 qaum
1508 5269 1693 5356 posthabita
1713 5272 1819 5339 famae
1840 5294 1919 5340 cura
1941 5274 2109 5374 sequimur

94 5374 233 5442 factum
254 5373 324 5443 est,
349 5371 387 5428 nt
409 5381 475 5428 non
497 5363 594 5429 modo
613 5381 717 5428 unum
738 5359 898 5444 impetum
919 5357 1085 5443 repulerit,
1136 5380 1200 5443 quo
1222 5380 1282 5425 nos
1304 5367 1399 5428 vocat
1420 5379 1506 5425 unus
1524 5357 1607 5441 ipse:
1638 5379 1706 5424 non
1734 5357 1819 5444 qirod
1841 5359 1960 5426 lamam
1983 5359 2110 5444 simpli·
