5000 6208
420 455 483 522 155
1077 455 1448 525 conunuuaame
1469 458 1519 523 ru
1541 457 1754 524 cannam.
1872 520 1886 544 ,
2323 459 2400 556 ‚roo
2485 419 2486 476 ³

419 643 581 711 communi
616 643 787 708 domicilio.
839 643 921 706 Mihi
958 658 1064 708 tamen
1098 644 1203 727 magis
1232 645 1390 725 probatur
1443 646 1537 708 tilam
1562 667 1600 709 ac
1628 645 1768 710 lacerum
1792 647 1857 711 Dei
1886 647 2122 725 sanctuarium,
2149 667 2211 728 quo
2233 648 2399 728 recipiendi

420 732 522 795 altera
545 731 665 793 versio:
698 728 823 793 Blande
847 731 995 804 reducet,
1026 728 1079 793 vel
1107 729 1277 794 inclinabit
1300 731 1390 793 Deus
1442 741 1537 794 erant
1558 731 1616 795 filii
1640 732 1790 815 Iapheth.
1836 734 1920 797 Nam
1943 754 2042 815 quum
2061 734 2131 815 ipse
2148 745 2242 814 pater
2262 731 2399 798 Abrahae

420 815 570 899 Iapheth.
607 814 710 878 Porro
729 815 892 878 utrumvis
913 836 1095 896 sequamur,
1117 816 1274 898 praedicit
1295 814 1390 879 Noah
1443 816 1571 880 deserta
1599 819 1738 881 statione
1768 819 1936 900 profanum
1965 818 2026 883 sibi
2061 817 2308 882 tabernaculum
2342 840 2400 882 ere·

420 901 597 982 temporale
636 902 704 964 fore
739 898 908 963 dissidium
943 903 1030 965 inter
1060 899 1138 964 Sem
1170 913 1204 963 ot
1235 900 1390 982 Iaphetlr:
1443 903 1557 979 risset,
1588 923 1741 984 perquam
1769 905 1890 988 exigua
1918 904 2060 968 restabat
2087 923 2198 966 eorum
2227 905 2334 985 portio
2354 906 2400 984 qui

420 985 571 1068 quamvis
591 985 703 1048 ambos
726 983 813 1048 domi
836 1007 914 1050 suae
937 987 1092 1064 retineat,
1120 997 1153 1050 et
1175 986 1286 1050 ambos
1308 1009 1391 1049 nun·
1443 1009 1507 1050 uno
1536 1010 1636 1070 purae
1663 989 1739 1053 fidei
1766 1011 1926 1056 consensu
1951 990 2056 1052 Deum
2087 989 2239 1054 colerent.
2286 988 2400 1069 Quibus

420 1084 518 1154 capet
539 1072 700 1155 legitimos
722 1070 893 1135 haeredes:
924 1069 1040 1136 deinde
1063 1083 1238 1135 venturum
1262 1085 1391 1153 tempus
1443 1071 1590 1137 dolorum
1630 1074 1800 1140 tormentis
1832 1097 1907 1139 oum
1945 1076 2119 1139 contecerit
2155 1074 2318 1138 horrenda
2349 1075 2401 1139 ista

421 1178 484 1238 quo
502 1179 616 1222 rursus
633 1157 817 1222 coalescant
837 1157 871 1219 in
894 1178 997 1221 unum
1020 1169 1198 1239 corpusne
1219 1177 1392 1222 commune
1443 1158 1618 1241 dissipatio,
1642 1159 1740 1224 nullis
1762 1160 1868 1225 verbis
1890 1163 1969 1226 satis
1990 1161 2128 1240 exprimi
2149 1169 2264 1242 potest.
2303 1158 2400 1239 Quare

420 1243 562 1307 habeant
584 1241 791 1306 domicilium.
828 1241 928 1308 Certo
951 1263 1028 1306 vero
1051 1243 1172 1308 certius
1195 1253 1253 1316 est,
1276 1244 1390 1307 vatici·
1444 1244 1613 1309 sciendum
1636 1255 1700 1322 cst,
1730 1245 1899 1328 plusquam
1922 1255 2033 1312 acutos
2057 1245 2104 1308 illi
2127 1244 2226 1310 fuisse
2244 1245 2320 1310 fidei
2337 1267 2400 1310 ocu·
2485 1243 2486 1248 ’

422 1329 512 1392 ιιίιιιιι
535 1326 588 1390 hic
620 1328 659 1391 de
686 1327 782 1391 rebus
811 1326 990 1393 secundum
1021 1327 1188 1392 hominem
1215 1329 1391 1411 incognitis
1443 1329 1500 1406 los,
1522 1331 1575 1412 qui
1601 1331 1662 1394 Dei
1685 1333 1822 1412 gratiam
1845 1335 1880 1395 in
1902 1329 2062 1397 servanda
2084 1331 2227 1408 ecclesia,
2250 1332 2400 1413 praesenti

421 1415 575 1495 proferri,
616 1415 707 1478 cuius
740 1433 805 1476 non
838 1413 938 1477 alium
972 1413 1074 1478 fuisse
1114 1426 1260 1478 autorem
1294 1433 1391 1495 quam
1444 1415 1613 1480 hominnm
1635 1417 1760 1480 malitia
1785 1419 1949 1497 obrutam,
1979 1417 2089 1500 procul
2119 1417 2240 1481 intueri
2269 1439 2334 1481 non
2355 1416 2400 1480 de·
2485 1405 2486 1476 ἶ

422 1501 544 1578 Deum,
584 1511 722 1562 eventus
756 1496 886 1562 demum
920 1499 1070 1564 ostendit.
1123 1500 1197 1563 Duo
1229 1519 1391 1562 annorum
1444 1502 1598 1566 sinerent.

421 1584 524 1648 millia
546 1591 579 1648 et
601 1584 722 1666 aliquot
743 1583 871 1648 saecula
897 1585 1063 1649 fluxerunt
1085 1595 1257 1666 antequam
1280 1595 1393 1666 gentes

423 1679 457 1735 et
477 1668 590 1734 Iudaei
612 1671 647 1733 in
669 1690 768 1737 unam
791 1668 887 1734 fidem
910 1682 1175 1753 aggregarentur.
1220 1671 1314 1734 'Pano
1336 1669 1393 1734 filii

423 1757 501 1822 Sem
524 1776 661 1838 quorum
684 1756 788 1818 maior
809 1777 885 1837 pars
908 1755 1109 1833 diffluxerat,
1139 1767 1172 1820 et
1194 1777 1229 1821 se
1249 1756 1393 1820 abscide·
1688 1783 1694 1792 ·

423 1853 476 1907 rat
503 1862 523 1904 a
551 1849 664 1906 sancta
690 1841 753 1905 Dei
781 1841 919 1916 familia,
950 1842 1046 1905 simul
1075 1842 1198 1907 collecti
1232 1855 1326 1922 sunt,
1356 1851 1394 1905 ut
1823 1841 1973 1908 OAPU‘P
1995 1844 2038 1908 X.

423 1927 482 1992 sub
508 1927 620 1990 eodem
651 1926 859 1990 tabernaculo
887 1937 1030 2007 agerent.
1076 1927 1202 1993 Gentes
1230 1928 1328 1991 etiam
1352 1947 1394 1990 cx

422 2013 564 2095 Iapbeth
582 2012 778 2095 progenitae,
802 2032 883 2092 quae
901 2012 958 2075 diu
977 2013 1125 2096 palantes
1144 2034 1181 2078 ac
1203 2035 1305 2097 vagae
1323 2012 1393 2076 fue·
1532 2013 1560 2076 1.
1586 2012 1686 2078 Porro
1714 2014 1792 2078 ittae
1817 2018 1889 2078 sant
1915 2016 2124 2096 paestano
2150 2015 2289 2096 filioram
2312 2017 2401 2096 Noui,

423 2112 512 2176 rant,
539 2099 572 2162 iu
600 2097 686 2162 idem
717 2098 961 2162 tabernaculum
990 2109 1137 2181 receptae
1164 2107 1251 2163 sunt.
1305 2099 1394 2163 Deus
1448 2098 1535 2177 Sem,
1561 2096 1673 2170 (llam,
1703 2098 1892 2180 allophili,
1925 2101 2037 2179 quibas
2064 2103 2132 2165 nali
2158 2108 2231 2166 canl
2258 2103 2319 2182 filii
2338 2110 2402 2184 post
2485 2137 2486 2182 q

423 2185 510 2248 enim
540 2205 625 2248 nova
654 2182 827 2264 adoptione
859 2204 961 2248 unum
993 2184 1147 2266 populum
1181 2205 1222 2248 ex
1256 2183 1395 2248 diversis
1445 2185 1608 2248 adamam.
1652 2185 1681 2249 2.
1706 2183 1787 2248 Filii
1810 2181 1944 2264 reptat,
1969 2187 2082 2250 Gener
2103 2191 2132 2250 el
2150 2186 2275 2272 Mapog,
2297 2189 2402 2252 atta
2485 2239 2486 2246 ,

423 2270 539 2347 effecit,
562 2282 595 2332 et
615 2270 791 2333 fraternam
814 2271 973 2332 unitatem
996 2270 1136 2334 sancivit
1156 2271 1243 2334 inter
1261 2269 1393 2334 alienos.
1446 2271 1514 2344 dai,
1548 2274 1576 2333 et
1609 2270 1725 2346 Iaoau,
1759 2275 1788 2334 el
1822 2269 1957 2346 Ybabal,
1999 2275 2027 2336 el
2057 2271 2191 2350 Mescob,
2224 2281 2254 2339 et
2288 2275 2401 2339 Tletes.

423 2357 532 2437 Atque
565 2355 597 2418 id
632 2356 751 2420 lactum
785 2361 837 2418 est
868 2355 963 2418 suavi
996 2363 1029 2425 et
1060 2354 1181 2419 blanda
1209 2357 1273 2422 Doi
1306 2377 1394 2430 voce,
1446 2357 1475 2420 3.
1495 2355 1539 2419 at
1553 2355 1616 2434 atti
1636 2355 1757 2434 Gomcr,
1774 2353 1923 2433 Acceuas,
1940 2361 1968 2419 el
1987 2357 2135 2437 Riplalb,
2157 2365 2187 2422 et
2208 2359 2400 2441 Thoycrmal.
2485 2387 2486 2448 q

424 2462 520 2522 quam
562 2441 596 2504 in
637 2439 808 2521 evangelio
847 2439 996 2521 protulit:
1035 2450 1067 2504 et
1113 2441 1257 2523 quotidie
1288 2440 1395 2506 adhuc
1446 2442 1477 2505 4.
1506 2441 1549 2504 at
1574 2439 1637 2519 lilii
1665 2442 1783 2516 lacau,
1814 2440 1946 2517 Elisalt,
1975 2447 2003 2506 el
2035 2442 2182 2523 Thersit,
2214 2444 2354 2510 citatim
2381 2451 2403 2509 d

424 2526 578 2608 impletur
600 2526 790 2591 vaticinium
809 2526 879 2602 hoc,
903 2545 1004 2608 quum
1028 2526 1190 2609 dispersas
1212 2548 1290 2591 oves
1312 2527 1396 2590 invi·
1447 2526 1620 2593 Doclortim.
1665 2526 1703 2591 5..
1723 2526 1773 2590 Ab
1803 2527 1872 2590 istis
1900 2532 2064 2608 separatae
2090 2533 2164 2592 sarri
2193 2529 2314 2594 insulae
2337 2552 2402 2612 peu-
2485 2575 2486 2582 .

423 2621 473 2676 tat
493 2610 585 2675 Deus
608 2612 649 2676 ad
671 2632 763 2676 suum
783 2631 927 2694 gregem,
950 2621 982 2674 et
1005 2613 1081 2678 hino
1103 2612 1178 2677 inde
1200 2612 1323 2696 colligit
1341 2612 1396 2694 qui
1447 2613 1526 2676 liam
1536 2613 1702 2676 secuudum
1714 2618 1815 2676 terras
1828 2631 1912 2686 cuae,
1930 2614 2073 2695 singulae
2089 2615 2257 2678 secularium
2274 2617 2402 2698 linquam

424 2697 615 2762 recumbant
643 2717 717 2762 cum
740 2695 922 2774 Abrabam,
954 2695 1046 2762 Isaac
1066 2709 1099 2760 et
1120 2699 1218 2764 Iacob
1240 2699 1274 2762 iu
1298 2718 1397 2780 regno
1447 2717 1555 2773 mam,
1594 2699 1761 2762 secandam
1798 2697 1943 2778 famlias
1974 2718 2063 2774 caco,
2101 2701 2134 2763 in
2163 2700 2304 2781 pentibus
2333 2703 2400 2766 aab.
2485 2709 2486 2720 ¹

423 2783 594 2847 coelorum.
644 2783 735 2847 Haec
770 2801 846 2846 vero
881 2803 946 2846 non
978 2782 1124 2866 vulgaris
1159 2784 1234 2848 fidei
1269 2794 1397 2848 nostrae
1448 2785 1477 2847 6.
1502 2781 1627 2861 Etfilii
1650 2781 1747 2848 (llam
1771 2782 1912 2858 Circaei
1934 2781 2099 2858 Misraim,
2121 2790 2149 2849 ct
2171 2785 2269 2866 Pla,
2291 2786 2401 2851 erote
2485 2787 2486 2808 ¹

423 2868 546 2932 fultura
568 2878 633 2944 est,
664 2866 751 2950 quod
778 2869 926 2951 gentium
955 2869 1080 2932 vocatio
1105 2889 1170 2932 non
1193 2879 1320 2933 tantum
1344 2890 1397 2932 ac·
1447 2889 1543 2932 noan.
1580 2867 1871 2948 cartulatos,
1896 2867 2401 2950 Seba,elHaotlalz‚etSabllal,

424 2963 516 3018 terno
529 2953 591 3016 Dei
610 2953 744 3018 consilio
763 2955 899 3030 decreta,
919 2951 975 3018 sed
994 2954 1101 3034 palam
1120 2975 1175 3018 ore
1193 2954 1397 3036 patriarchae
1448 2960 1475 3018 el
1508 2953 1690 3031 mamma,
1723 2958 1751 3019 cl
1785 2953 1941 3018 Saltatha.
1995 2954 2076 3019 Filii
2108 2962 2210 3021 aulem
2239 2957 2400 3034 Ralaamalr,
2485 2975 2486 3030 1

425 3047 545 3104 testata
564 3039 641 3103 luit:
670 3061 713 3103 ne
743 3047 877 3122 repente
904 3038 957 3102 vel
986 3039 1120 3103 fortuito
1149 3051 1300 3121 putemus
1327 3060 1396 3105 osse
1451 3038 1529 3104 Saba
1547 3039 1706 3104 etDetlau.
1741 3037 2049 3123 catalanense
2068 3041 2402 3124 Nimrotl:ipseoorpil

424 3125 544 3188 factum
568 3125 652 3206 quod
675 3127 764 3189 vitae
791 3137 942 3188 aeternae
970 3123 1154 3190 haereditas
1182 3128 1398 3190 communiter
1448 3129 1637 3205 arsopoleos
1657 3127 1691 3190 ia
1714 3130 1814 3189 terra:
1845 3124 1875 3189 9.
1899 3125 1974 3206 lpse
1993 3125 2181 3208 fuilpolene
2201 3129 2237 3191 io
2257 3129 2400 3193 amicae
2485 3145 2486 3208 ᾗ

425 3210 576 3274 omnibus
609 3212 776 3294 proposita
804 3209 874 3274 luit.
920 3210 1095 3274 (laetorum
1124 3211 1269 3293 loquutio
1302 3212 1396 3276 haec:
1448 3231 1551 3276 coram
1580 3210 1709 3276 labora:
1741 3211 1856 3275 idcirco
1882 3211 2013 3286 dieitur,
2041 3213 2121 3276 aad
2150 3212 2286 3278 Nimrotl
2306 3219 2400 3296 palera
2485 3211 2486 3280 Ῠ

425 3295 587 3361 Habilabil
604 3295 737 3378 [apheth
753 3297 788 3360 in
803 3295 1011 3360 mennatis
1035 3295 1115 3375 Sem,
1136 3305 1296 3377 mutuam,
1314 3318 1398 3380 quae
1448 3297 1604 3361 uenatione
1625 3316 1727 3361 coram
1746 3296 1868 3360 Ielrooo.
1906 3297 1955 3360 10.
1975 3295 2018 3360 at
2037 3296 2102 3377 fuit
2118 3298 2310 3380 ponoipiam
2325 3299 2400 3380 requi

424 3403 495 3447 esse
524 3391 557 3445 et
584 3380 645 3445 coli
675 3379 771 3445 debet
803 3383 890 3445 inter
922 3380 1048 3459 fideles,
1085 3383 1269 3447 societatem
1303 3383 1398 3447 nobis
1449 3383 1540 3447 illias
1569 3381 1669 3446 Babel
1702 3388 1730 3445 et
1759 3381 1860 3446 Eraclt
1882 3388 1910 3446 et
1936 3383 2094 3448 Aclodet
2119 3381 2257 3448 caraea
2276 3387 2310 3448 in
2329 3389 2398 3447 terra

425 3466 638 3532 commendat.
695 3467 780 3531 Nam
819 3467 894 3549 quia
928 3464 1021 3532 Deus
1050 3489 1090 3530 cx
1131 3471 1286 3551 progenie
1319 3471 1397 3534 Sem
1451 3468 1578 3532 Siobar.
1621 3468 1670 3532 11.
1691 3466 1724 3530 Ε
1740 3472 1824 3532 terra
1846 3469 1903 3531 illa
1924 3488 2064 3550 opressus
2084 3469 2261 3548 estAssar,
2283 3475 2308 3534 el
2327 3470 2399 3533 aeli·
2485 3471 2486 3544 ,

425 3553 591 3619 ecclesiam
622 3553 684 3618 sibi
713 3553 871 3636 elegerat,
900 3551 958 3616 hac
988 3553 1058 3636 lege
1091 3564 1204 3634 postea
1234 3556 1400 3637 cooptavit
1445 3554 1551 3635 flcauil
1592 3554 1733 3618 Nineven
1770 3557 1798 3616 el
1830 3553 1984 3618 Relroboll
2023 3555 2190 3634 ciuitatem,
2230 3561 2259 3620 et
2292 3553 2396 3620 clatet.
2485 3559 2486 3568 ³

426 3649 554 3723 gentes,
583 3650 621 3701 nt
648 3660 683 3703 se
711 3638 750 3701 ad
780 3639 935 3720 populum
964 3637 1055 3701 illum
1083 3641 1269 3704 conferrent
1298 3662 1398 3724 penes
1449 3639 1785 3704 tentamentum
1808 3638 1957 3717 Nineven,
1979 3643 2006 3702 et
2028 3641 2105 3702 inter
2129 3639 2259 3705 Olrelalu
2279 3644 2346 3722 ipsa
2364 3643 2399 3703 etl
2485 3701 2486 3706 ,

426 3745 521 3809 quem
544 3738 615 3788 orat
636 3728 723 3788 vitae
744 3725 865 3788 foedus.
1447 3727 1558 3790 ciuitas
1590 3745 1713 3806 magua.
1768 3724 1817 3788 13.
1848 3722 2000 3788 Mitraim
2028 3730 2128 3789 cotan
2160 3728 2267 3807 pericii
2298 3726 2398 3789 badim
2485 3725 2486 3810 i

511 3811 562 3875 28.
586 3810 630 3874 Et
650 3811 728 3874 vicii
752 3810 852 3874 Noob.
897 3810 1041 3875 Tametsi
1067 3809 1164 3876 nudis
1192 3810 1300 3876 verbis
1326 3812 1397 3876 bre·
1446 3818 1473 3877 et
1503 3811 1690 3884 Hanamim,
1718 3815 1747 3873 et
1774 3809 1936 3885 Lcltabim,
1972 3815 2000 3872 el
2030 3810 2252 3892 Napblltaltim.
2297 3812 2342 3875 14.
2364 3808 2398 3873 a
2485 3881 2486 3894 χ

426 3897 513 3959 viter
535 3895 727 3978 perstringit
748 3897 857 3960 Moses
881 3904 1018 3959 aetatem
1041 3896 1144 3961 sancti
1168 3897 1239 3968 viri,
1263 3897 1398 3962 annales
1451 3897 1642 3976 Pataraoim,
1660 3902 1687 3960 el
1706 3895 1889 3960 Obaslalim
1906 3895 1985 3958 ande
2003 3898 2119 3976 egressi
2135 3902 2210 3960 saul
2231 3896 2397 3961 Paterae
2485 3909 2486 3964 Ἰ

427 3992 537 4045 autem
556 3991 589 4044 et
605 3981 832 4046 memorabiles
855 4002 963 4044 rerum
987 3995 1126 4046 eventus
1150 4003 1214 4046 non
1237 3994 1396 4047 recenset:
1450 3982 1658 4064 captatorem.
1711 3981 1760 4045 15.
1792 3980 1835 4044 El
1864 3979 2010 4044 llberoaau
2035 3982 2140 4062 pertuli
2171 3981 2269 4047 Sidon
2293 3981 2396 4064 mimo
2485 3987 2486 4012 ¹

426 4067 540 4131 venire
571 4079 678 4130 tamen
708 4067 801 4131 nobis
822 4069 856 4130 in
887 4075 1029 4130 mentem
1058 4066 1177 4131 debent
1206 4089 1288 4149 quae
1311 4083 1397 4132 certa
1447 4071 1584 4152 peciam
1606 4087 1707 4144 mam,
1730 4073 1757 4130 el
1780 4065 1870 4130 Helle.
1917 4067 1966 4129 16.
1991 4065 2034 4128 Er
2056 4067 2173 4146 Iabasi,
2196 4073 2224 4130 el
2245 4067 2395 4142 Emoriel
2485 4085 2486 4140 1

427 4164 519 4230 sunt,
543 4163 576 4216 et
598 4150 676 4217 alibi
704 4161 936 4218 commemorat
965 4152 1134 4233 scriptura.
1179 4153 1273 4217 Intra
1294 4174 1398 4218 annos
1452 4155 1593 4234 Girpaei.
1639 4153 1688 4216 17.
1718 4152 1762 4216 at
1791 4151 1902 4226 Hiooi,
1932 4157 1960 4216 el
1985 4151 2083 4230 Arci,
2117 4158 2145 4216 cl
2174 4152 2263 4228 Siai,
2298 4153 2341 4216 18.
2362 4149 2395 4212 a

427 4247 557 4304 centum
589 4251 623 4302 et
649 4239 884 4321 quinquaginta
918 4249 984 4301 tam
1015 4259 1187 4303 numerosa
1219 4259 1259 4302 ex
1294 4239 1399 4304 tribus
1450 4240 1587 4317 Arcadi,
1617 4245 1645 4302 el
1674 4237 1813 4311 Sanora,
1848 4243 1876 4300 el
1902 4236 2069 4301 Hamatlri:
2102 4243 2130 4301 el
2150 4244 2260 4320 postea
2284 4253 2395 4320 spurcat
2485 4281 2486 4304 t

426 4323 503 4388 filiis
525 4325 651 4388 soboles
673 4326 827 4403 excrevit,
848 4333 885 4387 ut
906 4327 986 4389 eatis
1006 4344 1166 4406 superque
1184 4335 1338 4408 expertus
1357 4327 1400 4389 sit
1448 4331 1521 4390 saal
1540 4325 1684 4406 familiae
1706 4323 1911 4388 Oheucaaaei.
1958 4323 2006 4386 19.
2027 4321 2071 4385 ta
2088 4323 2152 4404 fail
2171 4325 2319 4388 terminas
2336 4321 2394 4386 ate-
2485 4379 2486 4396 ,

427 4410 502 4491 quid
524 4410 580 4473 illa
607 4412 730 4474 valeret
752 4411 815 4474 Dei
842 4407 1037 4488 benedictio,
1059 4409 1205 4474 Crescite
1227 4419 1260 4474 et
1287 4411 1399 4474 multi·
1449 4412 1586 4476 uacuaei
1602 4430 1623 4474 a
1642 4409 1740 4473 Sidou
1761 4409 1947 4490 irrprcdiecte
1971 4408 2074 4472 llerar
2093 4429 2192 4490 usqae
2212 4411 2255 4474 ad
2273 4403 2392 4476 Haeral.

426 4495 601 4579 plicaminl.
646 4496 718 4560 Non
749 4497 839 4562 videt
866 4497 979 4560 urbem
1007 4517 1105 4558 uuam
1139 4495 1299 4560 duntaxat
1331 4499 1399 4561 suis
1450 4498 1541 4561 clareo
1562 4495 1752 4578 egrediaris
1774 4493 1883 4558 Sidam
1907 4499 1933 4557 el
1955 4493 2136 4574 Hamorclr,
2158 4501 2186 4560 el
2209 4493 2394 4568 Hadriaca

427 4583 599 4663 nepotibus
628 4587 796 4657 rel'ertam,
827 4602 886 4646 neo
916 4601 1026 4644 semen
1056 4583 1206 4645 suumin
1239 4593 1399 4648 trecentas
1453 4582 1587 4658 Seboim,
1615 4600 1712 4660 aeque
1740 4581 1782 4644 ad
1811 4579 1927 4644 Losalr.
1972 4579 2023 4642 20.
2055 4581 2118 4644 Isti
2144 4581 2208 4662 filii
2239 4580 2332 4646 alam
2349 4595 2395 4659 ptr
2485 4567 2486 4602 ³

427 4667 567 4732 familias
590 4667 743 4732 diffusum
767 4688 846 4742 esse,
869 4665 925 4732 sed
947 4667 1084 4748 populos
1106 4689 1145 4730 ex
1170 4688 1235 4731 uno
1260 4667 1401 4750 complu·
1448 4667 1707 4750 familiarem,
1729 4686 1790 4747 per
1819 4665 2056 4746 linguaesuae,
2084 4667 2119 4729 iu
2145 4667 2240 4731 terris
2268 4667 2346 4742 saio,
2371 4663 2394 4724 iu
2485 4669 2486 4746 }

427 4775 480 4818 res
502 4761 606 4828 ortos,
630 4754 685 4836 qui
707 4753 832 4835 amplas
854 4753 1002 4835 regiones
1024 4751 1180 4817 habitent.
1225 4753 1317 4817 Haec
1338 4754 1398 4816 mi·
1447 4754 1586 4838 paulibus
1614 4753 1692 4817 aaa,
1737 4751 1787 4815 21.
1819 4749 1891 4832 Ipsi
1919 4771 2037 4833 qaoque
2068 4751 2140 4816 Sem
2166 4753 2296 4830 soboles,
2320 4751 2395 4814 etiam
2485 4761 2486 4794 t

429 4839 518 4902 rilica
548 4838 750 4920 propagatio,
784 4858 883 4920 quum
915 4836 1044 4900 visibile
1071 4847 1157 4902 osset
1184 4838 1288 4904 divini
1322 4859 1400 4921 erga
1449 4842 1516 4921 ipse
1536 4839 1599 4902 fuit
1616 4843 1706 4919 pater
1725 4838 1861 4902 omnium
1882 4836 2021 4915 tiliorum
2043 4837 2140 4912 liber,
2168 4839 2270 4912 frater
2294 4829 2396 4916 [plat

406 4943 504 4986 eum
527 4923 648 4988 favoris
670 4924 846 5006 speculum,
868 4923 995 5006 ingenti
1016 4922 1103 4986 haud
1128 4923 1222 4988 dubie
1241 4945 1313 4988 eum
1335 4925 1399 4988 lac-
1449 4926 1559 4990 maior.
1600 4925 1651 4988 22.
1676 4923 1760 4988 Filii
1782 4922 1860 4998 Sem
1880 4921 1993 4985 Helam
2015 4929 2042 4985 el
2064 4923 2180 5002 Assar,
2202 4928 2230 4988 et
2252 4916 2394 5002 Arplacl·

428 5009 500 5072 titia
539 5007 688 5090 perfudit.
748 5008 1056 5092 Quinquagenarius
1095 5011 1182 5071 cuim
1223 5011 1290 5074 fore
1329 5023 1400 5074 orat
1448 5012 1522 5088 saa,
1545 5017 1571 5074 el
1594 5011 1681 5082 Lod,
1712 5013 1738 5072 et
1759 5011 1870 5072 Aram.
1916 5008 1966 5071 23.
1991 5007 2034 5070 El
2058 5009 2120 5089 filii
2142 5011 2261 5088 Aram,
2290 5003 2395 5096 Hasd

429 5094 595 5159 Abraham
616 5114 715 5175 quum
737 5107 885 5158 mortuus
906 5107 955 5159 ost
977 5107 1093 5157 atavus
1114 5094 1184 5158 eius
1205 5095 1309 5160 Noah.
1346 5096 1401 5158 In·
1451 5096 1532 5174 Hal,
1555 5102 1581 5158 ct
1606 5097 1732 5172 Getici,
1759 5099 1785 5159 el
1809 5092 1893 5158 Mas.
1937 5094 1988 5157 24.
2011 5093 2056 5157 El
2075 5094 2286 5174 Arpaoaaaa
2309 5088 2396 5181 pernati

429 5181 523 5243 torim
554 5182 658 5245 multa
685 5179 798 5243 videre
826 5189 955 5245 coactos
978 5187 1027 5243 est
1049 5200 1129 5260 quae
1157 5190 1309 5260 sanctum
1330 5181 1399 5246 cius
1452 5181 1561 5260 Selab,
1583 5186 1610 5244 et
1633 5181 1725 5245 Selalr
1751 5180 1858 5261 pcuail
1879 5178 1969 5244 Eber.
2014 5180 2065 5244 25.
2089 5179 2132 5243 Et
2159 5180 2225 5260 ipsi
2246 5178 2324 5242 Eber
2342 5177 2395 5236 aab

427 5279 540 5347 pectus
558 5265 741 5332 incredibili
758 5286 905 5330 moerore
926 5264 1117 5330 cruciarent.
1158 5265 1204 5332 Ut
1223 5265 1286 5330 alio
1304 5266 1398 5330 omit·
1449 5271 1522 5330 saul
1548 5268 1609 5332 dae
1635 5267 1710 5346 tilii,
1740 5285 1848 5329 nomeu
1876 5267 1972 5329 auius
2003 5265 2109 5347 Peleu:
2141 5266 2219 5346 qaia
2246 5266 2280 5328 io
2307 5260 2395 5325 uelut

428 5363 505 5430 tam,
528 5353 609 5417 vidit
631 5351 665 5414 in
689 5351 811 5414 familia
833 5351 911 5416 Sem
935 5351 1090 5427 dirutum,
1115 5352 1166 5415 vel
1189 5351 1302 5416 saltem
1327 5373 1398 5416 mn·
1450 5354 1518 5417 eiua
1545 5353 1650 5417 diuisa
1673 5357 1716 5416 esi
1739 5357 1840 5415 terra:
1871 5356 1898 5414 el
1925 5371 2032 5414 amuco
2057 5352 2173 5434 fratris
2199 5350 2267 5414 eius
2294 5348 2393 5411 Iactat·
2485 5399 2486 5404 ,
