5022 6192
138 396 174 461 97
789 389 1160 460 COMMENTARIUS
1182 392 1232 458 IN
1254 390 1468 460 GENESIN.
2077 396 2125 468 98

138 583 208 648 dius
229 592 296 663 est,
325 581 410 665 quod
440 581 534 647 multi
564 602 604 646 ex
631 578 764 646 Iudaeis
792 580 987 649 senteutiam
1017 579 1102 645 haue
1152 579 1318 646 immunia
1351 581 1444 665 eopia
1474 591 1713 667 praestantem,
1747 583 1839 650 Adae
1871 583 1973 652 inissa
2001 585 2124 668 datum,

137 669 303 734 mutilant:
336 679 368 732 et
401 669 435 732 in
464 667 525 734 hoe
551 665 696 732 membro
727 664 935 744 ἀποσιώπησιν
963 666 1101 748 lingunt,
1153 686 1249 750 quem
1284 666 1449 734 ineoleret.
1498 669 1630 736 Finitus
1666 669 1755 734 enim
1790 671 1879 736 loeus
1914 671 1959 736 sit
1993 677 2124 756 opertet

137 765 318 840 postquam
338 753 461 836 aliquid
483 750 743 818 subaudiendum
764 751 822 818 eit:
845 749 962 817 deinde
984 771 1102 816 novam
1153 752 1208 834 qui
1241 753 1404 834 oppositos
1442 754 1542 822 hahet
1580 763 1745 839 respeetus
1779 754 1821 820 ad
1861 757 1968 822 varias
2007 755 2123 824 mundi

138 841 329 906 sententiam
363 839 534 906 iuehoaut:
568 837 762 920 Septuplum
802 837 973 921 punietur,
1004 857 1101 918 quam
1152 837 1276 922 plagas.

139 925 248 990 referri
279 926 393 991 volunt
420 924 460 990 ad
490 923 590 990 Oain:
624 941 809 1006 quanquam
845 921 981 988 neudum
1015 922 1102 986 inter
1241 923 1290 988 ll.
1316 922 1460 1006 Cognoui
1480 930 1583 992 mm
1605 925 1687 991 (laia
1710 945 1849 992 morea.
1895 927 1948 992 Ex
1965 934 2123 994 oontextu

138 1031 188 1076 eus
218 1009 258 1075 de
285 1031 384 1077 sensu
412 1011 570 1076 eonvenit.
614 1007 755 1090 Quidam
785 1019 953 1091 nugantur
974 1007 1015 1073 de
1035 1008 1102 1072 La·
1153 1008 1257 1074 iliosis
1278 1008 1431 1092 eohigere
1453 1010 1546 1088 lieet,
1569 1011 1650 1076 (lain
1676 1013 1863 1094 priusquam
1881 1012 2015 1079 fratrem
2039 1012 2123 1080 oeei·

136 1097 245 1172 meet,
273 1104 311 1162 ut
337 1096 434 1180 paulo
461 1102 534 1180 post
561 1095 714 1162 dieamus.
766 1093 833 1158 Alii
863 1101 1033 1176 exponunt
1061 1092 1102 1158 de
1153 1093 1260 1172 deret,
1295 1114 1431 1161 uxorem
1462 1096 1607 1163 duxhse:
1637 1097 1757 1180 alioqui
1789 1117 1877 1165 nuno
1904 1097 1945 1162 de
1971 1098 2123 1182 eouiugio

137 1181 272 1260 diluvio,
306 1181 391 1265 quod
423 1182 538 1248 inuidit
565 1181 599 1246 iu
638 1180 810 1264 septimam
849 1180 1100 1262 generationem.
1153 1179 1276 1262 aliquid
1299 1189 1462 1261 narraret,
1486 1182 1563 1266 quia
1581 1201 1633 1247 res
1654 1191 1726 1248 erat
1750 1183 1984 1262 memorabilis,
2007 1185 2122 1250 inven-

136 1267 174 1334 Id
194 1288 274 1334 vero
302 1267 454 1334 frivolum
475 1276 538 1334 est:
561 1287 660 1350 quum
689 1264 822 1330 minime
849 1265 948 1330 fuerit
974 1264 1102 1346 privata
1152 1272 1221 1329 tam
1243 1285 1314 1330 esse
1331 1287 1430 1330 uuam
1448 1289 1490 1332 ex
1508 1267 1672 1334 sororibus
1689 1287 1774 1351 quae
1790 1289 1825 1334 se
1842 1269 1878 1334 in
1895 1271 1965 1336 eius
1986 1289 2123 1336 manum

137 1355 231 1418 unius
248 1353 400 1432 familiae,
422 1351 478 1419 aed
501 1351 683 1419 eommunis
704 1354 833 1434 generis
853 1349 988 1416 humaui
1010 1349 1099 1415 ultio.
1153 1350 1283 1416 tradere
1303 1371 1368 1416 nou
1399 1351 1562 1431 horreret,
1582 1373 1679 1437 quem
1708 1354 1853 1419 fraterno
1873 1355 2032 1440 sanguiue
2053 1356 2123 1440 pel·

136 1439 258 1504 Verum
291 1440 373 1504 haee
404 1439 564 1504 sententia
596 1457 664 1502 uno
702 1443 858 1500 oontextu
892 1435 955 1518 legi
988 1435 1099 1500 debet:
1152 1434 1258 1500 lutum
1272 1445 1420 1516 noverat,
1438 1447 1473 1504 et
1488 1439 1635 1506 exsulem
1653 1458 1691 1504 ae
1707 1439 1883 1523 profugum
1899 1449 2016 1524 sponte
2032 1441 2124 1525 sequi

135 1525 314 1608 Propterea
324 1525 507 1608 septuplum
520 1522 674 1607 punietur
684 1521 830 1606 quisquis
841 1521 996 1588 ooeiderit
1006 1522 1099 1586 Oain.
1152 1521 1278 1598 mallet,
1304 1543 1405 1605 quum
1432 1524 1538 1590 adhue
1562 1523 1664 1590 libera
1689 1523 1821 1590 daretur
1841 1527 1947 1609 optio,
1969 1546 2067 1610 quam
2088 1527 2124 1594 in

135 1611 176 1674 itt
198 1609 359 1694 partieula
380 1610 518 1676 eausalis
542 1593 592 1706 μ’)
615 1608 686 1674 Deo
707 1607 830 1672 indioat
850 1606 918 1671 iore
940 1627 1038 1674 eurae
1059 1629 1101 1672 ne
1152 1614 1288 1688 paterna
1315 1609 1439 1673 familia
1463 1630 1607 1676 manere.
1651 1609 1741 1692 Quin
1765 1612 1863 1676 etiam
1890 1611 2033 1695 portenti
2055 1613 2124 1680 loeo

134 1696 305 1779 qnisquam
333 1695 414 1760 adeo
442 1695 536 1761 laaile
564 1696 599 1758 in
627 1692 757 1760 eaedem
794 1701 997 1776 prorumpat:
1034 1713 1099 1758 nou
1153 1696 1282 1770 reeitat,
1309 1712 1447 1761 exeussa
1474 1695 1647 1762 formidine
1672 1697 1765 1762 euius
1793 1697 1945 1762 meminit
1972 1696 2057 1766 (lain
2081 1697 2124 1764 ad

133 1780 218 1864 quod
251 1781 286 1846 iu
320 1781 458 1866 gratiam
495 1778 675 1846 homicidae
710 1778 919 1862 privilegium
949 1777 1101 1844 statuerit
1152 1779 1296 1844 sobolem
1322 1779 1519 1864 gignendam
1548 1782 1695 1847 animum
1718 1781 1922 1864 applieuisse.
1959 1783 2045 1848 Nam
2067 1783 2123 1866 qui

134 1867 234 1946 Deus,
257 1866 309 1933 vel
331 1867 515 1932 exaudierit
535 1866 606 1930 eius
627 1873 757 1930 votum:
780 1863 838 1930 sed
864 1864 941 1946 quia
961 1866 1100 1948 posteris
1151 1862 1214 1928 sibi
1243 1864 1377 1930 totidem
1398 1865 1545 1952 fingebat
1569 1867 1679 1932 hostes
1697 1875 1777 1950 quot
1804 1877 1900 1933 erant
1921 1868 2070 1934 homines
2087 1870 2123 1934 iu

133 1953 317 2018 consultum
339 1973 409 2018 esse
431 1951 544 2028 voluit,
567 1952 599 2015 in
626 1950 761 2014 humani
778 1949 907 2033 generis
928 1968 1099 2016 eouserva·
1152 1949 1289 2029 mundo,
1307 1951 1428 2016 mirum
1454 1949 1612 2035 estquod
1633 1972 1699 2017 non
1721 1973 1757 2018 se
1785 1953 1894 2036 potius
1915 1953 1951 2018 in
1980 1954 2123 2038 aliquam

134 2039 264 2102 tionem.
316 2035 507 2122 Prodigiose
536 2036 674 2102 violatus
703 2036 810 2101 fuerat
838 2043 974 2100 naturae
1003 2036 1099 2102 ordo:
1152 2034 1361 2101 solitudinem
1385 2037 1497 2119 prooul
1525 2035 1693 2104 abdiderit.
1735 2037 1810 2104 Hoe
1839 2059 1966 2122 quoque
1991 2049 2123 2122 praeter

132 2122 210 2207 quid
233 2133 345 2207 postea
371 2123 519 2188 futurum
541 2131 626 2198 erat,
648 2129 814 2186 ereseente
839 2119 1008 2185 hominum
1030 2142 1099 2188 ma·
1152 2129 1303 2184 naturam
1332 2130 1397 2202 est,
1420 2121 1505 2205 quod
1532 2141 1653 2205 pavore
1679 2123 1856 2201 attonitus,
1879 2131 1912 2190 et
1930 2123 2037 2190 Deum
2059 2123 2123 2192 sibi

132 2209 200 2274 litia
223 2217 258 2274 et
279 2208 422 2288 undamn,
439 2209 502 2273 uisi
520 2207 662 2273 violenta
683 2228 783 2272 manu
805 2206 965 2272 eohibitus
987 2208 1101 2274 fuisset
1153 2203 1328 2272 adversum
1367 2209 1525 2286 sentiens,
1571 2207 1674 2274 ullam
1711 2208 1884 2274 admittere
1923 2209 2123 2293 voluptatem

132 2296 270 2361 aliorum
310 2293 423 2360 furor?
460 2293 590 2359 Seimns
626 2293 714 2358 euim
751 2312 849 2375 quam
881 2292 1037 2374 pestilens
1069 2303 1102 2359 et
1153 2293 1266 2373 potuit.
1311 2292 1381 2357 lam
1404 2313 1482 2359 vero
1502 2293 1586 2359 mihi
1613 2293 1745 2360 dubium
1765 2303 1830 2372 est,
1859 2295 1982 2360 aliosne
2003 2295 2123 2364 liheroe

131 2381 334 2446 mortiferum
368 2400 533 2446 venenum
565 2379 717 2463 propinet
748 2379 782 2442 iu
815 2377 909 2442 malis
941 2380 1101 2462 exemplis
1151 2385 1228 2442 ante
1244 2387 1460 2460 proereaeset:
1479 2379 1562 2444 nihil
1581 2379 1668 2445 enim
1690 2379 1823 2446 absurdi
1844 2381 1908 2446 erit
1928 2382 1956 2446 si
1977 2380 2123 2450 dieamus

132 2465 255 2546 Satan,
287 2465 351 2532 uisi
379 2465 529 2548 protinus
556 2463 750 2530 adhibeatur
778 2462 967 2528 remedium.
1019 2466 1098 2531 Pre-
1151 2463 1360 2544 peuuliariter
1386 2464 1501 2530 referri
1530 2465 1584 2549 qui
1614 2465 1718 2550 geniti
1747 2476 1826 2530 snut
1846 2474 1920 2549 post
1941 2465 2122 2534 admissum

130 2553 265 2619 nunoiat
300 2573 378 2636 ergo
410 2551 583 2628 Dominus,
612 2551 640 2616 ei
675 2549 731 2633 qui
763 2549 978 2614 imitabuntur
1007 2549 1100 2630 Cain,
1151 2547 1273 2628 soelns,
1299 2549 1393 2633 quasi
1422 2548 1610 2616 detestabile
1636 2571 1763 2629 semen,
1785 2559 1819 2615 et
1840 2551 1926 2634 quod
1947 2555 2122 2636 sauguino-

129 2658 196 2702 non
229 2638 334 2704 solum
366 2637 502 2702 minime
531 2636 600 2702 fere
631 2633 831 2702 excusabiles
852 2634 925 2699 eius
942 2637 1099 2719 exemplo,
1151 2635 1235 2698 uum
1265 2635 1369 2718 patris
1388 2635 1558 2720 ingenium
1590 2656 1763 2720 moresque
1792 2637 1943 2704 efferatos
1976 2638 2122 2706 reierret.

128 2722 184 2788 sed
207 2723 344 2809 gravius
364 2720 568 2805 pleetendoe:
590 2720 665 2805 quia
682 2721 716 2786 in
735 2721 806 2785 eius
823 2739 960 2802 persona
982 2741 1099 2805 agnos-
1148 2718 1223 2784 Hee
1256 2719 1386 2802 quidem
1425 2721 1649 2788 ooumoversia
1687 2730 1792 2800 earet,
1830 2723 2015 2808 eomplures
2052 2734 2121 2792 tam

127 2829 201 2874 aere
237 2807 376 2874 debeam
412 2829 508 2891 quam
547 2805 737 2872 detestabile
770 2805 814 2872 sit
845 2805 951 2872 eeelns
990 2829 1099 2874 eoram
1149 2805 1309 2872 massulos
1326 2827 1424 2889 qnam
1441 2807 1579 2874 feminas
1595 2807 1717 2872 omitti:
1736 2809 1813 2892 quia
1828 2809 1932 2874 Musis
1949 2809 2121 2878 eonsilium

128 2893 209 2960 Deo.
257 2891 368 2976 Quare
389 2893 531 2958 multum
553 2893 714 2957 falluntur
735 2891 790 2975 qui
815 2891 958 2974 mitigari
980 2903 1100 2974 putant
1149 2890 1226 2962 fuit.
1254 2912 1354 2957 uuam
1377 2902 1503 2958 mutum
1525 2893 1645 2958 lineam
1677 2894 1843 2976 prosequi,
1865 2895 1968 2960 donae
1989 2894 2031 2960 ad
2053 2897 2120 2962 Ira·

127 2982 209 3044 iram
243 2981 305 3046 Dei
333 2978 487 3063 peeeaudi
517 2977 765 3055 eonsuetudine,
787 2999 870 3060 quaa
895 2977 971 3042 inde
993 2980 1098 3064 magis
1149 2976 1245 3042 meoh
1273 2979 1409 3044 veniret.
1458 2978 1539 3043 Fuit
1570 2997 1648 3062 ergo
1679 2978 1785 3064 magis
1816 2981 1973 3064 populosa
2004 2980 2120 3048 domus

125 3064 360 3130 inflammatur.
1149 3081 1246 3144 quam
1282 3063 1445 3147 exprimat
1465 3064 1588 3130 Moses:
1622 3064 1678 3130 sed
1707 3072 1839 3148 propter
1867 3067 2119 3150 memorabilem,

215 3149 331 3216 Posuit
353 3153 456 3232 daque
477 3149 567 3216 Deus
594 3150 726 3234 egeam.
775 3148 888 3231 Nuper
917 3149 988 3214 dixi
1015 3150 1096 3218 nihil
1149 3167 1246 3229 quam
1275 3169 1351 3214 mox
1387 3149 1537 3216 subiieiet
1565 3150 1735 3216 historiam
1764 3149 1805 3216 de
1825 3151 1988 3232 hemeah,
2015 3173 2121 3220 unum

124 3257 317 3302 conoessum
353 3237 453 3302 inisse
480 3237 513 3299 in
546 3235 615 3300 eius
642 3234 805 3311 favorem,
833 3233 889 3299 sed
915 3245 951 3299 ut
982 3236 1097 3304 erude-
1149 3243 1277 3300 tantum
1294 3233 1440 3300 ordinem
1458 3236 1633 3320 attingens,
1651 3235 1814 3320 reliquum
1828 3257 2000 3306 numerum
2019 3239 2119 3306 silen-

123 3321 210 3386 litati
244 3331 279 3386 et
309 3321 452 3386 iniustae
492 3320 663 3386 violentiae
698 3321 733 3384 in
765 3326 930 3403 posterum
966 3322 1095 3387 obviam
1148 3319 1194 3383 tio
1216 3322 1380 3402 praeterit.

122 3407 239 3473 iretur.
285 3406 364 3472 Ideo
385 3425 475 3472 uuna
503 3405 581 3471 dioit
602 3406 711 3472 Moses
738 3406 868 3490 signum
889 3405 990 3472 fuisse
1010 3407 1097 3490 posi·
1236 3403 1394 3472 Concludit
1407 3405 1432 3491 ¹)
1452 3405 1567 3470 arbee.
1612 3403 1754 3471 Videtur
1781 3407 1843 3473 heo
1867 3408 1973 3491 prima
2001 3410 2118 3492 speeie,

123 3501 194 3558 tum
225 3495 263 3560 in
292 3493 391 3572 (lain,
421 3491 507 3577 quod
543 3491 693 3558 omnihus
727 3499 886 3556 terrorem
918 3491 1096 3560 ineuteret:
1148 3499 1181 3554 et
1203 3489 1267 3554 Dei
1288 3490 1408 3556 iudieio
1429 3501 1462 3556 et
1484 3491 1643 3574 superiori
1671 3492 1852 3557 sententiae
1873 3491 1968 3558 valde
1988 3503 2117 3560 eenha-

122 3579 202 3662 quia
222 3589 380 3664 tanquam
402 3579 436 3643 iu
457 3578 590 3663 speeulo
612 3597 743 3642 eernere
762 3577 869 3655 lieuit,
891 3576 1094 3645 tremendum
1147 3576 1243 3642 rium.
1289 3575 1394 3642 Adam
1428 3577 1517 3641 enim
1540 3587 1574 3640 et
1595 3577 1720 3660 reliqua
1741 3577 1811 3642 eius
1839 3577 1977 3655 familia,
2000 3580 2119 3662 quibus

120 3685 194 3730 esse
228 3664 294 3730 Dei
333 3664 489 3730 indieium
522 3671 637 3730 eontra
673 3661 821 3728 homines
859 3663 1094 3747 sanguinarius.
1147 3660 1238 3727 Deus
1261 3663 1360 3728 lixam
1381 3663 1555 3728 stationem
1577 3663 1745 3740 eonueesit,
1763 3664 1824 3728 sub
1843 3664 1984 3746 tuguriis
2005 3673 2118 3749 agunt,

120 3748 233 3832 Quale
274 3759 381 3815 autem
420 3750 549 3834 siguum
586 3749 696 3826 fuerit,
734 3747 811 3831 quia
842 3769 907 3814 uon
940 3749 1096 3832 exprimit
1147 3746 1200 3812 vel
1229 3747 1327 3812 etiam
1356 3748 1418 3815 sub
1445 3747 1499 3812 dio
1526 3755 1559 3813 et
1589 3746 1758 3813 arboribus
1789 3761 1950 3831 quaeruut
1983 3750 2117 3817 fumuita

118 3837 304 3920 scriptura,
326 3835 515 3900 divinarunt
536 3835 747 3918 interpretes,
768 3855 884 3916 eorpus
902 3833 973 3900 eius
994 3835 1095 3902 fuisse
1146 3831 1301 3914 hospitia:
1324 3833 1419 3900 exsul
1441 3833 1541 3910 (lain,
1564 3853 1661 3916 quem
1685 3833 1778 3899 Deus
1803 3834 1980 3918 fugitivum
2003 3837 2118 3920 vagari

118 3921 313 3986 tremulum.
348 3921 601 3987 Nobissuffieiat
617 3919 744 3985 visibile
762 3919 891 4002 aliquod
909 3922 1092 4004 symbolum
1144 3918 1300 3996 iusserat,
1323 3940 1389 3985 non
1418 3927 1593 3986 eontentus
1621 3919 1750 4003 privata
1778 3917 1889 3998 domo,
1917 3921 2032 3986 urbem
2054 3921 2116 3988 sibi

117 4007 307 4085 exstitisse,
334 4006 419 4089 quod
442 4005 578 4072 nouandi
605 4005 774 4072 libidinem
806 4013 840 4069 et
861 4004 1027 4072 audaeiam
1056 4008 1091 4072 iu
1143 4006 1292 4070 exstruit.
1345 4003 1410 4072 Sed
1451 4002 1616 4086 probabile
1644 4011 1710 4082 est,
1747 4003 1912 4070 hominem
1940 4005 2002 4070 sibi
2028 4008 2114 4074 male

115 4091 359 4174 spectatoribus
381 4092 579 4176 reprimeret.
1026 4159 1029 4167 ,
1144 4090 1326 4166 eouseium,
1348 4109 1448 4174 quum
1470 4089 1606 4172 privatis
1633 4086 1749 4155 domus
1775 4109 1853 4156 suae
1875 4091 2051 4173 parietibus
2077 4113 2112 4160 se

208 4179 263 4244 16.
287 4177 331 4242 Et
355 4197 497 4262 opressus
518 4200 539 4244 o
558 4177 640 4260 faeie
667 4175 807 4242 Deretini.
852 4173 982 4242 Dieitur
1006 4176 1090 4243 (lain
1142 4183 1249 4240 tutum
1271 4176 1405 4241 minime
1425 4173 1617 4256 ooufideret,
1639 4195 1760 4241 novum
1783 4177 1984 4258 exoogitasse
2005 4180 2113 4244 muni·

113 4283 276 4348 egressus
308 4285 329 4328 a
361 4274 533 4348 oouepeetu
561 4261 640 4340 Dei,
679 4265 756 4345 quia
795 4281 895 4345 quum
932 4261 1090 4328 haetenus
1143 4261 1239 4325 tionis
1271 4281 1386 4345 genus.
1438 4261 1513 4326 Nou
1539 4261 1627 4325 euim
1655 4259 1720 4326 alia
1748 4260 1788 4324 de
1820 4280 1918 4327 eausa
1938 4281 1997 4344 per
2018 4282 2114 4346 agros

114 4351 243 4434 egisset
273 4349 307 4418 in
336 4358 425 4414 terra
453 4350 545 4431 quasi
567 4350 602 4414 in
624 4348 686 4414 Dei
716 4347 872 4431 hospitio,
902 4368 991 4415 nuno
1018 4359 1090 4414 tan·
1142 4344 1280 4428 disparsi
1308 4347 1428 4412 vivunt
1457 4343 1563 4411 Adam
1593 4355 1626 4410 et
1654 4346 1783 4428 reliqui,
1814 4347 1875 4412 nisi
1905 4347 1980 4428 quia
2004 4349 2113 4414 minus

113 4455 216 4517 quam
242 4435 355 4513 exsul,
378 4434 488 4518 proeul
511 4443 640 4500 amotus
662 4454 682 4499 a
703 4433 766 4500 Dei
787 4441 976 4517 eonspeetu,
998 4433 1091 4500 ober-
1139 4439 1304 4496 metuunt.
1350 4431 1460 4512 Quare
1489 4431 1606 4514 trepidi
1629 4439 1663 4495 et
1689 4429 1819 4496 obnoxii
1848 4431 1950 4496 animi
1979 4432 2112 4515 signum

113 4531 167 4586 rat
197 4529 298 4586 extra
330 4521 400 4586 eius
430 4519 636 4604 praesidium.
689 4517 753 4584 Vel
785 4529 874 4585 uerte
901 4517 999 4604 (quod
1024 4541 1089 4586 uon
1142 4525 1206 4596 est,
1227 4514 1314 4599 quod
1344 4516 1433 4583 urbis
1461 4514 1648 4582 oondeudae
1676 4514 1773 4581 libido
1794 4516 1876 4581 Oain
1901 4517 2051 4594 messuit,
2074 4525 2112 4584 ut

112 4605 430 4757 ¹¹l¹l⁰t⁹ffll⁸l¹l
453 4605 698 4758 illidi
718 4605 826 4756 ll⁰⁸
848 4605 977 4756 Ὗ
993 4605 1089 4756 illm
1140 4600 2110 4754 {ltrilllltlllllltrlllltlsudlilttltffiffl

111 4713 225 4846 itere¹¹¹
235 4712 408 4862 plddtnqudgt
423 4710 725 4844 mebemeiltooDerrrz
766 4710 953 4859 odffintipso
992 4712 1090 4860 leggia,
1140 4781 1242 4873 paret,
1265 4772 1349 4873 quod
1371 4773 1486 4839 urbem
1507 4773 1617 4872 aUfilio
1630 4705 1838 4870 Ι(ἰρηοιιιίιιιιζῖ.
1883 4771 1936 4836 lta
1956 4709 2109 4873 saepefu

110 4862 582 5016 t⁰⁰⁸⁸tlffltttlttttl⁸
610 4860 1089 5014 ttsfltltltttt
1139 4855 1822 5010 ⁰⁰‘lllt.tllltt.⁶t⁶t¹.tlttt
1838 4857 2109 5025 tittttl·

108 4971 246 5122 ingilrlsti.v
288 5034 392 5100 'Perre
420 5032 492 5100 Nod
520 4968 639 5099 uomgn
667 4998 771 5098 haud,
787 5031 925 5098 dubiae
955 5053 1015 5098 suo
1036 5033 1087 5098 in·
1140 4966 1194 5108 fii,
1217 4995 1256 5096 dt
1277 5039 1407 5115 praeter
1428 5049 1550 5096 morem
1578 5030 1738 5094 usitatum
1759 5049 1794 5094 ae
1822 5027 1964 5094 muniat:
1987 5048 2028 5093 ex
2050 5029 2107 5094 ad·

107 5122 245 5208 quilino
287 5120 404 5186 sortita
435 5128 494 5185 est.
555 5118 649 5200 Quod
685 5117 811 5186 leuatur
848 5117 889 5184 ad
928 5119 1087 5184 orientem
1139 5135 1234 5182 verso
1255 5115 1371 5182 ebullit
1393 5117 1534 5182 fastuosa
1562 5114 1700 5180 vanitas.
1746 5113 1844 5180 Oerte
1871 5121 1984 5196 optare
2006 5112 2107 5182 debu-

106 5207 275 5292 paradiei,
297 5205 375 5272 hino
395 5205 548 5290 eolligere
564 5204 641 5271 huet
661 5224 776 5270 verum
798 5223 868 5272 esse
889 5202 975 5288 qued
996 5204 1087 5287 prius

106 5293 281 5370 diximus,
314 5299 438 5358 eertum
468 5289 575 5356 leoum
613 5291 821 5370 amoenitate,
851 5297 886 5356 et
922 5290 1088 5357 uberrima
1206 5304 1236 5374 1)
1254 5302 1301 5360 ete
1317 5303 1378 5360 edd
1415 5299 1650 5372 marcomedis

217 5393 336 5452 want
348 5407 440 5464 opera.
478 5391 536 5452 rot.
559 5390 680 5450 xxllr.
1885 5382 1903 5437 7
