4988 6192
376 441 443 506 111
1039 437 1411 506 COMMENTARIUS
1435 438 1484 503 IN
1512 436 1726 504 GENESIN.
2321 438 2376 504 512
2469 443 2470 470 1

381 629 501 714 Ioseph
519 650 578 695 808
596 628 730 695 somnia.
766 626 854 708 Quia
875 627 1356 710 01000800008001888100881
1408 625 1449 691 de
1478 647 1537 691 800
1571 626 1664 691 exitu
1698 624 1819 690 redditi
1848 631 1926 690 sunt
1957 626 2113 709 pincerna
2143 633 2176 691 et
2202 627 2321 709 pistor,
2349 627 2376 692 id
2469 681 2470 718 ,

380 715 560 794 restitutio,
588 714 648 779 108
675 713 785 797 011000
814 715 883 796 8001
911 714 1048 797 affulget
1077 721 1188 780 saneto
1216 712 1355 794 Ioseph:
1408 720 1519 776 tamen
1537 719 1688 777 nontam
1712 731 1826 776 eorum
1847 722 1998 794 respectu
2020 711 2211 778 factumest
2231 713 2376 795 0081010

381 802 459 885 0018
488 811 656 883 receperat
685 799 741 865 ille
770 809 943 883 postquam
970 800 1005 864 in
1033 806 1154 863 statum
1184 820 1280 864 suum
1303 818 1356 862 re·
1408 798 1548 880 gratiam
1571 797 1705 881 Ioseph,
1735 817 1831 880 quem
1854 797 1946 862 Deos
1968 797 2030 862 hoc
2058 797 2154 863 modo
2185 797 2292 863 voluit
2315 800 2375 882 regi

380 909 497 953 versus
520 895 614 963 08801,
638 906 674 951 80
696 884 765 950 1080
788 885 1038 968 suffragatorem
1058 884 1098 950 81
1116 883 1356 968 impetrandam
1407 884 1622 951 innotescere.
1666 883 1746 948 Ideo
1774 902 1892 948 arcano
1921 884 2078 948 instinctu
2105 885 2218 948 tristes
2240 893 2275 949 et
2300 891 2374 949 atto·

381 973 521 1039 veniam.
566 969 635 1038 Sed
662 972 782 1037 iterum
812 970 903 1037 brevi
933 970 1075 1037 concidit
1098 991 1171 1054 spes
1198 970 1271 1049 illa,
1300 970 1356 1035 ubi
1408 969 1495 1035 nites
1513 966 1663 1048 reddidit,
1684 967 1776 1052 quasi
1793 988 1892 1033 manu
1909 969 1998 1053 ipsos
2016 968 2172 1053 dirigeret
2190 968 2231 1034 ad
2251 991 2375 1036 servum

380 1060 538 1142 pincerna
560 1057 600 1122 de
622 1057 741 1123 misero
765 1056 901 1123 verbum
922 1056 1008 1140 apud
1031 1077 1143 1140 regem
1164 1056 1271 1121 faeere
1290 1077 1356 1121 non
1409 1071 1506 1121 suum
1528 1054 1656 1138 loseph.
1702 1053 1891 1120 Notandum
1914 1063 2025 1120 autem
2048 1065 2112 1134 081,
2141 1075 2228 1121 novo
2250 1056 2375 1139 spiritus

381 1143 545 1229 dignatur.
582 1144 677 1208 Γ1000
699 1164 776 1228 ergo
797 1143 860 1209 sibi
878 1143 967 1209 visus
987 1151 1037 1208 881
1055 1142 1175 1226 108001
1198 1149 1356 1224 00800100
1409 1143 1521 1206 afflatu
1555 1140 1679 1205 donum
1713 1141 1921 1224 prophetiae,
1955 1161 2020 1223 000
2048 1141 2141 1223 08108
2171 1141 2320 1220 0880181,
2346 1145 2376 1207 10

381 1231 546 1296 oblivione
563 1229 721 1312 sepultus,
740 1229 844 1312 quoad
857 1229 1019 1293 Dominus
1037 1228 1148 1292 lumen
1161 1229 1356 1294 suffocatum
1409 1248 1537 1293 carcere
1576 1227 1676 1292 101880
1709 1228 1872 1310 adeptum.
1928 1225 2039 1308 Quum
2071 1229 2164 1309 prins
2197 1229 2376 1309 8010010881,

283 1389 285 1392 ,
381 1313 1269 1399 801080088100100101010080800001800000111.
1303 1313 1356 1378 Ita
1409 1334 1590 1398 suspensus
1612 1321 1777 1377 1000080
1799 1311 1929 1377 divinae
1951 1313 2160 1378 revelationis
2183 1312 2302 1379 dubius
2319 1337 2377 1380 ma·

382 1423 483 1486 quum
505 1409 595 1468 reeta
623 1421 739 1466 eruere
762 1408 871 1483 posset
898 1421 941 1465 ex
973 1420 1104 1466 carcero
1134 1409 1284 1465 sanctum
1306 1400 1356 1465 vi·
1409 1399 1523 1464 nebat:
1553 1419 1641 1464 nuno
1668 1397 1742 1463 81118
1763 1405 1874 1464 008101
1896 1405 1948 1462 081
1969 1399 2139 1481 interpres.
2186 1397 2375 1482 Quanquam

382 1509 467 1567 rum,
497 1508 557 1570 per
577 1489 740 1552 flexuosas
763 1487 916 1570 ambages
938 1505 1014 1550 eum
1037 1484 1276 1551 circumducere
1299 1505 1355 1550 vo·
1409 1491 1518 1549 autem
1537 1482 1615 1549 dum
1633 1484 1817 1550 sciscitatur
1832 1484 2013 1548 moestitiae
2030 1505 2173 1565 eausam,
2192 1484 2232 1549 de
2251 1488 2376 1554 somniis

383 1574 458 1652 luit,
482 1594 547 1656 quo
569 1573 686 1638 melius
708 1571 862 1656 probaret
884 1573 954 1638 eius
976 1572 1186 1654 patientiam,
1211 1580 1244 1636 et
1266 1571 1356 1636 exitu
1410 1571 1492 1636 10810
1526 1590 1592 1635 000
1626 1571 1756 1654 cogitat,
1791 1591 1833 1634 ex
1863 1568 2011 1652 proximo
2033 1579 2144 1635 tamen
2167 1591 2270 1636 versu
2288 1594 2376 1656 appa·

381 1659 453 1742 ipso
475 1657 674 1743 patefaceret
695 1658 796 1723 miras
818 1681 853 1723 se
875 1656 996 1723 habere
1018 1658 1176 1736 rationes,
1200 1656 1357 1739 nobisque
1409 1666 1460 1722 ret
1482 1677 1557 1722 eum
1576 1657 1698 1738 accepti
1720 1655 1856 1738 spiritus
1879 1654 1956 1720 doni
1984 1657 2085 1722 101880
2107 1656 2170 1722 sibi
2200 1659 2375 1724 conscium:

383 1744 604 1811 absconditas:
628 1755 665 1809 ut
687 1743 826 1808 salutem
845 1765 942 1827 quam
964 1744 1055 1809 nobis
1073 1742 1232 1826 promisit,
1254 1742 1357 1808 disca-
1410 1751 1444 1806 et
1464 1742 1527 1808 hac
1549 1741 1668 1807 fiducia
1689 1743 1776 1824 10808
1809 1742 1959 1807 10818108
1981 1742 2022 1807 81
2052 1741 2222 1809 referenda
2250 1746 2376 1826 somnis,

383 1852 459 1896 mos
486 1851 551 1896 000
581 1830 689 1896 metiri
723 1828 853 1913 proprio
886 1851 1000 1895 sensu:
1034 1828 1091 1893 sed
1124 1830 1269 1894 sinamus
1299 1849 1357 1892 008
1411 1828 1495 1912 0001
1519 1828 1649 1912 diturus
1671 1829 1713 1892 sit
1734 1829 1906 1911 interpres.

383 1917 509 1983 versari
532 1915 597 1981 huc
618 1916 695 1981 illuo
718 1916 789 1980 eius
810 1936 919 1994 manu,
943 1915 1046 1980 donee
1065 1936 1147 1999 opus
1169 1936 1265 1980 suum
1283 1935 1357 1997 per·
1496 1911 1939 2000 Απ1101(100011)118181101
1960 1914 2251 1995 intepretationes?
2289 1919 2377 1987 (10810

383 2003 481 2068 ficiat.
525 2002 723 2068 Pinoernam
744 2001 955 2084 0101810800
978 2000 1127 2084 intellige
1149 2021 1217 2065 non
1238 1999 1357 2083 quosli-
1410 2019 1478 2064 non
1500 1999 1749 2083 arrogantiaad
1771 2019 1806 2066 80
1829 1999 1986 2065 transfert
2012 1999 2097 2084 quod
2131 2005 2302 2086 proprium
2323 2008 2377 2072 Dei

383 2087 439 2152 bet
467 2109 508 2153 ex
537 2097 675 2170 utroque
708 2087 839 2166 ordine,
873 2087 928 2152 sed
958 2087 1013 2170 qui
1046 2087 1178 2169 reliquis
1205 2086 1358 2150 omnibus
1411 2105 1482 2150 esse
1503 2086 1633 2163 fatetur,
1656 2085 1714 2150 801
1726 2107 1785 2169 080
1797 2085 1977 2151 vocationis
1995 2107 2074 2151 suae
2090 2086 2188 2153 modo
2205 2090 2273 2155 illis
2291 2113 2377 2158 8000

383 2181 588 2257 praeessent:
623 2194 701 2237 nam
729 2172 827 2256 paulo
854 2179 927 2256 post
952 2180 1115 2237 vocantur
1135 2170 1278 2238 eunuchi
1306 2170 1358 2237 vel
1411 2171 1553 2236 officium
1583 2169 1697 2236 defert.
1742 2171 1815 2236 Hoc
1843 2169 1916 2236 ideo
1945 2171 2126 2237 notandum
2156 2183 2219 2257 est,
2251 2199 2293 2242 00
2315 2180 2377 2262 0018

382 2280 542 2343 proceres.
578 2256 767 2324 Ridiculum
791 2279 870 2324 vero
892 2257 1048 2342 estquod
1070 2279 1130 2323 800
1152 2257 1360 2342 merefingit
1411 2256 1545 2322 fortuito
1572 2256 1646 2340 plus
1675 2256 1736 2322 sibi
1766 2267 1902 2342 usurpet
1931 2278 2031 2340 quam
2053 2281 2073 2324 a
2095 2257 2167 2326 Deo
2195 2283 2379 2330 concessum

383 2355 527 2429 nugator
560 2344 802 2424 Gerondensis,
836 2351 994 2410 castratos
1027 2343 1128 2410 101880
1160 2343 1359 2428 ignominiae
1411 2363 1483 2408 esse
1522 2343 1625 2410 novit.
1679 2342 1765 2408 Nam
1800 2342 1873 2408 ideo
1911 2351 1980 2407 tam
2019 2343 2194 2429 diligenter
2234 2348 2378 2415 admonet

383 2451 490 2511 08088,
512 2451 614 2513 quum
635 2430 701 2495 illis
722 2430 828 2496 iratus
849 2430 964 2496 fuisset
981 2429 1121 2497 Pharao.
1158 2430 1234 2495 Duo
1257 2431 1360 2514 igitur
1410 2429 1536 2494 Paulus
1559 2429 1651 2494 varie
1673 2428 1823 2495 distribui
1843 2429 1980 2512 spiritus
1997 2428 2082 2495 dena
2100 2429 2144 2516 (1.
2157 2431 2233 2499 Cor.
2255 2435 2379 2524 1114),

383 2524 479 2582 erant
500 2537 543 2582 ex
565 2515 730 2598 primariis
759 2517 881 2581 aulicis.
928 2516 1058 2581 Clarius
1081 2517 1279 2582 artemiam
1302 2537 1358 2580 ex·
1411 2525 1445 2580 et
1478 2515 1595 2598 cuique
1627 2515 1768 2599 imponit
1801 2526 1923 2581 certam
1956 2535 2147 2598 personam,
2181 2540 2224 2584 ne
2254 2523 2324 2604 0018
2350 2544 2381 2587 80

383 2603 498 2686 primit
509 2602 619 2667 Moses
636 2622 800 2667 carcerem
818 2603 918 2667 101880
929 2602 989 2667 801
1001 2601 1194 2684 Ρο11018818
1211 2601 1358 2684 imperio.
1412 2598 1528 2683 cupide
1550 2603 1696 2685 ingerat,
1719 2600 1772 2667 vel
1795 2601 1939 2666 alienum
1962 2603 2120 2684 suscipiat
2142 2625 2280 2671 munus:
2308 2611 2380 2690 quin

382 2688 482 2756 Unde
500 2689 726 2772 cognoscimus
744 2687 831 2771 quod
849 2688 940 2771 prius
958 2686 1037 2765 dixi,
1057 2688 1243 2772 mitigatam
1261 2688 1360 2752 101888
1412 2686 1522 2770 001108
1555 2693 1592 2750 01
1624 2707 1659 2752 80
1692 2688 1779 2752 10188
1811 2687 1992 2752 vocationis
2031 2709 2111 2754 8000
2150 2694 2381 2776 0800808101υο

384 2775 456 2841 0108
485 2775 585 2854 iram,
613 2773 742 2856 008010
772 2774 906 2838 0000181
932 2794 974 2839 ex
1002 2775 1071 2838 eius
1101 2794 1263 2839 consensu
1292 2780 1361 2838 tam
1412 2771 1536 2856 singuli
1547 2772 1744 2866 contineant.
1770 2773 1843 2838 Nisi
1855 2774 1966 2856 vigeat
1977 2772 2058 2839 haee
2070 2773 2241 2857 modestia,
2259 2780 2380 2846 misceri

383 2861 564 2927 clementer
591 2861 659 2943 egit
684 2859 863 2926 insularius
890 2879 964 2924 oum
992 2858 1122 2942 Ioseph.
1166 2859 1239 2924 Ime
1273 2879 1361 2924 nune
1413 2859 1524 2924 omnia
1545 2878 1677 2924 neeesse
1699 2865 1763 2924 est:
1787 2859 1865 2943 quio
1886 2859 1988 2924 810118
2006 2858 2181 2926 00110800
2206 2867 2381 2931 temeritate

384 2946 560 3029 Putiphari
593 2944 708 3010 tribuit
740 2946 850 3011 Moses
882 2944 956 3010 illas
992 2945 1208 3010 humanitatis
1240 2954 1359 3028 partes,
1413 2943 1611 3009 lacerabitur
1628 2944 1693 3010 Dei
1710 2944 1842 3024 veritas,
1869 2944 2057 3011 turbabitur
2073 2967 2140 3029 pax
2157 2958 2193 3014 et
2209 2950 2381 3032 eoncordia,

384 3032 471 3115 0001
492 3030 569 3095 fidei
590 3029 711 3113 Ioseph
732 3031 889 3114 pistorem
910 3037 944 3096 et
972 3031 1163 3114 pincernam
1188 3031 1359 3097 commisit.
1412 3030 1498 3095 nihil
1537 3029 1677 3112 deniqne
1711 3029 1834 3096 ordinis
1866 3030 1997 3097 salvum
2028 3033 2183 3098 manebit.
2220 3036 2382 3102 -Soiamns

384 3117 460 3183 Nisi
491 3117 575 3182 10810
607 3137 712 3182 novus
744 3125 823 3182 tuno
856 3135 1024 3183 successor
1057 3117 1231 3201 Putiphari
1265 3117 1362 3182 datus
1414 3137 1492 3200 ergo
1530 3115 1651 3200 Ioseph
1694 3116 1998 3200 interpretationem
2037 3139 2151 3184 secure
2191 3123 2382 3204 promittere,

386 3210 472 3268 erat:
497 3201 583 3286 0001
604 3201 699 3267 facile
721 3201 884 3268 refellitur
906 3224 947 3268 ex
969 3209 1142 3282 contextu,
1165 3203 1242 3286 quia
1263 3202 1361 3286 paulo
1415 3201 1649 3285 0000180180
1671 3203 1778 3287 gratia
1796 3203 1955 3268 divinitus
1973 3225 2008 3269 se
2025 3203 2227 3272 instructum
2244 3221 2277 3273 et
2295 3230 2383 3274 0808·

385 3288 912 3372 0011110111108080880108100
935 3288 1361 3354 10188000810118018800
1414 3295 1488 3353 tum
1509 3309 1580 3353 esse
1602 3298 1748 3356 noverat.
1788 3287 1913 3354 Eodem
1936 3289 2079 3372 pertinet
2101 3290 2186 3373 0001
2208 3293 2384 3378 interrogat

386 3373 519 3457 Ioseph.
564 3372 677 3455 Quum
700 3373 778 3438 dicit
799 3375 909 3441 Moses
938 3375 1038 3440 fuisse
1060 3374 1133 3440 illos
1155 3397 1215 3458 per
1237 3374 1306 3442 dies
1327 3376 1363 3441 10
1416 3373 1456 3439 10
1478 3373 1622 3440 somniis.
1667 3375 1782 3459 Neque
1804 3375 1894 3440 enim
1916 3375 2002 3440 01188
2023 3395 2121 3458 quam
2146 3381 2312 3461 permittit
2332 3400 2384 3446 800

386 3479 517 3528 carcere
528 3459 685 3540 detentos,
696 3459 829 3544 qnidam
840 3459 1032 3545 intelligunt
1044 3481 1167 3526 annum
1179 3463 1362 3546 integrum:
1415 3459 1554 3527 facultas
1586 3460 1740 3545 progredi
1773 3469 1897 3526 tentat:
1936 3480 2003 3526 000
2039 3460 2168 3529 divina
2200 3486 2281 3550 ergo
2314 3465 2386 3551 0011

387 3547 446 3612 801
462 3546 621 3612 falluntur
631 3566 703 3611 mco
720 3545 854 3611 iudicio:
872 3546 981 3630 potius
999 3547 1124 3612 notatio
1139 3556 1190 3612 est
1207 3545 1363 3626 diuturni,
1416 3546 1671 3626 somniaverint,
1706 3545 2185 3615 80118101088111000011010.
2230 3553 2311 3619 Alia
2331 3552 2385 3616 fnit

387 3641 420 3700 et
442 3641 553 3698 tamen
584 3631 700 3699 incerti
727 3632 898 3715 temporis,
933 3632 1205 3716 quemadmodum
1227 3655 1269 3699 ex
1292 3632 1364 3699 01118
1417 3632 1567 3698 Danielis
1599 3633 1698 3712 ratio,
1736 3633 1791 3716 001
1824 3633 2037 3700 divinationis
2069 3635 2191 3718 spiritu
2224 3638 2387 3720 praeditus

386 3719 467 3786 locis
492 3725 590 3801 patet.
1418 3726 1503 3794 erat,
1533 3725 1572 3782 ut
1593 3719 1757 3785 somnium
1779 3728 1957 3802 exponeret
1979 3721 2050 3804 regi
2069 3720 2274 3805 Babylonio,
2306 3721 2387 3809 quod

476 3803 1030 3870 5118000101188811801011801.
1076 3803 1174 3886 Quod
1203 3805 1295 3888 prius
1324 3801 1365 3868 10
1417 3805 1594 3870 effluxerat
1614 3827 1656 3870 ex
1685 3806 1755 3871 eius
1783 3807 1949 3872 memoria.
1993 3805 2057 3872 Ille
2086 3827 2163 3892 ergo
2192 3807 2300 3876 fretus
2325 3831 2387 3875 am·

388 3890 525 3955 somniis
548 3889 652 3973 attigi,
676 3889 834 3954 memoria
855 3886 1068 3973 repetendum
1092 3897 1150 3972 est,
1175 3889 1281 3955 multa
1303 3890 1364 3955 sci·
1416 3890 1520 3973 pliore
1562 3890 1696 3974 spiritu,
1746 3897 1921 3976 utrumque
1962 3892 2108 3974 profiteri
2151 3913 2220 3958 non
2267 3895 2390 3962 dubitat

387 3976 466 4042 licet
488 3976 607 4041 frivola
629 3975 722 4040 nobis
739 3974 843 4054 obiici,
866 3996 950 4060 0088
968 3984 1142 4042 180080001
1159 3996 1219 4059 008
1236 3982 1365 4061 portam
1417 3973 1516 4063 (Dan.
1545 3977 1575 4056 2,
1605 3975 1670 4063 28).
1715 3976 1842 4042 Verum
1869 3977 1989 4060 Ioseph
2018 3977 2072 4043 oui
2098 3977 2236 4045 dimidia
2263 3989 2389 4047 tantum

389 4081 557 4128 corneam:
586 4060 746 4144 quaedam
775 4068 886 4126 tamen
917 4062 1065 4128 vaticinii
1091 4061 1212 4128 habere
1240 4062 1310 4128 vim
1332 4069 1366 4127 et
1416 4083 1495 4146 pars
1517 4061 1593 4127 data
1615 4067 1694 4140 erat,
1721 4083 1756 4127 se
1777 4063 1924 4128 eontinet
1945 4063 2034 4130 intra
2055 4063 2238 4148 legitimam
2260 4089 2390 4133 mensn-

389 4149 526 4232 pondus.
578 4147 689 4212 Huius
718 4148 848 4230 generis
876 4149 1010 4213 fuerunt
1036 4146 1116 4213 haec
1144 4147 1208 4213 duo
1237 4147 1365 4213 somnia
1418 4168 1499 4214 ram.
1535 4146 1630 4214 Adde
1651 4147 1822 4233 0001000
1844 4157 1973 4214 tantum
1991 4150 2224 4218 sibicaveteb
2242 4154 2388 4218 801801οε

389 4234 506 4316 001108
530 4232 623 4298 Ι)008
645 4233 810 4298 08001100
841 4233 890 4299 801
922 4235 1052 4299 1010880
1084 4242 1240 4300 eventum
1272 4241 1364 4317 pate·
1416 4233 1475 4300 sed
1496 4233 1557 4300 hoc
1579 4236 1687 4318 ipsum
1710 4234 1796 4318 quod
1818 4232 1917 4302 18101
1946 4235 2018 4301 Deo
2040 4246 2208 4319 acceptum
2240 4240 2391 4317 80108808,

389 4320 474 4386 fecit.
529 4319 603 4385 Nisi
635 4319 723 4383 enim
756 4317 904 4385 eoelestis
943 4319 1068 4385 oraculi
1105 4319 1269 4404 insculpta
1299 4319 1365 4384 illis
1416 4320 1560 4404 ingenue
1578 4327 1748 4386 testatore
1765 4341 1801 4385 se
1819 4320 1890 4403 ipso
1907 4321 1990 4386 nihil
2007 4330 2192 4408 suppetere.
2225 4324 2305 4390 Non
2321 4343 2390 4408 ergo

359 4471 360 4476 ,
390 4407 507 4471 1018801
525 4413 612 4482 0010,
637 4405 769 4470 000118
788 4405 1365 4488 000100008108001110188001010-
1418 4426 1515 4472 suum
1538 4426 1690 4485 aeramen,
1714 4406 1769 4471 vel
1790 4407 2022 4490 perspicaciam
2045 4410 2160 4487 iactat,
2182 4409 2241 4476 sed
2263 4417 2391 4475 tentum

390 4498 550 4556 0080001
582 4490 694 4573 pistor.
746 4489 869 4556 Fateor
900 4491 1031 4573 quidem
1058 4493 1154 4558 vanis
1181 4500 1366 4557 01100880
1418 4490 1483 4557 Dei
1504 4492 1656 4557 minister
1678 4492 1751 4557 vult
1771 4493 1913 4577 agnosci.
1958 4493 2055 4561 Hanc
2076 4495 2226 4579 regulam
2255 4517 2391 4580 800000·

390 4577 557 4659 coneeptis
579 4577 715 4641 somniis
737 4575 952 4643 vehementer
973 4577 1141 4643 interdum
1163 4577 1289 4644 turbari
1308 4578 1366 4643 ho-
1418 4585 1472 4643 108
1494 4578 1551 4660 001
1578 4577 1744 4644 excellunt
1772 4579 1899 4644 nasibi
1921 4579 1995 4662 plus
2016 4579 2191 4646 tribuendo
2214 4591 2318 4664 quam
2340 4601 2393 4666 par

389 4665 512 4741 mines,
543 4661 601 4728 sed
623 4662 670 4726 ita
699 4671 735 4726 ut
764 4663 923 4746 paulatim
953 4663 1095 4729 resideat
1124 4677 1229 4729 terror
1250 4672 1284 4728 et
1306 4685 1366 4730 an·
1419 4663 2023 4764 081100010108000008001111)1)01
2045 4666 2189 4751 gratiam
2207 4667 2392 4734 obscurent.

390 4750 512 4814 xietas:
536 4747 604 4815 Sed
620 4746 713 4813 Deus
734 4748 910 4831 pincernae
932 4769 969 4814 00
991 4750 1124 4834 01810818
1147 4749 1267 4816 001018
1289 4769 1366 4816 800·
1418 4750 1612 4816 (inhibenda
1642 4771 1739 4834 porro
1772 4759 1823 4816 081
1855 4751 1917 4816 1810
1950 4751 2096 4831 vanitas,
2130 4774 2198 4817 non
2231 4753 2333 4820 modo
2362 4761 2393 4818 01

390 4835 479 4899 1000
501 4835 673 4913 infixerat,
701 4835 755 4917 qui
779 4854 834 4901 eos
856 4836 1003 4919 quiscere
1025 4856 1092 4900 non
1115 4836 1245 4901 sineret.
1291 4834 1366 4917 Quo
1419 4837 1511 4902 Deus
1533 4836 1620 4903 solus
1641 4836 1793 4917 emineat,
1816 4857 1876 4902 neo
1893 4839 1965 4902 iure
1986 4859 2046 4904 800
2068 4837 2254 4919 fraudetur,
2281 4841 2341 4906 sed
2363 4851 2393 4903 ut

391 4922 430 4986 fit
447 4929 484 4986 ut
502 4921 606 5004 magis
624 4927 770 4986 attentus
788 4921 831 4986 sit
848 4930 985 5005 uterque
1003 4921 1044 4987 ad
1064 4921 1366 5005 interpretationem
1417 4922 1607 5006 prophetae,
1630 4921 1785 5000 doctores,
1809 4922 1916 4988 etalii
1935 4923 2119 5007 quicunque
2136 4925 2274 4992 coelesti
2294 4926 2393 5011 gratis

390 5005 509 5073 somnii
532 5006 592 5072 sui.
636 5004 715 5072 Ideo
737 5003 859 5072 diserte
887 5007 1044 5091 exprimit
1066 5009 1175 5074 Moses
1197 5008 1297 5074 101880
1318 5007 1367 5075 881
1418 5008 1561 5094 0011001,
1589 5009 1760 5073 humiliter
1786 5029 1822 5074 se
1851 5007 2026 5075 8011101801
2053 5009 2227 5077 directioni
2248 5013 2394 5095 spiritns

390 5100 501 5160 certae
522 5092 740 5176 praesagium.
1419 5094 1608 5160 Notandum
1635 5094 1735 5160 etiam
1764 5103 1815 5160 est
1842 5095 1927 5178 quod
1949 5094 2029 5163 dicit
2056 5097 2184 5177 Moses,
2217 5097 2394 5164 sollicitum

479 5180 508 5244 6.
533 5176 680 5242 118018
705 5179 748 5244 01
769 5198 820 5244 ees
841 5179 953 5262 Ioseph
980 5197 1080 5245 manc.
1128 5177 1232 5246 Sicuti
1261 5200 1368 5263 nuper
1419 5179 1660 5265 101880108001
1682 5178 1722 5246 10
1744 5199 1858 5245 eorum
1891 5181 2053 5247 moestitia
2081 5183 2137 5266 qui
2167 5203 2284 5248 seeum
2308 5191 2394 5251 erant

392 5285 464 5331 sum
494 5263 679 5349 praefatus,
711 5264 766 5330 hio
794 5263 871 5330 fidei
897 5265 998 5332 oculis
1026 5265 1144 5331 miram
1167 5266 1230 5330 Dei
1258 5266 1367 5348 provi·
1419 5267 1456 5332 in
1477 5287 1616 5334 earcere.
1661 5265 1718 5332 Sio
1740 5266 1830 5331 enim
1859 5265 1955 5333 malis
1988 5270 2210 5334 mansuefiunt
2236 5269 2394 5342 homines,

392 5348 539 5416 dentiam
565 5349 686 5415 intueri
715 5351 876 5417 convenit.
921 5351 1068 5418 Tametsi
1097 5351 1186 5419 enim
1215 5353 1368 5420 certiores
1420 5374 1462 5419 ne
1495 5353 1576 5419 alios
1606 5353 1744 5419 miseros
1783 5351 1981 5437 despiciant:
2021 5353 2165 5438 adeoque
2204 5375 2396 5424 communes
2470 5398 2471 5404 κ
