4988 6192
131 413 188 482 373
778 405 1149 474 COMMENTARIUS
1171 404 1222 471 IN
1243 405 1458 476 GENESIN.
2050 413 2116 482 374

131 623 255 672 sonam:
283 601 348 669 Dei
376 601 464 669 enim
491 600 650 685 propheta
678 605 711 666 et
740 597 902 697 interpres
928 594 1008 675 fuit,
1037 593 1093 678 qui
1144 593 1275 680 integra
1302 601 1481 678 constaret,
1512 595 1648 682 perinde
1678 618 1715 664 ao
1744 599 1773 666 si
1800 598 1954 684 loquutus
1983 620 2001 665 e
2028 600 2117 668 coelo

130 689 270 758 ciusdem
296 709 394 771 quam
423 694 608 772 acceperat,
640 683 766 771 gratiae
792 681 899 748 tihum
919 676 1092 747 haerodem
1143 679 1227 746 foret
1247 673 1340 747 Deus
1368 682 1453 765 ipse:
1486 702 1551 766 qua
1573 682 1613 748 dc
1635 705 1671 750 re
1699 684 1818 750 iterum
1841 685 1938 768 paulo
1959 693 2033 770 post
2054 686 2115 753 ali·

130 785 338 860 nuncuparet.
382 771 479 841 Unde
506 779 641 858 apparet
667 767 752 856 quod
780 768 845 833 iam
867 765 953 833 dixi:
974 764 1092 832 Mosen
1144 765 1221 850 quid
1245 767 1416 852 attingam.

130 862 301 930 inhaere
323 858 495 927 necunde
517 857 804 924 nonabsretam
826 851 990 937 prolixum
1012 871 1092 918 esso.
1228 850 1258 918 5.
1292 851 1337 918 Er
1367 852 1469 920 Raro
1496 853 1651 921 audiebat.
1705 854 1804 921 Nunc
1837 855 1940 922 fusius
1979 857 2116 940 exponit

130 946 285 1031 Singulas
307 966 384 1012 vero
406 944 666 1012 circumstantias
682 941 752 1008 suis
767 938 848 1006 locis
856 937 1092 1021 expendemus:
1144 936 1253 1003 Moses
1289 959 1352 1022 quo
1387 937 1523 1006 artificio
1556 939 1597 1005 ad
1630 939 1891 1007 benedictionem
1929 943 2116 1026 pervenerit

129 1053 263 1116 quarum
289 1030 370 1098 haee
392 1030 498 1114 prima
516 1036 582 1110 est,
612 1027 696 1112 quod
716 1025 810 1092 Deus
837 1021 1092 1090 benedictionem
1143 1021 1247 1089 Iacob.
1299 1021 1471 1090 Frivolum
1500 1045 1579 1092 sane
1611 1025 1672 1092 boc
1711 1025 1857 1106 ridetur,
1896 1025 1981 1111 quod
2014 1048 2115 1094 senex

129 1119 215 1186 Esau
244 1115 285 1182 ad
306 1116 403 1182 Iacob
432 1134 542 1181 errore
568 1114 672 1198 patris
700 1109 886 1178 transtulit:
916 1107 987 1176 ideo
1016 1107 1093 1175 dicit
1143 1107 1293 1175 muliebri
1314 1109 1434 1176 astutia
1455 1107 1626 1194 deceptus,
1652 1132 1709 1194 per
1730 1111 1894 1180 inmitium
1916 1121 1949 1179 et
1970 1134 2113 1180 errorem

129 1203 235 1270 lloses
263 1200 400 1268 hebetes
435 1199 537 1268 fuisse
569 1200 639 1266 eius
670 1197 789 1266 ooulos.
840 1193 966 1262 Obtuso
994 1194 1092 1260 etiam
1143 1192 1323 1260 effutiverit
1365 1194 1430 1261 uod
1452 1194 1592 1263 nolebat
1635 1196 1682 1263 Et
1703 1205 1790 1264 certe
1812 1197 1893 1264 vitio
1914 1218 1982 1263 non
2006 1199 2115 1266 caruit

126 1289 197 1354 visu
230 1287 295 1353 fuit
320 1285 433 1366 Iacob,
467 1305 568 1369 quum
601 1293 735 1369 nepotes
766 1301 844 1349 suos
864 1279 1025 1365 Ephraim
1058 1289 1092 1345 et
1142 1277 1309 1346 Rebeccae
1344 1215 1457 1348 dolus:
1499 1281 1650 1366 quamvis
1682 1283 1837 1348 maritum
1868 1303 1947 1350 sano
1979 1284 2114 1352 consilio

126 1374 276 1441 Manates
308 1371 531 1440 benediceret:
565 1369 622 1438 sed
654 1391 720 1437 uon
751 1366 866 1452 obtigit
898 1364 1003 1451 caligo
1035 1363 1092 1430 illa
1142 1385 1257 1450 regere
1286 1386 1352 1431 non
1380 1376 1505 1451 posset,
1539 1388 1606 1433 non
1633 1378 1744 1434 tamen
1771 1367 1852 1436 haec
1879 1368 1910 1434 le
1935 1369 2026 1436 'tima
2052 1371 2114 1436 tuit

125 1458 201 1544 quin
231 1477 349 1524 manus
375 1476 450 1524 suas
479 1464 684 1524 unusversas
716 1452 895 1537 prudenter
927 1450 1091 1534 dirigeret.
1143 1449 1262 1535 agendi
1295 1452 1393 1530 ratio,
1429 1459 1466 1517 ut
1498 1473 1573 1518 eum
1605 1451 1857 1520 circumveniret
1934 1456 1941 1470 '
1975 1455 2112 1524 fallacia.

126 1545 214 1612 Deus
236 1551 345 1610 autem
367 1561 482 1626 passus
502 1551 552 1608 est
572 1541 665 1608 Ῑοοοο
687 1538 809 1622 decipi,
839 1545 877 1602 ut
905 1535 1092 1604 ostenderet
1142 1535 1212 1601 Iam
1233 1557 1333 1622 quum
1354 1557 1470 1620 perse
1493 1535 1677 1604 damnabile
1697 1538 1740 1605 sit
1760 1538 1984 1620 mendacium,
2016 1542 2053 1607 in
2075 1562 2114 1609 eo

126 1651 188 1696 non
211 1629 382 1696 hominum
404 1627 537 1694 arbitrio
559 1624 671 1704 Iacob,
693 1635 824 1709 praeter
845 1630 983 1688 naturae
1005 1621 1091 1688 ordi·
1203 1621 1276 1688 vius
1297 1623 1453 1706 peccavit,
1496 1621 1560 1688 uod
1578 1621 1697 1690 talibus
1715 1625 1898 1711 praestigiis
1915 1626 1949 1692 in
1968 1647 2004 1692 re
2021 1647 2115 1694 sacra

126 1737 209 1794 nem,
232 1713 274 1780 ad
294 1714 346 1779 ius
367 1720 401 1780 et
422 1713 579 1780 honorem
600 1710 875 1795 primogeniturae
895 1706 1019 1775 extolli.
1155 1706 1257 1773 ndere
1278 1728 1358 1774 ausa
1380 1716 1439 1774 est.
1474 1643 1609 1775 dolebat
1628 1707 1834 1776 immutabile
1855 1732 1926 1778 esse
1947 1711 2113 1780 decretum

207 1800 239 1866 2.
262 1797 354 1880 Ecce,
374 1819 455 1866 caco
474 1798 580 1876 secui,
602 1817 664 1863 coo
684 1796 757 1864 aovi
777 1795 860 1861 diem
880 1813 941 1878 qao
959 1793 1091 1860 morior.
1143 1813 1206 1876 quo
1229 1791 1350 1860 electus
1371 1801 1406 1859 et
1425 1792 1599 1877 adoptatus
1621 1793 1729 1862 fuerat
1749 1795 1859 1864 Iacob:
1883 1817 1944 1864 cur
1963 1819 2029 1864 non
2052 1799 2113 1884 igi-

123 1885 262 1954 Minimo
291 1883 426 1952 dubium
455 1893 505 1950 est
534 1882 611 1967 quin
633 1881 728 1949 Isaac
755 1877 898 1964 quotidie
925 1877 1002 1945 filiis
1024 1877 1093 1944 suis
1143 1889 1199 1944 tur
1216 1878 1376 1962 patienter
1393 1887 1568 1964 exspectat,
1591 1879 1670 1945 dum
1685 1902 1723 1947 re
1739 1881 1813 1965 ipsa
1828 1883 1998 1950 confirmet
2014 1883 2114 1966 Deus,

126 1971 205 2038 bene
227 1979 377 2056 precatus
399 1970 444 2036 sit
464 1975 533 2036 tota
553 1969 638 2034 vita:
663 1975 791 2034 constat
812 1984 890 2051 ergo
912 1962 1093 2030 exuaordi·
1143 1973 1315 2047 ratumque
1347 1983 1419 2030 esse
1449 1963 1599 2032 ostendat
1630 1965 1716 2050 quod
1749 1968 1848 2034 semel
1877 1991 1896 2034 e
1923 1967 2011 2036 coelo
2039 1990 2114 2054 pro-

123 2057 253 2124 narium
275 2057 373 2124 luisse
391 2054 453 2122 boo
473 2053 705 2122 benedictionis
726 2071 839 2137 genus.
883 2050 986 2118 Porro
1007 2047 1093 2133 quod
1143 2047 1336 2115 nunciavit?
1365 2049 1454 2134 Ergo
1487 2049 1625 2118 coeleste
1657 2051 1823 2119 oraculum
1855 2074 1915 2120 suo
1944 2054 2113 2122 mendacio

124 2141 200 2210 dicit
221 2163 259 2208 se
281 2141 406 2208 nescire
428 2139 515 2207 diem
536 2140 661 2217 mortis,
683 2135 878 2204 tantundem
899 2135 989 2203 valet
1009 2155 1046 2202 ao
1064 2134 1092 2200 si
1143 2135 1330 2214 obscurans,
1352 2143 1510 2220 quantum
1531 2136 1568 2202 in
1589 2158 1625 2204 se
1647 2145 1712 2217 est,
1731 2137 1927 2224 promissam
1949 2140 2015 2208 filio
2037 2161 2112 2225 gra·

123 2226 275 2306 dixisset,
304 2236 443 2294 mortem
472 2225 534 2293 sibi
562 2224 725 2308 decrepito
745 2230 779 2288 et
807 2221 927 2290 caduco
952 2219 1092 2306 singulis
1143 2219 1224 2286 tiam
1257 2220 1373 2288 abolet
1425 2221 1494 2286 lam
1525 2222 1554 2288 si
1586 2243 1622 2288 re
1645 2229 1775 2290 utemus
1803 2223 1891 2292 unde
1919 2224 1969 2291 illi
2001 2233 2113 2294 tantus

123 2313 299 2381 momentis
319 2313 453 2392 instare,
480 2318 517 2378 ut
538 2309 620 2376 nihil
644 2308 799 2394 temporis
819 2306 881 2375 sibi
902 2305 1092 2390 promittere
1144 2305 1314 2392 satagendi
1353 2307 1478 2374 fervor:
1518 2328 1561 2373 cx
1645 2329 1739 2376 versa
1778 2319 1871 2394 parte
1903 2331 1938 2378 se
1968 2313 2113 2396 proteret

121 2398 267 2466 auderet.
312 2395 593 2480 Quemadmodum
623 2395 651 2462 si
679 2393 798 2462 mulier
830 2390 966 2477 gravida
994 2391 1091 2471 dicat,
1143 2392 1263 2458 eximia
1291 2390 1362 2458 eius
1389 2389 1479 2459 fides.
1523 2392 1609 2458 Nam
1633 2394 1718 2478 quod
1745 2395 1902 2462 maritum
1923 2396 1959 2461 in
1980 2418 2016 2464 se
2037 2418 2112 2482 pro·

120 2505 225 2568 quum
254 2493 419 2552 maturum
441 2481 576 2549 advenit
596 2477 744 2566 pariendi
766 2489 913 2563 tempus,
934 2478 995 2545 sibi
1017 2475 1091 2544 nul·
1144 2496 1269 2558 vocare,
1291 2476 1411 2544 hostile
1427 2477 1515 2544 inter
1535 2477 1653 2546 fratres
1673 2478 1785 2548 odium
1806 2481 1991 2562 accendere,
2014 2483 2113 2552 dilec-

121 2569 189 2636 lum
214 2590 285 2636 esse
305 2569 372 2635 iam
394 2577 519 2638 certum
540 2565 636 2634 diem.
667 2565 795 2632 Ferunt
816 2562 948 2648 quidem
968 2563 1091 2664 singuli
1142 2569 1214 2629 tom
1236 2562 1340 2630 tilium
1362 2562 1457 2631 Iacob
1478 2561 1615 2631 obiicere
1636 2567 1801 2651 praesenti
1823 2567 1937 2634 mortis
1958 2569 2112 2653 periculo,

120 2656 153 2722 in
182 2653 293 2722 medio
321 2655 435 2721 aetabs
464 2653 578 2739 vigore
606 2672 715 2720 secum
744 2648 834 2716 mille
860 2655 997 2716 mortes:
1025 2669 1091 2715 rmo
1143 2657 1245 2715 totam
1267 2671 1309 2716 ue
1338 2648 1470 2716 domum
1499 2647 1631 2736 turbare
1660 2671 1727 2716 non
1756 2649 1899 2733 dubitat,
1932 2652 1995 2724 hoo
2025 2665 2113 2724 certe

120 2739 391 2808 loetnsadbuoin
409 2745 552 2806 matrum
569 2745 664 2804 utero
683 2734 826 2804 inclusos
843 2753 933 2801 mors
944 2733 1006 2802 sibi
1018 2732 1091 2800 vin·
1142 2755 1209 2800 non
1272 2734 1369 2801 'unde
1397 2755 1493 2820 qnam
1522 2755 1564 2801 ex
1590 2736 1654 2802 fide
1684 2738 1841 2804 manavit.
1891 2739 2015 2806 Animo
2043 2742 2112 2808 eius

119 2825 226 2906 dicat,
257 2832 291 2892 ct
319 2847 378 2910 per
406 2824 553 2910 singulos
578 2830 721 2890 aetatum
752 2819 874 2906 gradus
901 2821 1089 2887 comitatur:
1140 2820 1273 2904 penitus
1294 2821 1397 2886 infixa
1417 2827 1489 2888 erat
1508 2819 1693 2889 haereditas
1715 2844 1735 2889 a
1756 2821 1828 2890 Dec
1849 2825 2018 2907 promissa,
2039 2845 2111 2892 eam

117 2911 176 2980 sed
198 2910 419 3064 quoupropins
438 2929 532 2980 senes
559 2914 670 2994 urget,
696 2907 743 2973 ita
770 2925 843 2974 eam
872 2903 934 3006 sibi
962 2904 1091 2972 assidue
1142 2904 1267 2973 sciebat
1295 2906 1362 2972 filio
1382 2905 1478 2974 Iacob
1507 2903 1671 2973 decretam
1698 2928 1778 2975 esse.
1821 2909 1912 2995 Ergo
1933 2910 1970 2976 in
1998 2909 2112 2979 foedus

117 3005 196 3066 ante
231 3017 268 3063 oo
302 3017 338 3064 os
370 3017 493 3081 ponere
523 2993 658 3062 debent:
692 3013 753 3060 neo
785 3011 878 3059 secus
905 3013 942 3056 m
968 2989 1090 3058 mundo
1141 2991 1205 3057 Dei
1227 2991 1429 3072 recumbens,
1452 3001 1486 3059 et
1507 3012 1633 3060 memor
1652 2994 1777 3078 accepti
1798 2995 1930 3075 oraculi,
1952 2996 2112 3065 mundum

115 3104 197 3168 pere
222 3083 325 3149 rinuri
352 3079 501 3166 quamsi
528 3079 668 3147 alterum
694 3078 762 3144 iam
788 3075 904 3162 pedem
925 3076 960 3142 in
981 3076 1090 3178 sepul·
1141 3075 1353 3144 obliviscitur.
1398 3077 1512 3162 ltaque
1539 3076 1690 3145 ridemus
1720 3099 1786 3146 non
1807 3092 1896 3148 recto
1917 3101 1978 3150 nec
2000 3082 2111 3150 mode-

115 3187 172 3235 oro
253 3168 377 3235 berent.
439 3167 479 3233 In
521 3186 666 3245 summa,
698 3161 789 3231 Isaac
827 3161 924 3228 morti
963 3161 1090 3230 vicinus
1141 3171 1214 3229 rato
1234 3161 1302 3229 nelo
1331 3164 1528 3248 permixtam
1553 3163 1654 3231 fuisse
1675 3164 1745 3230 eius
1767 3165 1873 3234 tidem.
1919 3165 2016 3249 Quod
2038 3168 2112 3234 dili·

115 3254 191 3322 vult
213 3254 251 3320 in
271 3253 331 3320 filii
353 3253 403 3319 sui
431 3271 570 3337 persona
600 3249 808 3335 superstitem
830 3248 893 3314 Dei
920 3247 1090 3316 ecclesiam
1141 3255 1257 3333 genter
1277 3250 1455 3317 notandum
1474 3256 1533 3331 est,
1556 3263 1593 3314 ut
1609 3249 1749 3318 sciamus
1765 3273 1832 3317 non
1849 3272 1978 3352 semper
1995 3274 2112 3338 puram

113 3339 315 3423 relinquere.
1141 3343 1176 3402 et
1197 3333 1355 3419 liquidam
1382 3335 1531 3402 notitiam
1557 3333 1668 3401 lucere
1688 3336 1723 3401 in
1750 3337 1868 3403 animis
1897 3359 2040 3422 prorum,
2074 3353 2111 3407 ut

195 3425 237 3491 '4.
262 3423 303 3493 Ut
323 3422 477 3490 benedicat
497 3420 555 3488 tte·
575 3421 684 3488 ocimu
705 3439 784 3488 meo.
828 3419 914 3486 Mire
933 3418 1091 3502 implicita
1141 3420 1280 3505 singulis
1309 3420 1490 3489 actionibus
1517 3421 1676 3505 aspiritu
1707 3429 1820 3488 sancto
1846 3431 2020 3508 regantur,
2052 3425 2110 3492 sed

112 3510 177 3576 tuit
201 3510 308 3578 sancti
330 3509 392 3576 viri
412 3508 510 3575 fides:
541 3527 618 3576 cum
639 3506 742 3573 stulto
763 3513 872 3572 tamen
894 3515 927 3572 et
947 3505 1088 3574 inconsi-
1141 3507 1293 3592 exiguam
1326 3505 1431 3574 luoem
1463 3527 1546 3590 quae
1578 3507 1665 3574 viam
1697 3505 1762 3573 illis
1795 3519 1971 3589 monstrat,
2009 3511 2109 3578 variis

111 3595 235 3696 dorato
262 3596 370 3664 caruis
398 3593 533 3674 affectu,
561 3589 714 3694 generale
735 3593 769 3657 iu
791 3592 861 3692 eius
882 3591 991 3691 animo
1012 3589 1090 3658 fidei
1140 3591 1345 3678 ignorantiae
1366 3600 1398 3658 et
1420 3612 1567 3659 errorum
1590 3591 1716 3694 nebulis
1738 3612 1811 3660 esse
1831 3593 2039 3695 implicitam:
2073 3611 2110 3662 ut

109 3702 360 3834 ffiddduduv
388 3676 1091 3862 ebilibdffllidiiitdidib
1140 3682 2109 3851 ddduffidffuffitffiffiddrddswffifflqddld

108 3853 300 3938 consignat.
343 3850 480 3917 Interim
508 3870 622 3918 caecus
649 3855 778 3933 raprtur
797 3849 832 3914 in
857 3868 1002 3914 amorem
1022 3847 1089 3934 pri·
1140 3850 1175 3916 in
1186 3870 1289 3916 uxore
1305 3848 1483 3933 primatum
1501 3846 1644 3914 obtinuit
1661 3850 1821 3934 generalis
1838 3851 1928 3918 fides.
1961 3850 2108 3938 Uterque

108 3939 278 4025 mogeniti
305 3937 380 4004 filii:
414 3945 452 4001 ut
478 3957 554 4002 eum
583 3934 677 4000 alteri
705 3935 884 4018 praeferat,
918 3942 1015 4018 atque
1043 3934 1090 4000 ita
1140 3957 1217 4002 vero
1239 3933 1430 4020 particulari
1451 3935 1636 4020 ignorantia
1658 3943 1691 4000 et
1711 3936 1784 4001 aliis
1804 3936 1910 4016 vitiis,
1937 3937 2108 4005 sclavia

107 4045 189 4092 oum
215 4023 348 4090 oraculo
370 4022 432 4088 Dei
453 4021 604 4088 luctetur.
645 4020 761 4103 Neque
782 4020 869 4086 euim
891 4040 966 4086 eum
987 4019 1089 4086 latere
1139 4021 1308 4190 &aulolum
1342 4019 1489 4102 deflexit,
1522 4019 1574 4086 vol
1602 4028 1690 4087 certe
1719 4021 1854 4104 impegit
1883 4022 1917 4086 in
1946 4022 2016 4106 ipsa
2043 4026 2105 4092 via.

152 4111 225 4178 tuit
237 4109 314 4194 qnid
326 4106 672 4193 pronunciassatDeus
683 4113 857 4190 antequam
867 4113 1088 4172 cuderentur.
1173 4105 1235 4174 uod
1263 4115 1373 4173 autem
1403 4105 1616 4172 nihilomiuus
1644 4107 1738 4170 firma
1767 4107 1858 4172 stetit
1884 4107 1947 4172 Dei
1976 4107 2106 4176 electio:

137 4197 150 4262 i
174 4195 255 4280 quis
275 4215 351 4261 enm
373 4201 514 4274 excuset,
536 4191 621 4277 quod
641 4190 730 4257 nullo
743 4191 808 4258 Dei
828 4201 1001 4290 praecepto
1021 4190 1088 4258 ius·
1138 4192 1205 4259 imo
1227 4191 1314 4276 quod
1335 4212 1394 4276 por
1414 4190 1606 4258 muliebrem
1635 4191 1795 4257 fallaciam
1818 4190 1988 4258 consilium
2010 4217 2106 4262 suum

107 4303 169 4350 sus
192 4281 298 4348 fuerit
318 4279 477 4345 minorem
504 4277 682 4363 praeferre,
716 4278 807 4360 atqui
827 4289 874 4342 rta
895 4285 1088 4344 consuetum
1139 4299 1199 4345 exs
1241 4277 1342 4355 uitur,
1365 4276 1427 4345 boo
1448 4275 1542 4343 modo
1564 4277 1728 4361 gratuitae
1749 4297 1828 4343 suae
1849 4278 1984 4344 bonitati
2003 4289 2106 4347 totam

105 4377 247 4434 mutare
269 4374 406 4432 naturas
428 4362 592 4443 ordinem,
616 4361 710 4430 facile
730 4361 793 4430 boc
813 4361 989 4429 refellitur:
1011 4361 1089 4447 quia
1138 4299 1372 4430 bauddiotiouis
1393 4361 1520 4429 laudem
1544 4360 1703 4428 vendicat.

105 4474 220 4536 quum
250 4452 348 4520 sciret
376 4449 582 4534 repudiatum
604 4469 674 4516 esse
695 4448 965 4533 primogenitum,
991 4447 1027 4514 in
1049 4467 1088 4514 so
1225 4448 1275 4514 11.
1298 4447 1342 4512 Et
1369 4447 1453 4514 dett
1476 4446 1611 4514 Iobooob
1639 4447 1682 4512 ud
1703 4445 1845 4514 Rideam.
1890 4445 1985 4529 Quod
2006 4448 2105 4517 Iacob

103 4537 261 4606 amando
292 4535 390 4602 nimis
422 4534 574 4619 pertinax
606 4534 712 4600 luerit.
766 4531 895 4600 Deinde
927 4533 1014 4617 quod
1046 4533 1087 4601 ab
1138 4555 1206 4600 non
1226 4541 1343 4617 sponte
1364 4553 1399 4598 sa
1426 4536 1510 4615 patri
1539 4534 1648 4613 offert,
1677 4533 1757 4616 quin
1784 4533 1892 4617 potius
1917 4535 2035 4600 metuit
2063 4557 2104 4604 ne

104 4645 220 4692 uxore
239 4621 357 4690 certior
376 4621 481 4688 factus
502 4618 650 4688 coelestis
672 4619 826 4703 responsi,
848 4617 888 4685 de
906 4640 965 4686 suo
981 4619 1087 4686 officio
1139 4619 1178 4686 de
1202 4619 1341 4684 rehensa
1361 4617 1542 4703 impostura
1563 4617 1821 4684 maledictionem
1845 4631 2004 4702 reportet,
2027 4620 2105 4688 fidei

102 4710 285 4797 inquirere
324 4706 486 4792 neglexit,
524 4705 660 4772 minime
699 4704 893 4772 excusabilis
923 4703 986 4770 tuit
1018 4705 1088 4772 eius
1138 4728 1160 4771 v
1195 4704 1235 4772 de
1262 4704 1462 4771 contrarium
1483 4713 1541 4770 est.
1585 4703 1671 4769 Nam
1700 4724 1801 4787 quum
1824 4703 1915 4770 docet
1938 4707 2106 4789 apostolus

100 4795 262 4881 ignavia.
305 4792 419 4876 Neque
441 4793 530 4858 enim
550 4811 628 4858 suae
657 4789 835 4858 vocationis
860 4811 994 4875 prorsus
1016 4796 1088 4856 erat
1137 4789 1247 4878 (Rom.
1271 4789 1321 4871 14,
1342 4787 1399 4876 23)
1426 4798 1595 4872 peccatum
1617 4809 1689 4855 esse
1715 4787 1870 4872 quidquid
1891 4811 1932 4855 ex
1954 4790 2018 4857 fide
2040 4813 2106 4859 nou

101 4881 265 4950 nescius:
297 4899 474 4963 perversus
502 4898 579 4962 ergo
605 4876 665 4943 filii
694 4897 801 4954 amor,
834 4874 992 4960 quaedam
1021 4875 1087 4942 fuit
1137 4889 1195 4958 est,
1216 4875 1257 4943 ad
1279 4875 1363 4941 hano
1382 4872 1589 4940 sobrietatem
1610 4873 1753 4940 instituit
1771 4874 1855 4941 filios
1873 4873 1945 4954 Dei,
1969 4879 2106 4962 nequid

99 4964 283 5036 caecitatis
305 4964 443 5048 species,
465 4983 548 5047 quae
568 4961 617 5028 illi
638 4962 743 5047 magis
763 4959 890 5028 obstitit
910 4981 1006 5045 quam
1029 4982 1086 5027 ex·
1138 4960 1237 5029 dubia
1258 4970 1292 5026 ot
1317 4959 1472 5044 perplexa
1498 4959 1697 5026 conscientia
1761 4959 1854 5045 gredi
1879 4960 1940 5026 sibi
1970 4965 2104 5046 permit

100 5065 212 5120 terna
235 5049 403 5121 oculorum
424 5049 538 5134 caligo.
573 5047 646 5116 Ηοο
666 5056 777 5114 tamen
798 5046 917 5113 vitium
937 5047 1087 5131 quamvis
1137 5055 1219 5113 tant
1262 5044 1355 5114 Haeo
1376 5043 1535 5112 certitudo
1555 5045 1652 5112 unica
1669 5054 1719 5111 est
1781 5066 1821 5111 ne
1841 5045 1958 5130 ageuffl
1980 5049 2105 5134 regula,

100 5135 373 5224 reprehensione
410 5134 548 5222 dignum
582 5135 640 5212 sit,
678 5131 889 5200 benedicendi
916 5132 987 5198 iure
1019 5153 1087 5198 non
1137 5153 1239 5218 quum
1261 5131 1325 5197 Dei
1345 5129 1499 5196 mandato
1519 5130 1612 5208 freti,
1641 5127 1804 5214 intrepide
1832 5132 1998 5216 pergimus
2026 5155 2106 5218 quo·

99 5223 267 5310 privavit
287 5228 436 5288 sanctum
458 5222 577 5300 virum,
599 5219 681 5304 quin
698 5217 796 5284 atilli
817 5219 909 5285 salva
931 5219 1087 5284 autoritas
1137 5238 1265 5302 cunque
1290 5217 1362 5301 ipso
1392 5223 1493 5284 vocat.
1537 5215 1634 5283 Iacob
1664 5237 1742 5301 ergo
1774 5237 1883 5284 secum
1910 5216 2106 5304 disceptans,

98 5315 283 5386 maneret,
322 5315 354 5373 et
386 5309 437 5374 vis
476 5315 575 5391 atque
613 5304 756 5374 efficacia
793 5305 863 5370 eius
901 5303 1086 5371 testimonio
1137 5326 1173 5372 se
1195 5302 1258 5371 lide
1280 5301 1413 5370 destitui
1436 5301 1592 5369 ostendit:
1616 5309 1757 5368 atcerte
1778 5323 1962 5387 quanquam
1984 5326 2108 5374 canon

1846 5400 1899 5456 at·
