4988 6192
376 380 446 446 499
1042 373 1413 443 COMMENTARIUS
1435 374 1485 440 IN
1509 372 1722 440 GENESIN.
2319 373 2377 438 500

385 567 490 630 atroci
524 563 651 630 subiicit
678 561 779 628 Iudas
810 582 929 627 nurum
963 583 1071 640 suam,
1105 561 1178 626 ideo
1207 563 1247 627 fit
1274 560 1360 645 quod
1498 563 1550 628 26.
1573 561 1617 627 Et
1745 561 1769 626 it
1791 560 1942 628 Isdradela.
1987 561 2068 626 Tam
2093 560 2239 645 ingenua
2265 580 2377 643 expro-

385 651 538 718 adulterii
561 671 649 714 ream
673 657 758 732 agat.
803 646 997 713 Numidam
1021 659 1099 713 tunc
1124 647 1361 713 consuetudine
1411 648 1517 714 bratio
1535 671 1576 714 ex
1594 581 1758 712 mmo
1776 647 1892 712 ardore
1909 647 2054 730 prolecta
2071 655 2129 712 cst.
2162 647 2278 730 Neque
2297 647 2379 712 enim

382 738 527 821 riguisse
549 736 637 800 inter
659 734 809 799 homines
831 743 966 816 apparet
988 733 1074 816 quod
1085 734 1248 800 Dominus
1270 740 1359 816 post·
1411 734 1495 817 petit
1522 733 1625 800 soceri
1656 731 1869 816 colloquium,
1901 740 1939 798 ut
1971 733 2041 798 eius
2069 733 2214 798 animum
2247 734 2379 816 mitiget,

383 844 422 890 ea
447 821 519 905 lege
544 842 604 886 sua
627 821 776 900 sancivit,
795 827 833 884 ut
852 821 963 885 statim
993 819 1234 902 asponsalibus
1252 817 1361 902 puella
1412 820 1468 886 sed
1492 819 1669 886 deliberato
1689 819 1805 884 mortis
1827 829 2014 902 contemptu
2036 819 2076 884 ad
2099 819 2287 884 societatem
2311 839 2380 882 eum

383 909 503 976 marito
526 906 713 972 obstrictam
735 905 871 972 haberet
888 904 995 970 fidem.
1033 905 1197 988 Nupserat
1215 905 1361 970 Thamar
1413 907 1558 972 accersit.
1602 903 1698 986 Quod
1721 913 1831 970 autem
1857 905 1969 970 statim
1999 905 2147 988 agnoscit
2166 904 2284 983 ludas,
2313 925 2380 986 pro-

383 995 420 1060 in
443 992 600 1058 familiam
621 991 740 1058 Iudae:
776 991 872 1057 tertio
899 991 966 1056 filio
988 998 1067 1056 tuno
1097 987 1359 1074 desponsa'erat.
1412 992 1507 1057 bitati
1530 990 1740 1058 tribuendum
1761 998 1820 1057 ert.
1861 990 2021 1056 Videmus
2043 991 2132 1056 enim
2153 1011 2250 1073 quam
2272 989 2380 1055 multis
2477 995 2478 1078 ζ

383 1081 459 1145 Νοιι
482 1087 617 1145 vocatur
637 1079 748 1162 itaque
766 1077 801 1142 in
823 1077 980 1142 iudicium
1003 1077 1141 1160 simplex
1160 1087 1193 1141 et
1216 1076 1361 1160 vulgaris
1412 1077 1551 1144 fallaciis
1579 1077 1731 1161 obtegere
1758 1097 1818 1142 sua
1845 1085 1978 1160 peccata
2005 1096 2119 1142 omnes
2147 1075 2215 1142 lere
2248 1075 2381 1154 soleant,

384 1165 554 1246 scortatio,
584 1163 642 1230 sed
664 1163 814 1229 adulterii
837 1164 978 1240 crimen,
1008 1162 1093 1246 quod
1116 1164 1186 1228 iure
1206 1183 1265 1227 suo
1287 1183 1360 1245 per·
1412 1163 1515 1229 donec
1544 1163 1578 1228 in
1613 1163 1719 1229 lucem
1751 1171 1931 1246 protractos
1962 1162 2067 1228 omnis
2099 1159 2263 1228 infitiandi
2303 1163 2381 1226 ratio

385 1251 535 1335 sequitur
563 1250 678 1330 ludas,
709 1250 785 1333 quia
814 1249 847 1313 in
876 1248 935 1312 filii
968 1269 1106 1332 persona
1138 1248 1247 1314 laesus
1281 1256 1360 1312 erat.
1412 1247 1531 1316 deficit.
1562 1249 1628 1314 Hic
1650 1268 1836 1332 quanquam
1857 1268 1953 1314 nemo
1975 1247 2067 1313 adest
2084 1249 2139 1331 qui
2158 1247 2191 1314 vi
2209 1253 2267 1313 aut
2289 1247 2382 1312 minis

382 1339 487 1403 Porro
509 1336 661 1420 supplicii
682 1356 803 1419 genus,
826 1346 1026 1418 quantopere
1048 1334 1186 1401 saeculis
1208 1333 1361 1398 omnibus
1413 1343 1605 1418 extorqueat
1633 1335 1886 1413 confessionem,
1918 1343 2033 1418 sponte
2053 1333 2094 1398 ad
2117 1354 2190 1399 eam
2220 1331 2383 1398 descendit

384 1421 587 1506 displicuerit
616 1420 828 1498 adulterium,
862 1418 1055 1486 documento
1089 1429 1148 1486 est.
1204 1418 1361 1502 Lapidari
1412 1420 1529 1499 Iudas,
1571 1430 1604 1486 et
1636 1421 1793 1485 maiorem
1827 1421 1940 1504 culpae
1972 1427 2100 1503 partem
2129 1420 2165 1483 in
2194 1439 2228 1484 se
2261 1418 2381 1501 recipit.
2478 1441 2479 1472 ι

381 1508 549 1574 adulteros
566 1506 621 1573 lex
633 1508 697 1572 Dei
715 1505 804 1572 iubet
821 1504 916 1592 (Lar.
940 1506 992 1586 20,
1017 1506 1066 1571 10.
1098 1506 1195 1572 Deut.
1219 1505 1272 1583 22,
1294 1503 1359 1590 22).
1413 1506 1509 1588 Quod
1542 1513 1652 1572 tamen
1683 1512 1853 1589 peccatum
1881 1527 1977 1572 suum
2007 1506 2174 1570 confessus
2213 1503 2253 1570 de
2284 1525 2384 1588 poena

383 1597 569 1677 Antequam
604 1593 725 1676 scripto
758 1593 883 1658 sancita
915 1601 1002 1658 esset
1034 1613 1153 1675 poena,
1194 1590 1360 1657 communi
1414 1599 1517 1672 tacet,
1548 1592 1626 1658 hino
1648 1592 1850 1676 colligimus,
1872 1592 1928 1675 qui
1951 1589 2076 1657 duriter
2098 1591 2170 1656 aliis
2192 1598 2382 1657 succensent

386 1681 533 1746 omnium
556 1699 717 1745 consensu
740 1677 889 1744 adultera
909 1677 1027 1743 mulier
1050 1677 1090 1742 ad
1113 1678 1223 1762 ignem
1247 1684 1362 1742 vocata
1413 1679 1455 1744 ad
1484 1678 1625 1744 dandam
1654 1677 1718 1744 sibi
1746 1678 1876 1744 veniam
1899 1699 1969 1744 esse
1999 1677 2192 1760 plusquam
2214 1675 2381 1742 flexibiles.

385 1767 458 1831 suit.
502 1765 576 1830 Hoc
598 1764 709 1830 divino
729 1765 887 1829 instinctu
909 1763 1033 1828 factum
1056 1784 1127 1829 esse
1149 1770 1293 1841 constat,
1326 1769 1361 1825 ut
1412 1764 1454 1829 In
1476 1763 1538 1830 hoc
1560 1785 1637 1848 ergo
1658 1763 1752 1829 nobis
1781 1761 1960 1828 imitandus
1982 1771 2047 1843 est,
2075 1771 2112 1828 ut
2133 1764 2205 1827 sinc
2231 1764 2382 1829 carnifice

385 1858 504 1917 natura
545 1849 624 1916 duce
662 1858 695 1915 et
727 1850 900 1935 magistra,
940 1850 1033 1932 quasi
1066 1849 1170 1914 firmis
1207 1845 1361 1914 custodiis
1412 1860 1447 1915 et
1468 1850 1605 1933 equuleo
1626 1856 1755 1916 tantum
1778 1849 1886 1916 valeat
1906 1847 1993 1932 apud
2016 1868 2075 1914 nos
2094 1849 2225 1927 veritas,
2246 1869 2292 1913 ne
2316 1869 2382 1931 pec

384 1937 515 2002 mnnita
537 1943 623 2002 esset
644 1935 789 2020 coniugii
818 1935 983 2001 sanctitas.
1029 1933 1226 2016 Quanquam
1252 1940 1361 1998 autem
1413 1942 1486 2002 cata
1508 1943 1628 2014 nostra,
1651 1955 1789 2018 quorum
1808 1933 1902 2000 Deus
1920 1955 1980 2000 nos
2004 1932 2166 2013 admonet,
2189 1953 2301 2000 coram
2322 1942 2382 1998 toto

383 2023 438 2090 vir
468 2043 536 2087 non
567 2029 618 2087 est
648 2022 798 2087 dominus
825 2021 968 2104 corporis
995 2021 1063 2100 sui,
1092 2019 1149 2085 sed
1176 2028 1291 2084 mutua
1310 2027 1362 2084 est
1413 2021 1536 2087 mundo
1564 2022 1660 2086 fateri
1689 2020 1820 2104 pudeat.
1866 2019 1933 2087 Sed
1961 2021 1993 2085 fu
2021 2018 2116 2086 'enda
2138 2027 2188 2086 est
2208 2020 2275 2086 ista
2297 2021 2381 2088 inae-
2479 2021 2480 2072 l

384 2109 504 2174 interi
529 2129 602 2173 sum
624 2117 657 2172 et
678 2127 815 2172 uxorem
838 2106 1008 2191 obligatio,
1030 2126 1152 2190 poenae
1174 2113 1285 2171 tamen
1308 2124 1360 2169 ca·
1413 2107 1570 2190 qualitas,
1593 2128 1635 2173 ne
1654 2106 1690 2171 in
1711 2106 1793 2173 alios
1812 2106 1928 2190 rigidi,
1958 2125 2001 2171 no
2024 2107 2053 2172 is
2075 2106 2255 2172 clementer
2275 2127 2383 2188 parca

383 2195 461 2279 pitis
490 2129 622 2259 olnoxii
650 2212 715 2258 non
747 2193 881 2258 fuerunt
910 2193 1038 2270 mariti,
1067 2193 1094 2257 si
1116 2212 1191 2258 cum
1213 2189 1361 2273 innuptis
1413 2215 1495 2259 mus.
1551 2193 1643 2258 Haec
1675 2193 1772 2258 etiam
1805 2191 1943 2258 historia
1976 2191 2069 2258 tastis
2100 2199 2151 2258 est
2186 2201 2383 2275 quantopere

384 2279 578 2346 mulieribus
608 2279 741 2345 scor-tati
771 2286 896 2344 essent:
926 2279 1004 2361 quia
1033 2299 1097 2343 non
1127 2277 1231 2343 solam
1253 2277 1360 2358 impu·
1413 2279 1544 2345 intersit
1565 2277 1729 2344 neminem
1752 2276 1918 2356 damnari,
1941 2278 2004 2343 nisi
2025 2277 2117 2361 prius
2137 2277 2301 2346 auditum:
2323 2299 2383 2342 non

385 2365 530 2432 dicitiam
552 2365 667 2431 ulcisci
695 2366 897 2448 propositum
920 2364 997 2440 fuit,
1028 2363 1084 2429 sed
1113 2362 1253 2430 dedecus
1275 2358 1360 2445 quod
1414 2365 1519 2430 solum
1548 2365 1624 2448 quia
1652 2364 1756 2430 satius
1783 2371 1834 2430 est
1860 2363 1984 2430 absolvi
2012 2371 2183 2440 nocentes,
2214 2382 2314 2446 quam
2340 2364 2383 2427 iu-

384 2453 503 2518 merito
524 2452 649 2535 irrogat
667 2451 793 2528 mulier,
816 2447 933 2515 deinde
955 2449 1111 2515 furtivam
1134 2449 1268 2514 seminis
1286 2468 1359 2530 per·
1413 2458 1540 2516 sontem
1564 2450 1749 2534 quempiam
1771 2450 1892 2532 perire,
1924 2449 1981 2515 sed
2011 2450 2111 2515 etiam
2138 2449 2214 2532 quia
2242 2448 2383 2514 defensio

383 2538 585 2604 mixtionem.
624 2535 712 2618 Quid
736 2537 822 2602 anim
846 2535 985 2619 amplius
1007 2537 1040 2600 in
1063 2535 1235 2600 hominum
1258 2534 1359 2599 socie·
1412 2535 1516 2602 multa
1533 2535 1568 2600 in
1586 2534 1730 2601 medium
1752 2536 1875 2618 profert
1893 2555 1976 2619 quae
1993 2535 2103 2602 iudicii
2126 2535 2264 2601 formam
2283 2536 2382 2599 inter-

383 2631 453 2690 tate
474 2623 599 2689 salvum
623 2622 776 2701 manebit,
802 2622 829 2687 si
851 2622 947 2687 liceat
969 2622 1072 2687 foetus
1094 2620 1217 2686 alienos
1239 2640 1359 2703 suppo-
1413 2621 1491 2688 dum
1510 2629 1638 2687 mutare
1658 2631 1789 2706 cogunt.

384 2709 487 2775 nere?
527 2709 629 2773 fumi
662 2728 781 2773 nomen
814 2707 898 2790 quod
933 2706 1053 2790 spuriis
1092 2705 1278 2772 tribuatur?
1319 2702 1361 2769 ad
1499 2707 1619 2774 Iustior
1642 2727 1690 2772 me
1710 2711 1763 2772 esc.
1807 2707 1994 2790 Impropria
2015 2714 2066 2772 est
2091 2706 2252 2790 loquutio:
2282 2727 2384 2789 neque

384 2795 514 2861 eosdem
533 2793 713 2860 manslerre
730 2802 876 2877 ereptam
895 2792 1050 2876 legitimis
1072 2790 1266 2858 haeredibus
1284 2791 1360 2858 sub·
1412 2793 1502 2859 enim
1530 2793 1721 2876 simpliciter
1750 2793 1867 2877 probat
1888 2793 2008 2859 factum
2032 2791 2192 2860 Thamar:
2221 2791 2279 2860 sed
2301 2812 2384 2858 corn-

358 2926 361 2931 s
384 2879 565 2948 stantiam?
589 2880 666 2947 Non
687 2880 807 2944 mirum
825 2879 937 2964 igitur,
960 2877 1047 2962 quod
1066 2887 1133 2944 mm
1152 2897 1265 2944 severe
1283 2876 1360 2941 olim
1412 2879 1561 2962 parative
1590 2879 1749 2962 loquitur,
1775 2899 1813 2945 ac
1835 2879 1863 2944 si
1891 2877 2015 2945 diceret
2035 2898 2072 2946 se
2101 2879 2224 2944 iniuste
2253 2885 2287 2944 et
2319 2878 2386 2943 sine

384 2974 509 3034 asserta
530 2965 595 3031 tuit
616 2965 758 3050 coniugii
775 2964 856 3030 fides
872 2963 935 3032 hac
951 2965 985 3029 in
1005 2972 1107 3048 parte.
1141 2962 1217 3045 Quo
1238 2961 1361 3028 foedior
1413 2985 1511 3030 causa
1532 2965 1654 3030 iratum
1683 2965 1783 3030 fuisse
1805 2964 1951 3042 mulieri,
1974 2983 1994 3029 a
2016 2985 2081 3048 qua
2102 2964 2211 3047 potius
2233 2983 2386 3031 accnsan

383 3051 482 3122 hodia
499 3053 674 3135 minusque
692 3050 887 3117 excusabilis
904 3061 954 3118 est
971 3058 1085 3116 nostra
1101 3048 1256 3129 socordia,
1277 3068 1360 3132 quae
1413 3050 1474 3116 dus
1496 3051 1611 3117 iuemt.
1647 3050 1752 3116 Porro
1770 3071 1811 3116 ex
1829 3071 1981 3118 successu
2003 3059 2138 3134 apparet
2156 3069 2255 3134 quam
2275 3050 2386 3134 segni·
2481 3095 2482 3126 ,

386 3138 550 3206 adulteria
582 3137 779 3220 impunitate
807 3137 905 3203 fovet.
957 3137 1082 3201 Durior
1110 3135 1234 3203 scilicet
1263 3154 1360 3217 quam
1413 3145 1464 3202 ter
1486 3157 1520 3202 se
1542 3135 1684 3202 mundus
1711 3144 1804 3220 geret
1825 3136 1863 3202 in
1890 3136 2052 3222 exigenda
2083 3137 2244 3204 scelerum
2272 3156 2385 3218 poena,

385 3244 446 3310 pro
469 3223 579 3290 delicti
601 3223 706 3303 modo,
728 3223 861 3289 videtur
881 3242 987 3307 poena
1009 3221 1133 3306 capitis.
1169 3221 1239 3287 Our
1260 3221 1362 3305 igitur
1413 3223 1470 3289 ubi
1502 3243 1598 3289 namo
1630 3221 1754 3287 insistit
1786 3223 1936 3305 privatus
1969 3222 2090 3289 vindex
2121 3242 2202 3288 suae
2233 3221 2386 3288 offensae.

385 3311 511 3376 leviora
544 3309 662 3375 delicta
694 3309 810 3374 maiori
842 3308 950 3393 rigore
983 3306 1181 3391 plectimus?
1216 3306 1360 3372 Satanae
1412 3309 1519 3374 Abox
1539 3317 1572 3374 et
1590 3307 1767 3374 nefandum
1783 3308 1910 3374 facinus
1928 3307 2107 3376 admissum
2124 3314 2210 3373 erat:
2232 3307 2387 3392 quamdiu

372 3396 530 3480 prolecto
561 3395 744 3478 praestigiis
776 3394 953 3460 fascinatus
989 3392 1131 3460 mundus
1162 3392 1241 3470 tuit,
1282 3391 1360 3456 dum
1412 3413 1448 3461 se
1465 3395 1591 3460 laesum
1608 3393 1737 3476 putavit
1754 3393 1862 3474 Iudas,
1885 3394 2003 3460 aonter
2020 3395 2154 3460 institit:
2176 3402 2293 3477 aperta
2312 3412 2387 3476 ergo

386 3482 494 3567 legem
517 3479 712 3548 naturaliter
731 3478 882 3546 omnibus
903 3479 1038 3546 insitam
1060 3499 1176 3565 passus
1198 3485 1248 3544 est
1269 3478 1360 3545 obso·
1412 3480 1512 3546 ianua
1533 3480 1596 3546 init
1617 3478 1746 3546 iudicio.
1782 3479 1881 3546 Nunc
1901 3479 1958 3546 ubi
1979 3481 2139 3546 accusatio
2162 3489 2277 3558 cessat,
2304 3487 2389 3545 utar·

385 3569 520 3634 lescere.
558 3567 690 3632 Interea
711 3573 779 3632 tam
801 3586 929 3633 crassae
950 3567 1103 3632 vesaniae
1121 3565 1287 3649 quaesitus
1309 3569 1362 3628 est
1413 3587 1477 3649 que
1504 3564 1659 3632 elabitur:
1693 3566 1784 3649 atqui
1810 3565 1962 3632 certatim
1988 3585 2102 3632 omnes
2124 3565 2259 3633 decebat
2279 3567 2388 3632 insur-

386 3655 487 3721 eolor:
510 3654 586 3737 quia
604 3651 758 3718 Christus
776 3652 958 3718 adulteram
983 3651 1178 3718 incolumem
1201 3649 1362 3716 dimiserit
1412 3671 1506 3736 gere:
1530 3650 1585 3717 sed
1607 3671 1731 3717 novum
1753 3671 1821 3716 non
1842 3659 1902 3730 ast,
1924 3672 2094 3718 commune
2116 3652 2259 3756 officium
2280 3671 2305 3716 a
2326 3651 2388 3716 sin·

387 3737 659 3826 (loann.8,11).
704 3737 808 3819 Quasi
831 3758 908 3804 vero
936 3758 1057 3821 poenas
1079 3736 1226 3824 exegerit
1249 3735 1288 3801 de
1309 3733 1361 3800 fu·
1413 3738 1499 3822 gulis
1522 3736 1653 3823 negligi.
1698 3735 1872 3822 Significat
1900 3745 2009 3803 tamen
2031 3738 2141 3804 Moses
2168 3737 2254 3804 seria
2274 3737 2387 3820 poeni·

387 3825 487 3903 ribus,
510 3825 698 3901 homicidis,
723 3823 876 3904 falsariis,
898 3833 954 3889 aut
975 3823 1138 3890 veneficis.
1183 3823 1361 3904 Per-peram
1414 3823 1520 3890 tentia
1541 3829 1666 3889 tactum
1683 3823 1784 3888 fuisse
1801 3821 1928 3902 Iudam,
1951 3823 2006 3906 qui
2023 3844 2144 3890 nurum
2162 3844 2258 3889 snam
2275 3830 2389 3907 postca

386 3912 550 3998 igiturex
569 3909 696 3976 Christi
718 3910 803 3975 iacto
825 3909 949 3993 petitur
969 3909 1093 3994 regula,
1114 3908 1171 3993 qui
1193 3909 1233 3972 ab
1256 3907 1362 3973 officio
1414 3931 1480 3976 non
1512 3909 1631 3993 attigit.
1677 3907 1846 3992 Simulque
1874 3909 2046 3975 confirmat
2073 3908 2160 3993 quod
2189 3911 2280 3992 prius
2312 3907 2388 3986 dixi,

387 3997 509 4064 terreni
532 3995 649 4061 iudicis
671 3995 817 4061 consulto
839 3995 1006 4062 abstinuit.
1043 3993 1223 4075 Quaeritur
1240 4002 1361 4070 umen,
1414 4005 1533 4062 natura
1554 3995 1739 4080 ingenitum
1757 4015 1828 4060 esse
1847 3997 1930 4060 tanti
1947 3995 2060 4080 flagitii
2077 3994 2257 4062 horrorem.
2293 3993 2391 4062 Unda

388 4104 488 4168 quum
509 4083 658 4166 privatus
687 4081 786 4146 luerit
806 4080 925 4157 Iudas,
956 4081 1012 4164 qui
1034 4089 1102 4146 tam
1124 4078 1279 4146 audacter
1299 4077 1362 4144 sibi
1414 4082 1502 4148 enim
1519 4081 1558 4146 fit
1575 4089 1612 4145 ut
1634 4081 1793 4146 abstineat
1811 4101 1831 4146 a
1852 4101 2030 4165 congressu
2052 4081 2208 4160 Thamar,
2231 4081 2298 4150 nisi
2317 4080 2390 4164 quia

386 4171 440 4236 ius
462 4167 563 4252 gladii
583 4175 727 4249 usurpet.
772 4165 844 4232 Imo
866 4187 968 4250 quum
989 4166 1171 4250 inquilinus
1191 4165 1252 4248 sit,
1274 4164 1362 4230 unde
1414 4166 1607 4235 naturaliter
1634 4165 1774 4246 iudicat,
1806 4166 1896 4232 nefas
1923 4187 1994 4232 esse
2021 4187 2169 4234 socerum
2199 4188 2275 4236 cum
2305 4187 2391 4232 nuru

386 4255 437 4320 illi
470 4261 563 4319 tanta
594 4252 745 4330 libertas,
779 4261 816 4318 ut
848 4252 970 4319 arbiter
998 4252 1043 4319 sit
1070 4251 1160 4320 ritae
1189 4259 1222 4316 et
1249 4250 1362 4318 necis?
1413 4275 1475 4322 sua
1513 4250 1692 4336 congredi?
1726 4251 1800 4317 Hoc
1833 4253 1938 4336 turpis
1971 4259 2006 4317 et
2043 4251 2173 4318 honesti
2213 4252 2391 4318 discrimen

387 4338 599 4423 Respondao,
627 4359 694 4404 non
716 4339 762 4404 ita
783 4337 900 4405 debere
921 4339 1023 4422 accipi
1045 4338 1162 4418 verbe,
1190 4339 1283 4420 quasi
1303 4357 1363 4421 pro
1414 4337 1501 4424 qnod
1530 4347 1647 4404 natura
1674 4336 1790 4416 dicut,
1819 4338 2005 4422 quicunque
2032 4345 2164 4405 tenmnt
2193 4339 2392 4416 convellere,

390 4425 528 4509 imperio
552 4424 663 4492 iubeat
689 4445 811 4490 nurum
834 4445 928 4491 suam
949 4425 991 4491 ad
1021 4431 1160 4490 mortem
1181 4423 1269 4505 rapi:
1310 4423 1361 4489 vel
1414 4426 1486 4490 Deo
1507 4423 1616 4506 palam
1638 4423 1809 4508 gigantum
1831 4445 1921 4490 more
1942 4423 2064 4491 bellum
2087 4424 2244 4490 inferunt

389 4512 482 4598 quasi
505 4519 634 4595 praesto
654 4512 721 4576 siut
743 4510 784 4575 ad
806 4512 877 4577 eius
899 4519 1017 4576 nutum
1039 4509 1183 4576 lictores:
1207 4509 1265 4574 sed
1287 4508 1363 4592 quia
1500 4510 1552 4576 27.
1574 4509 1654 4575 Ecca
1669 4511 1787 4594 canini
1813 4514 1903 4576 aaut
1930 4510 1966 4576 iu
1997 4515 2093 4576 utera
2137 4509 2341 4595 Quanquam
2362 4517 2393 4576 et

388 4597 631 4681 deprehensum
649 4604 720 4662 erat
742 4597 875 4675 crimen,
895 4617 934 4663 ac
951 4595 1127 4681 cognitum,
1150 4594 1251 4662 libere
1268 4614 1362 4661 accu-
1414 4595 1514 4661 Iudas
1536 4595 1656 4662 erroris
1677 4595 1738 4676 sui,
1764 4603 1797 4661 et
1819 4595 1964 4661 Thamar
1984 4595 2029 4660 im
2053 4595 2150 4662 robae
2173 4597 2393 4664 machinatio·

389 4693 481 4752 sator
501 4681 542 4749 de
570 4703 673 4767 poena
701 4683 910 4767 pronunciet:
942 4702 979 4747 ac
1001 4683 1028 4748 si
1050 4682 1117 4747 iam
1146 4678 1214 4745 lata
1236 4689 1321 4747 esset
1344 4703 1363 4746 a
1414 4683 1468 4748 nis
1480 4683 1610 4748 veniam
1622 4681 1772 4761 obtinuit,
1790 4681 1896 4748 voluit
1906 4690 2016 4748 tamen
2062 4682 2393 4749 ominusmoustrnm

387 4768 550 4836 iudicibus
570 4771 742 4834 sententia.
778 4766 939 4852 Equidem
960 4788 1026 4833 non
1049 4765 1160 4834 dubito
1181 4774 1363 4832 conventus
1414 4769 1448 4833 in
1471 4767 1541 4850 ipso
1563 4775 1661 4852 partu
1688 4766 1730 4832 ad
1758 4767 1845 4851 ipsos
1873 4765 2094 4834 humiliandos
2120 4767 2228 4834 edere.
2272 4767 2395 4834 Simile

388 4863 471 4924 tuno
488 4853 601 4921 haberi
618 4854 729 4920 solitos
746 4854 781 4919 in
798 4855 916 4938 quibus
932 4855 1051 4920 fiarent
1070 4852 1203 4919 iudicia:
1226 4852 1363 4936 ideoque
1414 4852 1569 4938 quiddam
1600 4853 1691 4936 prius
1729 4852 1890 4920 accideret
1920 4854 1957 4919 in
1990 4852 2088 4920 Iacob
2120 4859 2153 4918 et
2184 4853 2293 4934 Esau,
2338 4853 2394 4920 sed

389 4939 582 5024 simpliciter
601 4939 808 5023 interpretor,
830 4939 947 5005 Iudam
969 4939 1141 5006 mandasse
1162 4937 1308 5003 Thamar
1329 4939 1364 5003 in
1415 4940 1541 5005 ratione
1580 4937 1723 5006 diversa:
1768 4938 2042 5023 quemadmodum
2081 4940 2203 5006 scimus
2242 4939 2396 5025 prodigia

389 5026 559 5112 publicum
581 5025 732 5108 produci,
766 5032 804 5090 ut
831 5047 931 5092 causa
957 5025 1090 5090 demum
1123 5025 1270 5108 cognita,
1303 5045 1363 5108 pro
1415 5047 1504 5092 nuno
1526 5025 1560 5090 in
1581 5023 1699 5090 bonam
1722 5047 1809 5092 nuno
1830 5026 1867 5090 in
1888 5025 2055 5092 sinistram
2084 5032 2214 5109 partem
2244 5026 2394 5092 tendere.

389 5132 482 5178 more
504 5110 708 5194 plecteretur.
753 5109 820 5177 Sed
842 5132 965 5196 poenae
989 5109 1154 5194 expressio
1176 5109 1241 5176 huc
1261 5109 1363 5195 perti-
1416 5109 1483 5178 Hic
1504 5129 1582 5177 vero
1608 5110 1743 5177 minime
1771 5110 1906 5178 dubium
1934 5119 1984 5178 ast
2004 5110 2083 5194 quin
2110 5111 2243 5196 gemelli
2262 5111 2301 5176 in
2326 5113 2396 5196 ipso

390 5205 466 5278 net,
499 5197 592 5282 quasi
618 5198 685 5262 iam
713 5216 780 5262 non
809 5197 853 5263 sit
879 5196 1090 5283 litigandum:
1123 5195 1198 5280 quia
1220 5196 1366 5263 Thamar
1416 5205 1513 5282 partu
1526 5203 1743 5263 notassaoum
1762 5197 1902 5264 afferant
1917 5203 2090 5281 pareutum
2107 5197 2268 5263 infamiae.
2307 5198 2395 5264 Nam

391 5291 569 5367 antequam
592 5283 719 5362 citetur,
740 5303 797 5348 rea
817 5292 949 5367 peracta
970 5284 1021 5350 sit.
1416 5292 1451 5348 ct
1472 5281 1551 5367 ipsis
1573 5281 1654 5348 utile
1676 5283 1738 5352 luit
1766 5284 1918 5349 renovari
1939 5284 1990 5352 sui
2019 5282 2153 5367 pudoris
2183 5285 2397 5351 memoriam:
