5000 6208
359 429 425 496 211
1027 429 1400 510 ,COMMENTARIUS
1421 431 1472 497 IN
1494 429 1709 498 GENESIN.
2306 432 2363 501 212

362 638 432 684 non
454 623 618 696 mereret,
640 622 752 682 tamen
774 623 870 684 extra
893 617 1140 684 tabernaeulum
1163 639 1221 701 per
1242 617 1340 684 visio-
1394 623 1518 696 turam,
1562 617 1616 685 vel
1655 618 1848 701 qualitatem
1886 619 2030 686 iustitiae
2073 619 2174 686 huius
2217 618 2363 686 (Ιὶιιίιιιιι

364 724 441 769 nem
471 701 565 770 edroi
593 703 709 785 potuit.
754 700 933 783 Quaeritur
962 724 1051 770 nune
1071 704 1112 770 de
1133 724 1197 787 quo
1217 704 1342 771 semine
1392 704 1561 784 ostendat,
1601 702 1735 770 dedueit
1766 726 1828 772 nos
1860 705 1901 772 ed
1939 706 2078 774 eoeleste
2111 703 2175 772 Dei
2215 705 2362 774 tribunal.

363 785 577 872 intelligenda
604 789 647 854 sit
679 789 860 872 promissio.
916 790 961 854 Et
993 796 1120 857 eertum
1154 796 1205 856 est
1236 810 1341 872 neque
1391 787 1471 856 Ideo
1499 790 1626 856 insulse
1655 799 1824 874 nugantur
1846 791 1903 875 qui
1925 792 1986 858 hoe
2008 792 2049 857 ad
2078 791 2198 857 lamam
2228 791 2363 874 probita·

362 885 511 960 posteros
528 871 688 953 ismaelis,
707 895 813 958 neque
826 875 917 941 Esau
933 875 968 940 in
987 875 1049 943 hoe
1066 874 1181 942 ordine
1199 877 1340 942 oenseri:
1393 875 1436 940 tis
1458 875 1612 955 trahunt,
1643 877 1736 959 quasi
1758 877 1810 943 vir
1831 877 1939 943 iustus
1961 887 1996 943 et
2022 887 2133 943 reatus
2156 876 2258 942 luerit
2278 876 2363 943 habi·

384 961 440 1027 uia
461 959 642 1043 legitimum
661 980 774 1026 semen
793 982 812 1025 ι
831 961 1045 1044 promissione
1063 970 1224 1040 eensetur,
1243 982 1342 1044 quam
1392 970 1445 1026 tus
1467 961 1601 1027 Abram.
1646 962 1715 1030 Nee
1738 963 1847 1028 minus
1869 963 1985 1029 inseite
2007 973 2135 1029 textum
2157 971 2363 1046 eorrumpunt

362 982 457 1112 bens
478 1044 623 1112 residere
652 1044 754 1111 voluit
780 1047 815 1111 in
837 1045 933 1113 Isaeo
954 1055 988 1112 et
1009 1047 1117 1115 Iaeob.
1161 1048 1214 1112 De
1236 1057 1342 1131 poste
1392 1047 1449 1129 qui
1478 1047 1591 1114 dieunt
1619 1047 1744 1114 Abram
1775 1049 1927 1116 tribuisse
1953 1048 2024 1116 Deo
2054 1049 2193 1134 gloriam
2217 1049 2364 1132 iustitiae,

362 1133 409 1198 ris
431 1143 543 1198 tamen
564 1131 664 1197 Iaaob
685 1130 799 1198 eadem
821 1132 927 1200 oritur
948 1132 1122 1200 dubitatio:
1153 1133 1229 1217 quis
1246 1133 1341 1198 multi
1391 1139 1429 1198 ut
1450 1132 1521 1198 eius
1543 1133 1711 1216 promissis
1735 1143 1805 1200 tuto
1827 1135 2031 1218 aequieseere
2058 1134 2210 1212 auderet,
2240 1134 2364 1200 fidelem

385 1221 420 1284 ui
438 1215 479 1282 ab
496 1237 535 1283 eo
553 1238 657 1302 genus
678 1225 853 1284 traxerunt
874 1217 1056 1286 seeundum
1077 1240 1219 1297 earnem,
1238 1239 1341 1303 quum
1392 1217 1487 1283 illum
1520 1239 1558 1285 ee
1592 1239 1741 1286 veraoem
1775 1239 1971 1305 agnoeeens:
1998 1221 2147 1305 quamvis
2181 1221 2271 1286 enim
2305 1243 2363 1286 non

363 1239 542 1388 degeneres
564 1311 674 1370 essent
695 1311 793 1388 atque
814 1303 914 1370 alieni
935 1326 956 1371 a
977 1304 1042 1371 fide
1060 1313 1204 1389 patrum,
1234 1326 1270 1372 se
1291 1306 1340 1388 ip·
1392 1305 1555 1386 exprimat
1572 1305 1682 1372 Moses
1705 1326 1824 1372 nomen
1843 1308 1916 1386 Dei,
1939 1315 2052 1372 tamen
2074 1307 2196 1373 usitata
2218 1305 2364 1390 loquendi

363 1411 416 1457 sos
448 1387 649 1455 abdiearunt.
694 1389 906 1473 Respondeo,
939 1391 1136 1458 sententiam
1159 1391 1245 1458 hane
1266 1411 1340 1474 pro-
1392 1389 1476 1455 ratio
1496 1391 1530 1455 in
1553 1391 1725 1475 seripturis
1746 1413 1877 1458 omnem
1900 1392 2150 1477 ambiguitatem
2173 1392 2267 1457 tollit.
2304 1393 2363 1457 De·

361 1477 487 1543 misene
519 1472 561 1540 ad
594 1483 698 1541 totum
735 1476 891 1559 populum
930 1477 1077 1554 extendi,
1118 1498 1215 1560 quem
1247 1478 1341 1542 Deus
1393 1475 1491 1558 nique
1513 1496 1580 1540 non
1604 1478 1740 1543 minoris
1768 1480 1911 1562 stuporis
1939 1499 2037 1562 quam
2064 1478 2290 1560 impudentiae
2312 1487 2364 1558 est,

363 1559 426 1627 sibi
448 1558 626 1644 adoptavit.
664 1559 731 1627 Sed
749 1563 826 1644 quia
843 1563 966 1628 multos
988 1584 1048 1628 sua
1069 1563 1247 1630 infidelitas
1265 1562 1342 1628 alie·
1392 1581 1492 1644 quum
1509 1560 1572 1629 hoe
1593 1562 1641 1627 illi
1663 1564 1861 1648 imputatum
1883 1563 1983 1631 fuisse
2006 1563 2124 1630 dieitur
2144 1565 2178 1628 in
2201 1564 2363 1642 iustitiam,

362 1647 464 1726 navit,
487 1646 686 1713 veniendum
708 1655 760 1713 est
781 1647 823 1713 ad
842 1647 1020 1731 Christum,
1044 1649 1099 1732 qui
1122 1670 1215 1716 veros
1237 1658 1271 1714 et
1288 1669 1340 1733 ge-
1392 1647 1494 1712 alium
1517 1668 1651 1714 sensnm
1673 1650 1876 1718 eomminisei
1898 1669 1995 1734 quam
2016 1649 2115 1716 iidem
2138 1650 2249 1715 Abrae
2273 1649 2363 1716 luisse

362 1733 483 1800 uuinos
512 1733 597 1798 lilios
624 1732 665 1799 ab
699 1732 892 1800 adulterinis
930 1733 1094 1801 disesrnit.
1145 1735 1218 1802 Hoe
1245 1735 1341 1801 modo
1392 1753 1451 1817 pro
1472 1733 1599 1800 iustitia
1620 1735 1707 1818 apud
1729 1736 1847 1802 Deum.
1894 1734 1959 1802 Sed
1988 1735 2168 1802 absurdum
2186 1757 2258 1802 esse
2280 1735 2364 1801 vide-

362 1816 473 1884 Abrae
495 1820 666 1902 posteritas
688 1818 851 1903 redigitur
872 1821 914 1886 ad
934 1822 1142 1903 paueitatem,
1164 1828 1203 1886 ut
1224 1819 1341 1887 deinde
1392 1827 1459 1898 tur,
1487 1819 1699 1886 iustilieetum
1721 1842 1791 1888 esse
1815 1822 1949 1900 Abram,
1973 1819 2058 1904 quod
2088 1841 2189 1904 aeque
2215 1843 2364 1887 numero-

363 1906 468 1988 magis
491 1913 652 1989 augescat.
697 1905 784 1971 Nam
801 1905 837 1970 in
859 1905 993 1973 (lhristo
1020 1908 1221 1991 eolliguntur
1241 1907 1341 1974 etiam
1392 1925 1465 1971 sum
1487 1904 1663 1972 erediderit
1684 1907 1755 1972 fore
1776 1928 1887 1974 semen
1908 1929 2004 1974 suum
2027 1914 2127 1990 atque
2144 1907 2258 1973 stellas
2280 1906 2363 1972 eoeli.

406 1996 495 2070 ntes,
525 1999 559 2055 et
587 1988 651 2056 fide
680 1991 882 2057 inseruntur¹
896 1993 931 2057 in
959 2013 1078 2076 eorpus
1104 1993 1274 2070 Abrahae,
1304 2001 1343 2059 ut
1392 1990 1507 2074 Neque
1529 1992 1616 2056 enim
1639 1995 1748 2075 potuit
1768 2014 1840 2062 esse
1861 1993 1923 2059 nisi
1946 1992 2152 2093 partioularis
2174 1992 2266 2073 fides,
2289 2014 2364 2076 quae

376 2097 473 2143 eoum
505 2075 648 2142 habeant
687 2078 775 2142 inter
814 2077 980 2161 legitimos
1012 2079 1082 2145 eius
1116 2079 1208 2146 filios.
1267 2076 1342 2160 Qua
1392 2075 1434 2141 ad
1471 2078 1635 2162 integram
1674 2079 1815 2146 hominis
1857 2080 2017 2146 iustitiam
2060 2079 2195 2144 minime
2238 2080 2363 2146 suffieit.

362 2159 403 2228 de
432 2180 469 2227 re
496 2162 593 2245 plura
615 2161 741 2228 deeimo
763 2164 901 2246 septimo
932 2165 1039 2247 eapite
1059 2163 1196 2231 dieenda
1228 2185 1343 2231 rursus
1392 2161 1522 2228 Deinde
1554 2163 1632 2246 quid
1665 2171 1797 2230 terrena
1829 2174 1864 2231 et
1896 2163 2087 2248 temporalis
2124 2165 2297 2248 promissio
2329 2164 2364 2230 ad

362 2255 470 2316 erunt.
1394 2257 1561 2314 aeternam
1584 2249 1722 2317 salutem
1743 2250 1867 2318 valuit?
1892 2249 2095 2336 Respondeo,
2118 2250 2207 2317 istud
2226 2250 2364 2317 Gradere

449 2334 479 2399 6.
498 2331 544 2398 Et
563 2333 696 2399 eredidit
712 2331 858 2400 Domino.
895 2334 1003 2415 Quam
1026 2335 1159 2401 uberem
1177 2342 1210 2401 et
1231 2356 1343 2402 reeen-
1393 2334 1485 2400 ouius
1506 2335 1656 2401 meminit
1678 2336 1805 2416 Moses,
1833 2357 1899 2402 non
1922 2337 1963 2402 ad
1985 2357 2089 2402 unum
2111 2338 2297 2402 membrum
2318 2355 2364 2401 re·

363 2417 466 2486 ditem
488 2417 671 2484 doetrinam
701 2421 868 2486 eontineat
889 2419 943 2488 hio
961 2420 1051 2486 loeus
1072 2441 1170 2486 nemo
1193 2430 1341 2488 nostrum
1392 2420 1522 2506 stringi,
1545 2420 1602 2487 sed
1624 2422 1795 2506 eompleeti
1818 2429 1921 2491 totam
1944 2422 2191 2507 promissionem
2214 2443 2298 2505 quae
2317 2421 2364 2488 hio

361 2505 554 2583 eoniieeret,
595 2504 660 2570 nisi
698 2505 802 2571 laeam
841 2507 936 2572 nobis
974 2508 1186 2590 praetulisset
1217 2507 1342 2573 Paulus
1392 2505 1549 2572 refertur:
1580 2505 1697 2574 deinde
1727 2509 1852 2575 Abram
1881 2530 1947 2575 non
1976 2529 2018 2576 ex
2045 2509 2213 2593 praesenti
2240 2516 2364 2573 tantum

362 2587 472 2676 (Rom.
491 2590 522 2669 4,
540 2588 584 2676 3).
621 2587 688 2656 Sed
712 2591 772 2658 boo
794 2591 915 2657 mirum
933 2601 994 2673 est,
1012 2613 1049 2660 ae
1067 2593 1208 2678 prodigii
1225 2592 1340 2674 simile,
1393 2592 1523 2659 oraeulo
1551 2593 1742 2660 aestimasse
1768 2595 1966 2678 promissum
1992 2615 2119 2671 semen,
2143 2594 2201 2659 sed
2231 2614 2271 2660 ex
2296 2593 2363 2660 abis

363 2675 450 2759 quod
478 2696 579 2760 quum
607 2677 744 2759 spiritus
766 2675 831 2742 Dei
857 2685 984 2744 tantam
1012 2678 1118 2745 lueem
1147 2677 1341 2759 aseenderit,
1393 2678 1449 2745 ubi
1471 2678 1582 2745 addita
1610 2688 1681 2746 erat
1708 2681 1857 2764 speeialis
1884 2679 2076 2747 benedietio.
2120 2677 2218 2746 Unde
2245 2680 2364 2763 eolligi·
2472 2735 2473 2760 ,

362 2760 482 2829 eleusis
504 2769 616 2830 tamen
638 2761 740 2842 oeulis
763 2763 844 2847 pleri
868 2784 911 2829 ue
939 2764 1172 2848 interpretum,
1201 2786 1267 2831 non
1289 2786 1341 2831 se-
1392 2785 1468 2830 mus
1488 2785 1556 2830 non
1577 2765 1715 2852 vulgare
1731 2786 1793 2833 nee
1810 2765 1976 2851 quodlibet
1997 2785 2110 2832 semen
2131 2787 2290 2850 sperasse,
2312 2763 2364 2832 sed

362 2869 421 2915 eus
453 2855 551 2933 atque
581 2849 616 2914 in
648 2849 752 2916 noetis
785 2858 859 2916 tene
883 2850 945 2932 ris,
977 2859 1151 2936 vagentur.
1201 2850 1342 2918 Iudaeos
1392 2851 1427 2916 in
1449 2870 1513 2934 quo
1539 2849 1778 2919 benedieendus
1807 2860 1879 2918 erat
1907 2850 2059 2917 mundus.
2106 2850 2143 2918 Si
2165 2853 2241 2935 quis
2262 2851 2364 2936 perri·
2472 2849 2473 2868 ,

362 2935 487 3010 emitto,
510 2954 647 3018 qnorum
670 2943 749 3001 nota
769 2943 821 3002 est
841 2937 989 3004 eaeeitas.
1034 2934 1100 3003 Sed
1118 2937 1175 3020 qui
1197 2936 1341 3003 Paulum
1393 2938 1501 3003 eaoius
1518 2936 1658 3016 insistat,
1684 2946 1794 3006 ooaote
1811 2937 1853 3004 ad
1869 2937 2039 3004 (lhristum
2056 2938 2203 3020 torqueri
2220 2936 2307 3021 quod
2329 2935 2364 3002 de

362 3018 529 3086 habebant
557 3017 737 3087 dilueidum
765 3021 853 3087 inter
877 3031 994 3100 retem,
1025 3032 1092 3089 tam
1120 3022 1262 3105 insipide
1285 3022 1340 3088 de·
1391 3020 1504 3090 liberis
1525 3022 1635 3090 Abrae
1663 3024 1882 3091 eommuniter
1906 3022 2116 3090 dictumest:
2145 3025 2291 3106 primum
2311 3043 2364 3088 ne·

361 3125 518 3256 gravasse
539 3103 628 3172 hune
647 3105 766 3184 looum,
788 3042 929 3192 prodigii
952 3107 1022 3174 loeo
1043 3107 1093 3194 (ut
1115 3107 1197 3195 dixi)
1219 3107 1342 3177 haben·
1435 3108 1463 3174 ri
1485 3129 1551 3175 non
1572 3117 1680 3193 potest
1696 3110 1806 3176 Deum
1828 3108 2077 3194 promissionem
2099 3118 2177 3175 ante
2198 3129 2364 3176 servosne

385 3211 442 3256 um
464 3201 522 3258 est.
568 3188 765 3274 Quanquam
794 3192 872 3258 inde
900 3200 1037 3278 apparet
1064 3194 1190 3260 nullam
1212 3195 1248 3260 in
1270 3216 1339 3262 rem
1424 3204 1526 3274 etam,
1557 3215 1646 3261 nune
1674 3216 1789 3262 rursus
1818 3196 1954 3276 iterare,
1983 3203 2020 3261 ut
2050 3195 2118 3260 eius
2147 3196 2364 3280 querimoniae

362 3278 503 3344 saeeulis
530 3277 683 3343 omnibns
705 3275 864 3346 Seianam
893 3280 999 3363 magis
1025 3279 1211 3348 ineubuisse
1242 3301 1341 3365 quam
1391 3281 1596 3363 respondeat.
1642 3280 1797 3348 Diximus
1822 3291 1948 3360 autem,
1977 3289 2011 3346 et
2035 3301 2088 3348 res
2109 3281 2182 3364 ipsa
2203 3281 2292 3347 elare
2314 3280 2364 3346 de·

362 3370 401 3428 ιι
421 3363 601 3448 gratuitam
628 3362 704 3429 fidei
730 3363 1009 3448 iustifieationem,
1039 3385 1122 3450 quae
1144 3367 1199 3433 hie
1220 3365 1340 3434 diserte
1392 3373 1568 3445 monstrat,
1597 3367 1776 3451 promissae
1804 3365 2041 3434 benedietionis
2068 3367 2195 3432 intuitu
2224 3366 2364 3452 eompul·

362 3449 536 3531 asseritur,
570 3448 623 3516 rel
651 3449 891 3536 exstingueret,
917 3450 972 3519 rel
1000 3451 1184 3520 suffooaret.
1228 3450 1341 3519 Verba
1392 3474 1465 3519 sum
1504 3453 1604 3520 fuisse
1639 3453 1764 3519 Abram
1798 3459 1836 3519 ut
1874 3463 2045 3536 tantopere
2083 3473 2197 3518 semen
2231 3461 2363 3536 optaret.

361 3536 467 3602 Musis
490 3543 586 3602 sunt:
609 3534 760 3602 Credidit
780 3536 940 3617 Domino,
970 3545 1004 3603 et
1033 3541 1198 3623 reputavit
1225 3538 1277 3604 illi
1298 3537 1340 3606 ad
1390 3537 1488 3606 Unde
1509 3539 1666 3622 sequitur,
1689 3539 1775 3608 hane
1796 3539 2044 3623 promissionem
2061 3560 2129 3604 non
2146 3547 2310 3622 arreptam
2327 3537 2363 3602 ab

360 3621 531 3688 iustitiam.
576 3619 751 3688 Laudatur
782 3623 891 3706 priore
923 3623 994 3690 loeo
1023 3623 1104 3692 lides
1127 3624 1252 3707 Abrae,
1276 3646 1342 3709 qua
1391 3625 1449 3691 illo
1472 3624 1574 3692 luisse
1602 3645 1748 3692 seorsum
1771 3624 1811 3690 ab
1833 3625 1915 3691 aliis.
1961 3624 2086 3690 Verum
2108 3632 2146 3690 ιι
2171 3623 2234 3690 hoe
2261 3632 2364 3690 totum

361 3704 426 3773 Dei
448 3708 695 3792 promissionem
724 3707 896 3792 amplexus
923 3720 981 3776 est.
1027 3708 1178 3778 Seeundo
1209 3709 1343 3778 additur
1392 3711 1568 3791 remittam,
1590 3710 1863 3777 oonsiderandum
1886 3731 1958 3778 esse
1980 3709 2051 3778 dieo
2072 3709 2151 3794 quid
2169 3710 2225 3777 hie
2242 3721 2364 3794 agatur,

361 3792 440 3859 fidei
456 3792 507 3858 elo
533 3794 610 3875 ιιι,
628 3792 716 3877 qued
732 3793 810 3860 inde
826 3794 987 3862 iustitiam
1005 3795 1145 3880 adeptus
1162 3797 1345 3875 sitAbram
1391 3803 1430 3862 ut
1456 3797 1534 3862 inde
1555 3798 1613 3862 liat
1632 3796 1673 3862 de
1701 3795 1765 3862 fide
1786 3796 1941 3863 Abrahae
1969 3795 2136 3863 iuditium.
2180 3795 2274 3863 Deus
2302 3816 2365 3860 non

362 3899 473 3946 eoram
529 3899 584 3957 eo,
607 3879 707 3962 idque
726 3879 951 3963 imputatione.
996 3880 1083 3947 Nam
1106 3884 1244 3949 terbum
1265 3897 1340 3951 :lon
1391 3883 1452 3949 hoo
1474 3882 1528 3949 rel
1548 3881 1631 3948 illud
1660 3890 1789 3948 tantum
1818 3903 1913 3950 servo
1935 3903 1995 3948 suo
2023 3883 2199 3966 promittit,
2229 3881 2365 3966 qualiter

363 3984 427 4047 quo
448 3965 553 4031 utitur
574 3965 694 4045 Moses,
713 3964 852 4032 relative
872 3966 914 4032 ad
936 3967 1093 4035 iudioium
1111 3965 1176 4034 Dei
1197 3970 1339 4053 positum
1392 3968 1586 4052 speeialibus
1624 3967 1790 4034 interdum
1831 3968 1996 4035 benefieiis
2035 3969 2117 4034 eitra
2154 3969 2285 4052 paterni
2317 3965 2365 4034 sui

361 4057 421 4130 est,
444 4050 539 4116 sieuti
561 4049 683 4117 Psalm.
716 4052 788 4130 106,
813 4051 854 4117 31
880 4053 938 4118 ubi
954 4051 1075 4120 dieitur
1090 4054 1179 4120 aelus
1197 4055 1340 4122 Phinees
1392 4054 1513 4120 amoris
1534 4061 1669 4139 gustum
1688 4053 1874 4121 incredulos
1895 4073 2023 4137 quoque
2045 4054 2227 4139 adspergit:
2255 4054 2313 4120 sed
2333 4072 2365 4119 ee

362 4155 434 4202 esse
463 4136 514 4202 illi
543 4137 723 4220 imputatus
748 4139 783 4204 in
812 4138 983 4206 iustitiam.
1028 4137 1117 4220 Quid
1146 4148 1257 4207 tamen
1280 4142 1341 4208 hoo
1391 4141 1569 4224 propitium
1598 4139 1648 4205 illi
1676 4139 1744 4206 lore
1772 4147 1927 4218 testatur,
1956 4145 1990 4205 et
2010 4139 2173 4224 praesidio
2200 4142 2365 4224 gratiaque

358 4223 484 4302 valeat,
514 4223 633 4289 melius
661 4244 704 4288 ex
733 4223 897 4290 antitheto
920 4225 1055 4308 patebit.
1098 4226 1207 4293 Lavit.
1231 4228 1250 4292 7
1260 4278 1268 4306 ,
1300 4228 1340 4294 18
1391 4247 1452 4294 sua
1473 4225 1596 4292 fretum
1617 4226 1653 4291 in
1676 4225 1791 4293 salutis
1812 4226 1931 4292 lidueia
1951 4227 2132 4292 oonlirmat.
2169 4226 2255 4290 Nam
2275 4227 2364 4293 euius

363 4308 495 4377 dieitur:
526 4309 724 4393 Expiatione
757 4310 843 4376 faeta
871 4330 939 4376 non
966 4309 1185 4395 imputabitur
1213 4312 1340 4379 homini
1392 4313 1485 4378 Deus
1506 4312 1557 4378 est
1577 4310 1773 4391 haereditas,
1794 4311 1824 4378 is
1844 4331 1910 4377 non
1933 4311 2053 4380 eadueo
2075 4309 2196 4396 gaudio
2217 4312 2364 4389 exsultat,

221 4449 225 4456 .
361 4395 527 4479 iniquitas.
572 4395 720 4461 Rursum
744 4395 793 4474 ll,
817 4396 852 4462 4:
889 4394 1033 4482 Sanguis
1053 4397 1271 4482 imputabitur
1292 4400 1341 4466 illi
1391 4398 1449 4466 sed
1471 4398 1565 4482 quasi
1586 4400 1651 4463 iam
1674 4397 1709 4462 in
1738 4398 1863 4464 eoelum
1889 4397 2054 4476 sublatus,
2084 4397 2188 4464 solido
2217 4408 2365 4464 aeternae

361 4481 443 4548 viro.
469 4481 523 4546 Ita
540 4481 569 4547 2.
586 4478 751 4548 Samuelis
772 4481 899 4548 deeimo
917 4502 1004 4550 nono
1018 4505 1049 4550 v.
1066 4484 1107 4550 19
1124 4483 1340 4552 dieitSemei:
1390 4484 1480 4550 ritae
1508 4483 1627 4568 modio
1653 4484 1783 4549 fruitur.
1833 4483 1907 4548 Imo
1936 4483 1997 4552 boe
2026 4483 2157 4550 axioma
2191 4481 2364 4551 tenendum

361 4566 437 4633 Non
460 4568 504 4632 im
530 4575 601 4634 utet
622 4567 706 4632 mihi
733 4588 793 4634 rex
819 4567 1038 4650 iniquitatem.
1084 4569 1148 4637 Oui
1170 4571 1269 4637 affine
1290 4579 1341 4639 est
1392 4578 1458 4650 ιιι,
1487 4589 1601 4636 omnes
1621 4569 1686 4635 Dei
1715 4569 1946 4669 promissiones
1975 4590 2058 4653 quae
2087 4569 2238 4637 fidelibus
2270 4567 2365 4635 desti·

361 4652 448 4736 quod
470 4653 514 4719 ha
556 4661 611 4718 tur
632 4654 662 4720 2.
685 4654 827 4738 Regum,
851 4653 902 4735 12,
925 4654 981 4721 15:
1026 4655 1101 4722 Non
1132 4657 1342 4741 impetebant
1391 4663 1530 4738 uantur,
1552 4677 1593 4720 ex
1616 4662 1764 4740 graturta
1784 4655 1849 4721 Dei
1869 4654 2093 4722 miseridordia
2114 4656 2225 4734 fluere,
2249 4663 2282 4720 et
2303 4663 2364 4720 tes·

361 4738 442 4805 viris
465 4739 582 4822 quibus
601 4738 723 4805 dabant
743 4739 914 4824 peeuuiam
937 4738 979 4806 ad
997 4762 1088 4826 opus,
1112 4741 1174 4810 boo
1192 4750 1252 4823 est,
1273 4765 1341 4810 non
1390 4742 1526 4810 timoma
1553 4762 1624 4808 esse
1652 4741 1782 4825 paterni
1809 4740 1945 4821 amoris,
1976 4759 2014 4807 ae
2041 4741 2206 4826 gratuitae
2227 4741 2367 4825 adoptio·

362 4824 539 4909 exigebant
560 4825 722 4890 ratiomm
750 4826 926 4908 pecuniae:
953 4826 1010 4893 sed
1031 4827 1107 4894 illos
1129 4828 1194 4895 lide
1214 4849 1274 4895 soa
1295 4830 1340 4896 si·
1390 4829 1459 4906 nis,
1489 4828 1615 4911 inqua
1645 4827 1782 4892 fundata
1811 4835 1860 4892 est
1889 4847 2002 4892 eorum
2030 4826 2130 4893 salus.
2182 4828 2272 4912 Ergo
2301 4847 2365 4890 non

362 4909 484 4976 nebant
516 4909 756 4978 administrare.
799 4912 898 4979 Nune
930 4912 971 4978 ad
1003 4914 1121 4980 Mosen
1153 4914 1338 4984 redeamus.
1390 4913 1537 4981 dieamus
1570 4913 1783 4980 iustifieatum
1816 4933 1888 4980 esse
1915 4913 2058 4994 Abram,
2090 4914 2169 4997 quia
2196 4913 2365 4980 verbulum

363 4995 649 5078 Quemadmodum
674 5017 749 5066 reos
779 5019 852 5065 esse
882 5017 991 5064 eoram
1018 4998 1091 5066 Deo
1123 4999 1339 5086 intelligimus
1390 5019 1494 5066 unum
1527 4999 1703 5083 arripuerit
1735 4997 1776 5064 de
1809 4997 1996 5083 generanda
2035 4998 2162 5077 sobole,
2203 4997 2259 5066 sed
2291 4998 2365 5081 quia

362 5081 481 5166 quibus
502 5083 686 5166 imputatur
712 5083 884 5167 iniquitas:
906 5083 953 5149 ita
975 5085 1093 5168 quibus
1112 5085 1256 5171 imputat
1273 5087 1339 5155 ius·
1388 5084 1498 5153 Deum
1531 5085 1567 5150 in
1604 5092 1732 5168 patrem
1765 5085 1936 5168 amplexus
1965 5093 2024 5152 est.
2085 5084 2157 5152 Nee
2189 5105 2265 5152 sane
2304 5083 2366 5149 alia

363 5170 485 5249 titiam,
527 5188 582 5235 eos
621 5166 739 5252 probat
771 5171 863 5253 qussi
898 5170 1015 5238 iustos:
1059 5193 1160 5256 quare
1193 5173 1338 5241 iustitiae
1389 5171 1429 5238 de
1469 5191 1567 5237 eausa
1599 5191 1658 5237 nos
1696 5172 1850 5238 iustiiioat
1881 5171 1963 5236 fides
2001 5170 2064 5238 nisi
2096 5171 2175 5254 quia
2207 5192 2264 5237 nos
2296 5170 2366 5234 Dee

360 5253 579 5338 imputatione
606 5255 643 5322 in
669 5275 844 5323 numerum
870 5263 906 5324 et
930 5255 1079 5324 ordinem
1103 5259 1267 5326 iustorum
1286 5279 1338 5325 re-
1388 5257 1591 5326 reeoneiliat:
1621 5277 1728 5341 neque
1749 5255 1783 5322 id
1804 5277 1863 5323 suo
1885 5257 2018 5337 merito,
2046 5255 2104 5324 sed
2126 5254 2206 5324 dum
2228 5255 2365 5342 gratiam

361 5349 476 5424 eaptus
505 5341 569 5408 fuit
596 5340 733 5408 Abram.
777 5340 903 5410 Paulus
930 5343 1020 5410 enim
1049 5351 1087 5410 ut
1113 5345 1183 5412 rim
1211 5365 1250 5411 ao
1275 5367 1336 5412 na·
1388 5343 1481 5410 nobis
1502 5344 1537 5410 in
1558 5342 1829 5428 promissionibus
1851 5343 1993 5410 oblatam
2016 5341 2200 5427 reeipimus,
2222 5361 2257 5408 ae
2278 5351 2366 5410 serto
