5000 6208
146 413 199 482 35⁷
789 407 1159 478 COMMENTARIUS
1181 407 1232 474 ΙΝ
1255 407 1468 476 GENDSIN.
2065 410 2129 478 358

144 603 190 668 sui
210 603 245 667 ia
266 601 375 667 diebtu
396 599 562 666 Abrabam
576 600 684 682 pubis
711 599 780 678 aei,
807 598 1024 664 aemam
1048 595 1106 662 Pe-
1156 596 1268 674 bilem,
1308 597 1543 680 motoriamque
1575 595 1626 683 (ot
1657 600 1704 662 ite
1736 596 1864 684 loquar)
1897 597 1998 662 vitem
2073 618 2129 665 ere

143 687 271 764 latim,
300 693 328 753 et
354 687 554 769 impleuerant
582 705 632 753 aas
652 690 744 750 terra
790 683 840 749 16.
861 682 1008 748 aaut
1028 681 1106 748 Abi-
1155 703 1271 765 pessus
1296 691 1361 760 est,
1391 682 1448 748 sed
1475 682 1709 766 propemodum
1737 683 1824 748 fame
1850 683 1998 750 eonfeoit.
2031 618 2128 765 8{uio

143 773 249 840 melech
270 774 314 838 ud
336 771 447 837 Ioboo:
469 772 534 838 Abi
554 794 575 839 a
599 770 703 837 uobis:
733 770 809 852 quia
836 769 922 853 lonae
941 768 1054 851 fortior
1074 787 1106 834 es
1156 788 1222 833 non
1250 767 1374 834 diaeret
1396 769 1576 834 Dominum
1605 769 1658 834 sui
1686 768 1841 848 oblitum,
1874 769 1930 834 ubi
1955 769 2031 835 filiis
2059 772 2128 836 suis

143 860 233 926 nobb.
279 858 328 924 ll.
351 858 442 928 Atta
462 877 532 941 erqo
553 857 627 924 inde
648 855 758 936 Iubae,
786 861 815 922 el
835 855 952 922 mouerit
972 855 1007 918 in
1027 853 1106 919 uuae
1155 873 1235 936 quos
1259 855 1294 918 in
1323 852 1421 918 fidem
1453 874 1632 938 eurumque
1663 875 1756 920 suam
1788 857 1924 938 reoepit,
1957 877 1999 920 ne
2031 876 2128 939 poree

145 947 258 1022 Gerar,
291 949 319 1009 et
346 943 498 1010 habitauit
522 943 577 1009 itt
622 943 672 1009 18.
697 941 872 1024 Postquam*
892 960 1035 1006 reumate
1061 944 1107 1004 err
1155 938 1338 1023 quidemst
1356 939 1499 1004 tenuiter
1520 941 1677 1006 alimenta
1699 940 1908 1024 suppeditat?
1934 940 2059 1006 Verum
2081 943 2128 1006 ita

143 1031 248 1108 Iolao,
280 1030 361 1113 fodit
387 1034 497 1112 puteos
527 1049 630 1111 aquae
661 1047 737 1110 quos
765 1028 909 1109 (adeant
935 1027 970 1091 ia
997 1024 1105 1091 diebus
1155 1033 1285 1091 sonotm
1313 1035 1422 1107 patres
1452 1026 1600 1091 exerooit
1622 1026 1729 1106 Deus,
1762 1035 1799 1092 ut
1827 1045 1942 1091 eornm
1969 1027 2128 1110 exemplis

142 1116 301 1183 Ausum
316 1115 424 1196 puae
444 1115 515 1181 eta':
534 1115 612 1196 quia
633 1114 848 1178 otmoeeraut
869 1131 919 1178 aas
942 1111 1106 1176 Paratum
1155 1110 1276 1189 edoeti,
1298 1131 1364 1176 nou
1384 1110 1487 1176 simus
1508 1113 1544 1175 in
1566 1111 1802 1178 tentationibus
1829 1111 1927 1179 nimis
1951 1113 2129 1178 effeminati

141 1209 254 1268 mortuo
271 1200 450 1268 Annam:
477 1205 505 1266 et
532 1200 652 1266 amavit
671 1219 722 1266 eas
743 1199 918 1266 amabas
938 1198 1106 1263 amodum
1155 1205 1188 1262 et
1221 1196 1344 1262 molles.
1400 1195 1497 1276 Quod
1530 1195 1570 1262 ad
1605 1196 1707 1263 verba
1745 1197 1903 1280 pertinet,
1942 1218 2127 1282 quanquam

140 1285 579 1369 momentanearum
601 1305 650 1351 eos
675 1289 767 1367 paler
791 1303 879 1350 saus.
924 1283 974 1348 19.
998 1281 1041 1346 ut
1061 1283 1106 1362 so
1156 1280 1277 1365 duplex
1305 1282 1369 1346 luit
1402 1281 1557 1359 sterilitas
1583 1283 1918 1367 temperatioribus,
1942 1284 2049 1350 Moses
2077 1293 2127 1350 to·

140 1376 248 1442 merl
267 1373 350 1439 serui
371 1370 467 1437 Isboo
487 1372 522 1436 in
542 1371 638 1449 valle,
666 1373 893 1436 dinumerant
913 1369 959 1434 ibi
977 1373 1105 1450 paleam
1155 1387 1231 1432 meu
1260 1367 1393 1433 nonnisi
1422 1367 1518 1433 unius
1548 1369 1713 1448 meminit,
1747 1369 1840 1436 cuius
1866 1372 2028 1436 reeentior
2057 1378 2129 1436 erat

139 1479 236 1544 aquae
252 1459 348 1523 oium.
387 1457 439 1524 20.
460 1455 522 1524 Sed
538 1455 738 1541 litigaverunt
753 1460 896 1538 pastores
916 1455 1020 1520 Gerar
1035 1473 1106 1520 eum
1155 1455 1321 1519 memoria.

136 1544 312 1630 munias
329 1542 432 1623 Iubae,
454 1543 597 1609 daem:
620 1541 740 1608 Nostro
759 1546 804 1606 est
823 1559 916 1622 aquo,
941 1545 969 1605 et
989 1539 1107 1606 meavit
1241 1539 1272 1604 2.
1296 1538 1340 1603 Et
1359 1539 1449 1604 uuus
1469 1544 1515 1604 est
1535 1540 1565 1606 ei
1586 1539 1755 1606 Dominae.
1800 1539 1876 1606 Non
1906 1539 2018 1607 dubito
2048 1540 2125 1624 quin

139 1651 245 1698 rumen
256 1631 347 1712 μύει
365 1627 499 1694 Haut:
519 1629 596 1710 qaia
612 1628 811 1712 ldipaoewtt
827 1646 898 1693 eam
915 1646 957 1690 eo.
990 1625 1043 1691 21.
1062 1623 1106 1690 El
1155 1643 1272 1690 eausae
1294 1625 1339 1689 sit
1361 1623 1501 1690 redditio
1523 1646 1582 1691 eur
1603 1646 1638 1691 se
1658 1627 1769 1709 potius
1790 1626 1883 1692 Isaao
1905 1626 1940 1691 in
1961 1626 2053 1692 illam
2074 1647 2128 1692 re·

137 1718 280 1801 [odem
294 1719 428 1797 paleam
443 1713 551 1790 oliam,
571 1720 600 1780 et
619 1714 820 1798 litigaverunt
833 1713 928 1778 άίαιιι
943 1731 1039 1792 saper
1056 1731 1105 1776 eo:
1154 1712 1283 1795 gionem
1305 1709 1480 1776 eontulerit
1500 1731 1599 1792 quum
1621 1711 1785 1794 profeotus
1807 1712 1850 1777 sit
1869 1712 1905 1777 in
1927 1713 2126 1798 Aegyptum,

139 1803 310 1869 clamavit
336 1821 447 1866 nomen
474 1801 543 1865 aiae
569 1799 690 1865 Sitaab.
734 1799 786 1864 22.
817 1797 860 1862 Et
884 1796 1045 1863 bandulil
1071 1815 1105 1862 se
1154 1795 1240 1878 quod
1261 1796 1344 1861 forte
1365 1795 1414 1860 illi
1436 1796 1637 1862 commodius
1659 1797 1789 1864 fuisset:
1822 1797 1881 1864 sed
1902 1798 2035 1864 ooalesti
2055 1820 2126 1864 ora·

137 1890 216 1966 inde,
239 1893 267 1952 a
287 1886 367 1966 fodit
382 1891 512 1969 pubem
533 1885 643 1958 aliam,
666 1889 771 1949 daea
792 1882 990 1967 litigaverunt
1010 1901 1106 1964 saper
1154 1882 1227 1947 oulo
1255 1891 1418 1947 retentum
1451 1883 1551 1949 fuisse
1583 1882 1677 1948 doeet
1703 1883 1830 1962 Moses,
1863 1901 1900 1950 nt
1933 1905 1998 1950 non
2030 1885 2127 1950 fuerit

137 1996 183 2040 eo.-
204 1975 275 2040 ideo
295 1973 413 2038 uooooil
433 1991 542 2037 aaran
563 1973 633 2036 aas
655 1969 823 2035 Rebobotlt:
849 1974 877 2034 et
901 1969 998 2035 etet.-
1022 1968 1105 2049 Qaia
1156 1966 1258 2033 bbere
1286 1968 1382 2050 optio.
1434 1967 1531 2034 Nono
1559 1969 1727 2051 quaeritur
1754 1989 1813 2034 our
1843 1970 2006 2036 Dominus
2033 1970 2127 2039 Isaeo

135 2080 216 2126 nuno
236 2058 451 2124 amanen
476 2057 550 2139 seed
571 2055 687 2122 Iebooa
714 2055 819 2135 nobie,
850 2056 1051 2120 edocuimus
1070 2054 1105 2117 in
1155 2052 1306 2136 probibet
1327 2053 1367 2118 ab
1390 2055 1536 2138 Aegypti
1558 2074 1703 2134 emesan,
1730 2075 1793 2138 quo
1815 2063 1940 2138 petrem
1970 2057 2042 2122 eius
2071 2056 2128 2124 de·

136 2152 228 2213 terra
250 2143 302 2209 23.
343 2143 388 2208 Er
415 2142 551 2208 menet
579 2143 652 2208 uode
679 2143 714 2206 ia
744 2139 942 2207 Beer-sabab.
986 2139 1038 2204 24.
1061 2138 1106 2203 Et
1157 2138 1313 2204 soendere
1333 2158 1449 2222 passus
1471 2141 1588 2205 fuerat.
1632 2140 1778 2206 Tametsi
1801 2161 1867 2205 non
1889 2141 2128 2225 exprimitora

135 2234 222 2299 vieta
238 2235 283 2296 eet
299 2230 329 2294 a·
347 2227 461 2294 Ieboua
478 2232 560 2294 neele
577 2229 658 2310 pso,
680 2232 706 2292 et
727 2227 823 2293 aaa:
841 2225 910 2310 Epo
926 2245 998 2291 eam
1017 2225 1105 2290 Dare
1156 2224 1248 2290 Mose
1271 2225 1366 2303 ratio,
1389 2225 1548 2291 ooniioere
1570 2233 1679 2290 umen
1702 2227 1791 2304 lieet,
1820 2229 1884 2292 iter
1910 2227 1993 2292 illud
2021 2230 2128 2314 magis

137 2316 301 2384 Abrabam
322 2315 430 2398 patris
451 2316 516 2380 lai:
543 2313 820 2396 arimaspem
847 2317 946 2378 mum
966 2316 1105 2391 sam,et
1155 2309 1373 2394 perioulosum
1395 2310 1463 2375 filio
1484 2310 1593 2378 fuisse.
1627 2311 1762 2378 Poterat
1782 2311 1914 2394 quidem
1936 2312 2026 2379 huno
2048 2335 2127 2397 quo·

134 2403 309 2471 benedicam
339 2400 412 2478 libi,
445 2405 473 2464 at
504 2399 713 2482 multiplicare
742 2399 862 2482 fatiam
887 2417 1002 2496 staua·
1017 2401 1106 2496 wana
1155 2417 1217 2480 que
1239 2395 1374 2496 spiritns
1393 2395 1444 2461 sui
1471 2396 1594 2464 virtute
1621 2399 1785 2465 instruere
1806 2398 1981 2498 Dominus,
2011 2410 2050 2463 ut
2066 2420 2128 2500 pa·

128 2481 1106 2648 it'll‘ltfflllmmmrnibflfflm
1155 2489 1340 2633 {ttulit
1360 2481 1621 2635 illitati?
1636 2485 1899 2652 ,ttetttltt
1920 2485 2127 2653 diiii&

132 2659 365 2726 tobernooelum
381 2677 475 2722 saum
492 2662 520 2721 et
538 2656 682 2740 foderant
697 2655 744 2722 ibs'
757 2655 840 2722 saei
857 2653 953 2720 Iubar
962 2657 1103 2735 poterae.
1155 2663 1411 2736 temperamento
1432 2653 1547 2719 fideles
1569 2675 1645 2720 suos
1667 2655 1844 2740 gubernet,
1866 2667 1905 2720 ut
1926 2676 1993 2721 non
2015 2657 2127 2723 statim

132 2748 183 2813 26.
209 2745 312 2810 Porro
333 2742 510 2809 Abiatelerb
530 2741 690 2824 profectas
710 2747 754 2806 est
775 2741 818 2808 ad
838 2761 908 2807 eom
929 2760 967 2806 aa
991 2739 1103 2819 Gerar,
1155 2739 1297 2823 eorrigat
1318 2740 1428 2805 omnio
1449 2761 1563 2806 eorum
1585 2742 1680 2821 mua,
1709 2753 1742 2806 et
1763 2742 1797 2807 in
1825 2741 1964 2807 solidum
1993 2753 2127 2828 purget:

131 2829 327 2898 edilbereth
348 2830 404 2913 qni
425 2838 496 2895 erat
517 2849 555 2892 ea
577 2828 690 2894 amab
708 2828 792 2908 eiras,
815 2832 844 2894 el
866 2825 995 2892 Pbicbol
1010 2827 1104 2907 prin·
1155 2843 1269 2890 eorum
1302 2824 1547 2892 infirmitatibus
1574 2827 1729 2904 ooourrit,
1759 2837 1793 2894 et
1820 2826 1945 2892 idoneis
1973 2828 2127 2896 remediis

130 2917 377 3000 ceps'eaereilae
397 2915 475 2981 eiua
519 2913 571 2979 27.
595 2913 641 2980 Et
662 2912 746 2979 atet
766 2914 809 2980 ad
829 2931 882 2978 eos
903 2911 1015 2978 Istae:
1038 2911 1104 2977 Dra
1155 2911 1259 2992 mma,
1290 2910 1408 2994 quibos
1438 2911 1609 2995 illaqueari
1640 2920 1788 2997 possent,
1829 2913 1994 2996 entiaipat
2039 2913 2128 2997 Quia

128 3003 262 3070 emistis
283 3002 326 3069 ad
342 3019 406 3082 nse,
432 3005 533 3066 etuas
554 2999 623 3066 odio
643 2997 797 3066 habuistis
817 3018 879 3078 me,
906 2997 1104 3064 &misula
1155 2997 1258 3080 igitur
1270 2997 1344 3080 plus
1361 2999 1563 3063 infirmitatis
1580 3020 1652 3065 esse
1669 2998 1821 3084 eognovit
1831 2999 1865 3064 in
1877 2999 1971 3066 Isaeo
1981 3020 2079 3084 quam
2092 3002 2127 3066 iu

129 3111 177 3156 me
208 3109 249 3155 ae
280 3107 376 3155 esem
407 3085 585 3152 aeduam?
625 3085 676 3151 28.
701 3085 745 3150 El
775 3086 937 3152 diamant:
966 3083 1104 3149 Vidasdo
1155 3081 1325 3149 Abraham
1358 3082 1489 3164 fuerat,
1520 3085 1700 3151 disorimini
1732 3105 1806 3151 eum
1838 3083 1977 3152 obiioere
2010 3086 2125 3154 noluit.

129 3177 271 3243 uidimus
286 3173 367 3257 quod
386 3176 462 3238 essa
479 3171 594 3238 Iebooa
609 3175 716 3249 mam,
739 3172 933 3236 aldimata:
955 3168 1007 3235 sit
1022 3188 1104 3236 aune
1155 3167 1280 3235 Fidelis
1309 3170 1396 3234 enim
1423 3177 1474 3236 est
1502 3173 1557 3255 qui
1585 3191 1662 3238 suos
1690 3172 1811 3239 tentari
1839 3193 1902 3240 non
1932 3173 2010 3239 sinit
2039 3173 2128 3242 ultra

128 3263 341 3328 iuraoreabtm
360 3260 442 3324 inter
461 3276 527 3337 aas,
548 3258 629 3323 inter
649 3276 706 3324 aaa
727 3261 754 3323 et
774 3257 856 3322 inter
877 3261 922 3333 te,
950 3260 1105 3337 etperea-
1155 3275 1253 3337 qnam
1282 3262 1360 3320 eunt
1387 3255 1522 3322 ferendo
1544 3255 1587 3343 (1.
1611 3257 1684 3324 Dor.
1710 3259 1760 3336 10,
1785 3257 1847 3345 13).
1894 3259 1988 3326 Siout
2016 3271 2126 3328 autem

127 3349 249 3413 tumeas
269 3345 379 3428 foedae
395 3349 501 3409 eam.
534 3343 587 3409 29.
608 3341 646 3408 Si
663 3343 775 3426 saara
790 3341 948 3408 morum
967 3341 1105 3407 malum
1155 3338 1366 3410 statuendum
1399 3351 1464 3422 est,
1499 3343 1678 3426 quamlibet
1710 3343 1830 3410 arduae
1862 3347 2063 3413 tentationes
2095 3357 2128 3415 et

126 3431 388 3516 pwmodutodum
408 3449 469 3494 aaa
484 3430 642 3514 letipimas
660 3434 705 3507 te,
735 3427 1040 3511 equemedmoaum
1059 3427 1105 3510 {e-
1155 3446 1312 3492 oneroeae
1333 3425 1428 3494 nobis
1450 3429 1659 3508 inoumbent,
1691 3451 1858 3513 nunquam
1880 3432 2042 3497 auxilium
2063 3435 2127 3500 Dei

126 3520 231 3585 umas
248 3521 346 3584 boam
363 3515 517 3580 duntaxat
533 3515 654 3591 bonam,
676 3514 903 3580 etdimies'mas
919 3518 947 3578 te
963 3513 999 3579 ia
1009 3533 1105 3593 paee:
1155 3513 1249 3578 nobis
1271 3513 1379 3577 defore
1400 3513 1442 3579 ad
1464 3514 1553 3580 vires
1573 3515 1810 3600 suggerendos:
1841 3517 1888 3584 ito
1907 3518 2050 3583 vicissim
2073 3539 2127 3586 oa·

126 3611 161 3671 ta
190 3623 277 3669 auae
302 3623 336 3668 aa
361 3601 534 3668 heredium
556 3598 694 3667 Ielaoooe.
742 3600 794 3666 30.
818 3597 977 3666 lemnae
1002 3603 1105 3665 autern
1154 3619 1231 3664 vere
1253 3609 1381 3682 oportet
1408 3621 1451 3665 ne
1481 3609 1604 3666 munere
1632 3603 1798 3667 irruamus
1819 3603 1855 3667 in
1877 3604 2036 3685 perienla:
2068 3603 2127 3670 sed

125 3692 173 3758 eie
200 3689 394 3764 muniam,
427 3693 455 3752 at
485 3689 625 3764 adeunt,
659 3691 750 3768 atque
777 3685 924 3750 bdeaot.
973 3685 1025 3750 31.
1060 3683 1105 3749 at
1153 3705 1214 3750 sua
1234 3704 1394 3768 quomque
1415 3686 1621 3752 imbecillitas
1650 3707 1783 3753 monere
1805 3687 1902 3755 debet
1924 3698 1961 3753 ut
1988 3689 2125 3756 sollieite

122 3779 335 3843 menatenam
353 3791 461 3838 mane.-
482 3779 511 3838 et
532 3774 717 3838 iuraverat
737 3771 816 3838 alter
837 3771 945 3836 alteri:
965 3771 1104 3836 aldedu-
1154 3784 1188 3835 et
1210 3769 1323 3835 timide
1344 3792 1379 3837 se
1401 3771 1575 3838 eontineat.

123 3864 173 3928 xil
196 3881 252 3928 eos
275 3859 378 3936 Isbaa,
400 3864 429 3924 et
444 3858 584 3923 obierant
604 3857 644 3923 ab
660 3878 696 3923 ao
713 3859 749 3922 io
760 3877 849 3939 paee.
884 3856 936 3922 32.
955 3857 1011 3923 Aa
1029 3855 1104 3922 baec
1239 3856 1359 3922 Habito
1375 3857 1414 3922 in
1436 3863 1530 3924 terra
1575 3857 1672 3924 Iubet
1693 3857 1859 3925 subsidere
1880 3860 1913 3923 in
1937 3869 2025 3924 terro
2050 3881 2123 3942 pro·

120 3949 196 4032 fail,
221 3950 259 4012 ia
275 3946 327 4012 die
343 3945 416 4026 ipsa
436 3941 807 4021 nemausensem
831 3943 1104 4008 danaoiauemat
1153 3942 1266 4008 missa:
1301 3940 1359 4007 sed
1387 3962 1426 4008 ea
1454 3943 1526 4028 lege
1554 3955 1592 4009 ut
1623 3945 1803 4027 inquilinus
1832 3947 1865 4009 in
1893 3965 1932 4008 ea
1964 3957 2123 4011 versetur.

122 4036 152 4098 ei
175 4035 216 4100 de
234 4036 328 4114 paleo
349 4049 440 4112 quem
458 4029 615 4112 foderant,
638 4033 666 4094 el
686 4029 833 4095 dixeraat
855 4029 902 4095 ei:
920 4029 1102 4094 Invenimus
1152 4027 1262 4111 Atque
1280 4029 1328 4093 ito
1345 4029 1509 4114 signifieat
1526 4029 1669 4095 nondum
1687 4029 1799 4096 adesso
1817 4039 2020 4113 tempusque
2036 4031 2125 4097 frua·

119 4139 254 4201 aquam
299 4115 351 4182 33.
375 4115 419 4180 El
449 4117 568 4182 weaoil
588 4135 659 4180 eam
690 4113 825 4180 Sibbab:
852 4113 965 4180 taetro
994 4133 1103 4180 amaea
1153 4111 1455 4180 tureinsdominio.
1489 4113 1556 4198 Spa
1574 4114 1704 4197 quidem
1717 4115 1927 4181 baereditatis
1945 4117 2124 4198 promissae

120 4206 217 4270 urbis
240 4208 286 4270 ael
307 4200 495 4267 Beer-sabab
521 4219 620 4283 aeque
647 4201 691 4266 ad
711 4200 793 4266 diem
815 4199 903 4266 basta.
947 4200 999 4266 34.
1020 4199 1103 4266 Erat
1153 4200 1307 4264 animum
1332 4200 1403 4266 eius
1434 4207 1611 4267 susmntat:
1652 4201 1708 4266 sed
1741 4201 1829 4268 hune
1861 4201 2018 4266 bonorem
2050 4203 2124 4268 vult

118 4296 234 4356 autem
258 4288 351 4355 Esau
372 4287 652 4372 quadragenarias,
674 4291 702 4352 el
720 4288 836 4368 accepit
857 4305 985 4352 mern
1008 4285 1102 4351 Iaba-
1154 4286 1268 4352 haberi
1285 4286 1383 4352 verbo
1401 4305 1469 4366 suo,
1491 4299 1529 4352 ut
1545 4287 1632 4352 inter
1649 4298 1801 4353 externas
1818 4287 2013 4372 agitationes
2033 4289 2124 4354 intus

120 4377 193 4442 ditb
221 4375 327 4456 filiam
355 4373 452 4439 Beeri
479 4372 618 4450 Hiltuee',
649 4377 677 4436 al
703 4369 858 4438 Bounatb
888 4371 991 4453 filiam
1018 4371 1104 4438 Elea
1153 4372 1297 4453 quieseat
1318 4371 1420 4438 Dauo.
1465 4373 1511 4437 lit
1532 4385 1620 4438 oerte
1641 4392 1809 4454 nunquam
1831 4372 1957 4437 meliori
1981 4372 2124 4442 fulturae

122 4461 261 4526 Hitlaei.
305 4459 358 4525 35.
382 4457 427 4524 Eu
447 4457 617 4524 irritabant
639 4457 788 4538 spiritam
811 4457 906 4524 Iubae
926 4462 955 4524 el
978 4457 1102 4524 Re'bcaa.
1154 4458 1335 4536 innitimur,
1358 4477 1454 4540 quam
1474 4457 1551 4522 dum
1570 4458 1611 4523 ab
1628 4479 1684 4522 ore
1702 4458 1835 4523 Domini
1854 4461 2015 4541 suspensi,
2038 4471 2125 4543 post-

1154 4541 1266 4608 habito
1288 4563 1396 4608 rerum
1418 4543 1642 4626 praesentium
1664 4541 1835 4626 adspectu,
1869 4542 2125 4612 benedietionem

215 4633 247 4697 1.
271 4630 315 4695 Et
340 4630 411 4713 fuit¹
429 4631 540 4712 samaa.
585 4628 711 4694 Eodem
739 4630 806 4694 fere
836 4629 1026 4695 tentationis
1046 4651 1104 4714 ge·
1154 4628 1226 4694 eius
1246 4649 1329 4711 quae
1350 4627 1495 4694 nondum
1519 4640 1669 4713 apparet,
1702 4631 1821 4694 fiduoia
1842 4628 2124 4712 apprehendimus.

118 4713 848 4869 ttttltttltlltlttttitit
867 4714 1104 4882 butten
1154 4714 2124 4883 ltbff‘ttttttttttttttttttlstalli

118 4890 233 4956 durus
256 4898 291 4954 et
318 4887 479 4953 violentus
506 4885 608 4951 luerit
629 4886 684 4951 bio
704 4887 863 4964 insultus,
886 4887 1024 4952 antehae
1046 4908 1103 4952 en·
1153 4886 1194 4951 ab
1212 4886 1343 4968 ignavia
1360 4907 1473 4952 servos
1490 4907 1565 4952 suos
1583 4886 1832 4969 expergelaoere
1852 4887 1935 4951 solet
1952 4885 2124 4968 Dominus,

118 4977 234 5059 posui.
282 4972 421 5039 Molesta
450 4973 513 5038 iam
548 4983 582 5036 et
614 4993 731 5055 aspera
763 4983 834 5037 erat
862 4971 918 5036 illa
950 4971 1101 5051 eonditio,
1152 4983 1191 5037 ut
1212 4982 1344 5037 strenue
1365 4971 1427 5038 sibi
1450 4973 1606 5050 militent,
1632 4970 1710 5037 dum
1732 4970 1872 5038 subinde
1894 4973 2037 5037 affirmat
2058 4995 2123 5040 non

118 5060 213 5147 qued
246 5059 337 5126 Deos
363 5079 440 5125 suos
468 5058 503 5124 iu
536 5066 625 5122 terra
655 5077 752 5140 quam
785 5079 821 5122 se
852 5056 917 5122 illis
948 5056 1101 5123 daturum
1152 5058 1282 5122 irritum
1305 5058 1374 5122 fore
1396 5078 1508 5123 eonem
1532 5058 1684 5123 laborem.
1729 5059 1801 5124 Etsi
1826 5058 1913 5122 enim
1942 5059 2122 5141 gratuitum

117 5147 342 5233 promiserat,
371 5144 515 5227 hospites
544 5143 674 5209 volebat
701 5164 787 5221 esse,
817 5145 872 5227 qui
901 5141 1039 5209 subinde
1066 5143 1101 5208 in
1151 5153 1184 5209 et
1202 5142 1335 5209 liberale
1352 5142 1541 5226 obsequium
1560 5165 1579 5208 a
1597 5143 1700 5220 uobis,
1722 5153 1877 5226 tanquam
1900 5155 1993 5225 pater
2011 5164 2030 5208 a
2047 5144 2123 5212 liliis

116 5253 235 5300 novas
267 5230 360 5298 sedes
391 5230 587 5314 migrarent:
621 5227 679 5294 sed
707 5228 770 5294 hoo
797 5232 908 5294 minus
934 5229 1102 5295 tolerabile
1152 5229 1264 5313 exigit,
1283 5226 2121 5314 eotemeuusquesedemittitadoaptumuostrum,

115 5317 274 5396 videtur,
296 5315 380 5399 quod
402 5336 445 5380 ne
465 5313 533 5380 illio
553 5313 683 5397 quidem
706 5316 917 5400 peregrinari,
940 5335 978 5381 aa
1000 5315 1100 5381 insta·
1152 5324 1189 5380 ut
1210 5327 1341 5380 ostenso
1362 5316 1507 5398 praemio
1529 5335 1589 5381 nos
1610 5316 1845 5399 invitabatque
1867 5314 2025 5380 hortetur.
