5022 6192
398 417 445 486 bb
1039 411 1405 485 COMMENTARIUS
1427 414 1478 481 IN
1500 411 1715 480 GENESIN.
2349 411 2384 478 16

401 613 454 672 ost
474 603 569 756 dquod
596 604 767 684 miremur,
797 625 871 670 eum
894 625 960 670 non
982 603 1092 670 omnia
1119 604 1268 688 prosequi
1292 621 1374 685 quae
1424 604 1502 672 1616
1535 603 1694 689 colligunt
1721 601 1879 686 imperiti,
1907 622 1974 667 666
2003 601 2105 669 libero
2134 609 2223 668 motu
2250 623 2382 687 peccmse

403 690 471 758 desi
495 690 582 757 arari
599 691 745 774 6666616
762 697 909 774 possunt,
931 689 1008 755 dum
1027 691 1061 754 in
1082 689 1254 754 historiam
1276 707 1373 771 quam
1425 692 1600 758 hominem.
1645 688 1758 754 Sensit
1787 687 1875 752 66161
1895 687 1983 773 ipse,
2011 688 2162 772 propriae
2182 691 2381 756 conscientiae

401 797 539 844 narrare
575 777 733 856 instituit,
762 776 910 842 intentus
940 785 999 842 est.
1045 775 1142 841 Nunc
1170 773 1374 858 expedienda
1426 777 1610 844 testimonio
1636 775 1820 854 convictus,
1856 773 1956 840 nimis
1984 795 2019 840 66
2047 775 2081 839 16
2108 776 2271 857 peccando
2297 779 2382 843 161666
2485 795 2486 810 ’

399 872 451 932 661
476 863 535 928 illa
560 864 706 946 quaestio
734 861 767 926 in
798 881 864 946 qua
884 861 1064 945 plurimum
1085 869 1221 927 ventosa
1241 860 1375 944 ingenia
1425 863 1576 930 liberum.
1630 861 1834 927 Necessitate
1867 879 1909 924 an
1942 861 2173 945 contingenter
2204 865 2381 943 peccaverit,

400 950 650 1029 tumultuantur,
673 947 834 1014 66611666
855 947 963 1012 Adam
985 947 1107 1012 tentari
1129 967 1244 1031 passas
1266 946 1373 1022 166111,
1426 948 1491 1016 alia
1524 957 1573 1013 est
1606 945 1771 1030 quaestio:
1808 945 1849 1010 de
1880 964 1946 1028 qua
1978 945 2055 1010 vide
2087 945 2329 1014 Institutionem
2357 957 2383 1014 ct

422 1056 502 1101 uum
541 1033 622 1099 adeo
655 1035 759 1100 tristis
791 1043 929 1099 eventus
961 1033 1097 1097 minime
1133 1051 1208 1098 eum
1247 1031 1372 1097 lateret.
1426 1033 1573 1101 libellum
1591 1031 1632 1099 de
1653 1030 1944 1097 Predestinaticnc.

435 1119 499 1187 uod
520 1117 1153 1186 nunciraenaSatanaclaxatutnos
1176 1116 1374 1199 61666666-
1511 1118 1609 1186 111611
1642 1118 1685 1183 ud
1717 1117 1887 1182 6661161666.
1931 1116 2056 1183 Locum
2085 1117 2175 1186 1666
2196 1122 2308 1188 666616
2326 1127 2384 1192 6616

402 1207 481 1274 1661
502 1205 670 1283 sollicitat,
689 1205 810 1271 indicio
834 1219 867 1269 ct
889 1203 1014 1280 ultioni,
1037 1213 1110 1287 post
1131 1203 1310 1268 alienatum
1333 1204 1374 1268 ab
1426 1205 1595 1290 exagitent
1615 1203 1716 1286 impii,
1739 1203 1818 1287 qnia
1837 1200 2014 1268 166661616
2036 1203 2158 1270 6616161
2180 1207 2277 1272 faciat
2290 1209 2385 1277 Moses
2486 1213 2487 1266 l

401 1293 472 1378 ipso
505 1291 687 1370 hominem,
724 1289 952 1357 adscribimus:
979 1311 1094 1356 verum
1119 1299 1238 1353 natura
1268 1286 1374 1354 adbuc
1425 1291 1512 1377 quod
1545 1289 1669 1356 bisulca
1699 1288 1816 1372 lingua
1845 1288 1981 1353 obscure
2014 1294 2143 1354 16616111
2179 1292 2297 1360 6111161.
2343 1297 2385 1364 Ac

401 1399 482 1445 sana
511 1389 544 1442 et
569 1379 700 1462 integra
734 1397 799 1442 non
831 1376 941 1442 cadem
968 1375 1031 1440 fuit
1058 1375 1151 1440 ratio.
1195 1373 1373 1440 Hominem
1425 1378 1570 1461 primum
1598 1383 1760 1458 66666661
1787 1393 1830 1438 cx
1858 1393 1921 1456 quo
1949 1381 2095 1457 tempore
2118 1379 2285 1461 coeperint
2306 1393 2386 1449 muta

401 1485 480 1549 ergo
509 1463 601 1528 Dens
629 1463 763 1545 imagini
791 1481 869 1527 suae
898 1461 1113 1536 conformem,
1144 1457 1283 1526 necdum
1305 1459 1376 1524 ulla
1426 1461 1685 1529 esssanimalia:
1708 1459 1736 1525 si
1759 1467 1837 1524 tnnc
1858 1458 2048 1526 distinctum
2072 1460 2236 1528 habebant
2257 1475 2385 1533 616616-

401 1570 489 1616 noxa
529 1548 740 1631 implicitum,
776 1546 922 1612 Satanae
966 1546 1161 1612 tentandum
1204 1545 1372 1628 permisit:
1426 1569 1560 1615 munem
1578 1546 1745 1613 nobiscum
1767 1565 1962 1611 sermonem.
1982 1545 2165 1629 Responsio
2187 1549 2222 1613 16
2245 1565 2387 1637 prompta

402 1634 581 1719 quinetiam
593 1633 716 1699 animal
726 1632 953 1716 commodavit,
971 1632 1055 1715 quod
1066 1631 1185 1715 alioqui
1204 1650 1373 1714 nunquam
1425 1643 1490 1713 est,
1525 1654 1591 1699 666
1623 1641 1742 1696 natura
1775 1629 1932 1696 disertum
1966 1631 2068 1698 161666
2100 1645 2303 1718 serpentem,
2337 1640 2386 1705 sed

424 1720 571 1787 aruisset.
613 1718 703 1800 Quid
740 1718 802 1785 hoc
833 1718 924 1784 alind
951 1719 1013 1784 1611
1046 1737 1142 1800 66661
1179 1717 1304 1782 hostem
1337 1717 1373 1780 in
1425 1740 1524 1803 quum
1544 1719 1601 1784 Dei
1624 1717 1785 1802 permissu
1807 1736 1965 1801 organum
1989 1716 2052 1784 sibi
2071 1721 2258 1802 appositum
2281 1734 2385 1792 nactas
2487 1715 2488 1800 1

400 1741 544 1872 bominis
582 1806 718 1870 exitium
759 1803 907 1872 armare?
967 1803 1060 1868 Haec
1099 1800 1229 1868 videtur
1272 1802 1373 1868 161666
1425 1812 1511 1871 esset
1535 1804 1647 1884 Satan,
1667 1823 1764 1869 voces
1785 1823 1914 1885 quoquc
1936 1819 1976 1866 cx
1995 1803 2072 1869 eius
2095 1805 2208 1890 lingua
2229 1807 2385 1888 formasse,

402 1890 601 1958 Manichacis
637 1889 761 1957 occasio
799 1909 858 1954 666
887 1889 951 1955 166
986 1889 1147 1974 661661616
1182 1896 1371 1954 6161661661.
1425 1911 1504 1974 quas
1525 1891 1612 1956 idem
1635 1890 1726 1955 Deus
1747 1889 1903 1970 permisit
1926 1888 1996 1954 Neo
2017 1888 2130 1957 dubito
2151 1892 2231 1976 quin
2252 1907 2386 1962 extraor-

403 1975 559 2044 Satanam
589 1998 667 2060 ergo
695 1977 880 2053 finxerunt,
910 1996 1011 2058 quum
1034 1974 1106 2039 Dec
1128 1995 1194 2038 non
1216 1972 1372 2054 subesset,
1425 1978 1588 2043 dinarium
1610 1974 1644 2040 id
1667 1973 1844 2040 ssscHeva
1864 1973 2012 2050 senserit,
2036 1983 2134 2060 atque
2151 1977 2225 2044 ideo
2246 1982 2386 2066 cupidius

401 2084 439 2130 eo
469 2063 573 2129 invito
605 2062 767 2127 struxisse
797 2061 920 2126 1616161
950 2061 1101 2140 16611166,
1128 2068 1161 2125 61
1187 2060 1285 2125 161666
1307 2080 1373 2125 666
1425 2062 1590 2146 exceperit
1617 2059 1702 2144 quod
1723 2060 1843 2125 mirata
1864 2067 1922 2125 est.
1965 2058 2039 2124 Iam
2060 2063 2089 2127 61
2110 2061 2295 2131 fabulosum
2315 2068 2387 2134 iudi·

400 2149 532 2214 bomine
552 2148 669 2226 solum,
687 2146 744 2212 sed
757 2147 829 2212 Deo
847 2167 974 2230 quoque
990 2146 1061 2229 ipso
1079 2145 1290 2229 superiorem.
1312 2144 1375 2225 Ita,
1426 2157 1504 2214 cant
1529 2146 1684 2232 quidquid
1706 2153 1755 2211 est
1776 2145 1956 2224 insolitum,
1976 2146 2104 2213 nullum
2115 2149 2186 2214 Deo
2202 2151 2386 2218 miraculum

399 2244 437 2300 ut
448 2233 533 2316 quod
545 2233 706 2298 timebant
724 2231 900 2299 absurdum
919 2233 1109 2316 effugerent,
1127 2235 1162 2295 16
1175 2229 1375 2297 exsecranda
1426 2233 1522 2300 edere
1550 2233 1667 2299 licebit
1708 2231 1799 2296 Dens
1828 2252 1910 2315 6666
1938 2229 2067 2314 aliquod
2098 2254 2118 2299 a
2146 2239 2312 2303 communi
2333 2261 2387 2305 666

400 2339 548 2386 66161661
567 2329 719 2402 66116616
744 2317 869 2401 1616661
891 2327 978 2396 6661,
999 2316 1081 2383 duos
1103 2337 1174 2382 esse
1197 2316 1283 2396 deos,
1307 2337 1373 2380 non
1426 2329 1587 2386 remotum
1615 2317 1756 2394 edendo,
1785 2318 1819 2381 in
1849 2317 2013 2400 potentiae
2042 2340 2120 2386 6666
2147 2321 2386 2390 admirationem
2488 2303 2489 2332 ¹

400 2405 624 2472 66666616616
644 2403 760 2470 mundi
781 2415 970 2481 creatorem,
992 2403 1234 2468 1661616116661
1258 2423 1277 2468 a
1297 2423 1371 2468 con·
1427 2426 1487 2471 nos
1526 2406 1620 2488 cogit.
1676 2402 1714 2470 Si
1755 2403 1817 2468 boc
1848 2403 1918 2486 ipso
1941 2412 2122 2502 praetexta
2156 2407 2300 2474 ridemus
2331 2411 2387 2475 Dci

400 2492 502 2557 trario
522 2491 647 2557 61611161
669 2511 748 2555 esse.
782 2488 828 2553 At
848 2507 927 2554 vero
948 2490 1131 2572 quicunque
1152 2489 1204 2571 pic
1227 2496 1259 2552 et
1280 2507 1374 2552 reve·
1426 2493 1605 2575 potentiam
1645 2490 1721 2572 quia
1753 2488 1925 2554 familiaris
1957 2486 2053 2556 nobis
2087 2513 2152 2560 non
2185 2503 2251 2572 est,
2285 2517 2386 2560 annon

401 2586 514 2643 666166
543 2575 583 2640 16
611 2575 757 2658 66166116
780 2575 843 2639 1161
865 2575 1025 2654 66611661,
1057 2575 1189 2640 nonnisi
1212 2574 1280 2639 eius
1303 2593 1375 2656 per·
1426 2579 1528 2644 simas
1549 2576 1721 2659 plusquam
1741 2573 1962 2658 praeposteri?
1984 2573 2037 2638 Ad
2055 2576 2145 2656 haec,
2168 2579 2196 2644 si
2208 2579 2388 2646 incredibile

401 2663 504 2728 missu
526 2671 707 2745 agnoscunt
724 2660 786 2727 boc
807 2662 928 2727 lactum
950 2681 1029 2726 6666.
1051 2660 1138 2725 Nam
1160 2658 1248 2724 istud
1269 2659 1375 2743 primo
1425 2662 1556 2729 videtur
1578 2660 1730 2745 loquutus
1751 2680 1822 2726 esse
1835 2660 1905 2726 Dec
1927 2661 2057 2726 iubente
2070 2661 2202 2730 bestias:
2229 2667 2316 2732 unde
2337 2669 2387 2731 16-

402 2747 578 2816 concedere
609 2768 741 2812 necasse
770 2757 834 2824 est,
871 2768 937 2811 non
964 2747 1101 2812 latuisse
1130 2744 1239 2810 Deum
1270 2744 1375 2827 qualis
1427 2750 1507 2814 mini
1529 2768 1646 2827 sermo,
1669 2744 1733 2811 nisi
1752 2746 1829 2829 quia
1849 2746 1921 2812 eius
1941 2746 2089 2829 linguam
2103 2750 2193 2818 11666
2215 2750 2386 2818 formavit?

400 2835 531 2900 1616666
552 2842 637 2899 esset
659 2840 809 2897 eventus:
840 2831 957 2898 161616
978 2833 1122 2916 potuisse
1152 2831 1324 2914 obsistere,
1346 2829 1374 2895 ei
1426 2834 1542 2900 Editus
1559 2833 1631 2899 sine
1649 2833 1762 2916 lingna
1779 2832 1814 2896 in
1837 2845 1912 2898 aera
1930 2832 2030 2898 161666
2050 2854 2145 2902 voces
2167 2836 2208 2902 ad
2229 2838 2388 2905 illustrau-
2489 2833 2490 2850 ¹

401 2921 449 2986 ita
487 2921 594 2984 visum
638 2919 730 2984 16661.
782 2917 956 2984 Caeterum
996 2915 1036 2982 de
1074 2917 1234 3000 permissu
1272 2935 1373 3000 quum
1426 2919 1501 2988 dam
1525 2918 1649 2986 Obristi
1671 2918 1825 3003 gloriam,
1848 2917 2058 3004 evangelium
2081 2921 2261 3004 praedicat:
2291 2926 2391 2989 minus

401 3007 531 3089 loquor,
568 3003 714 3088 intelligo
748 3004 849 3070 161666
886 3003 933 3068 1111
966 3003 1183 3069 constitutum
1217 3001 1373 3085 quidnam
1425 3006 1488 3072 hoc
1528 3005 1647 3071 rationi
1679 3003 1788 3070 caruis
1821 3004 1988 3087 probabile
2022 3023 2121 3086 quam
2154 3029 2196 3074 ex
2228 3010 2390 3076 brutorum

401 3093 475 3158 fieri
496 3091 603 3157 vallet.
622 3091 688 3156 Hic
710 3089 840 3173 quidem
863 3089 1011 3154 exoritur
1033 3109 1052 3153 a
1073 3088 1187 3154 multis
1207 3087 1375 3163 dissensio,
1426 3091 1619 3159 animalium
1651 3089 1814 3173 crealici
1846 3111 2039 3155 samonem.
2091 3091 2181 3174 Quid
2214 3097 2314 3180 igitur
2345 3097 2390 3160 hio

313 3204 316 3213 ·
402 3178 459 3262 qui
479 3175 586 3240 Adam
615 3174 717 3242 libero
738 3196 797 3242 suo
819 3175 955 3241 arbitrio
976 3175 1024 3239 ita
1045 3174 1238 3258 permissum
1268 3174 1367 3239 161666
1424 3179 1602 3262 impiorum
1629 3176 1812 3259 petulantia
1836 3175 2050 3241 insectatione
2071 3175 2208 3263 dignam
2230 3180 2390 3247 inveniet?

402 3263 639 3345 imaginantur,
657 3262 796 3326 6111666
814 3263 883 3326 6166
902 3261 1030 3343 lapsum
1046 3257 1198 3325 noluerit.
1230 3257 1374 3326 Sumunt
1424 3264 1630 3342 Ι66661616,
1660 3261 1808 3346 quisquis
1836 3260 1946 3326 Deum
1979 3262 2012 3327 in
2037 3264 2128 3329 coslo
2150 3267 2266 3332 statuit
2284 3265 2390 3332 mnndi
2490 3293 2491 3350 3

402 3369 464 3434 pro
482 3348 637 3425 confesso,
660 3347 746 3430 quod
764 3347 832 3412 illis
850 3347 962 3423 161666,
981 3345 1064 3410 61111
1082 3346 1193 3410 161666
1211 3366 1281 3411 esse
1298 3363 1374 3428 pro·
1425 3347 1617 3434 praesidem,
1640 3369 1733 3413 suam
1752 3347 1801 3411 illi
1819 3347 1997 3430 potentiam
2017 3370 2082 3413 non
2103 3354 2236 3436 negabit
2252 3354 2286 3417 in
2310 3375 2389 3418 6666-

402 3433 510 3501 161116
538 3454 634 3516 66661
664 3434 773 3499 116616
802 3433 924 3516 peccati
955 3432 1081 3498 6666661
1106 3451 1254 3507 6666661,
1287 3429 1374 3514 6661
1426 3445 1535 3514 16666,
1569 3445 1607 3498 61
1640 3433 1738 3498 16616
1770 3433 1925 3497 animalia
1956 3453 2017 3515 pro
2047 3455 2107 3502 666
2142 3439 2276 3504 66111616
2309 3438 2390 3521 16661

403 3529 452 3586 161
472 3520 634 3586 atrocibus
656 3519 771 3602 poenis
793 3519 882 3584 ultus
904 3526 963 3584 est.
1001 3515 1068 3584 Sed
1090 3538 1190 3602 quum
1212 3515 1284 3582 dico
1306 3535 1373 3580 uon
1425 3521 1553 3587 doceat:
1575 3520 1659 3584 sicut
1674 3518 1840 3583 interdum
1858 3517 2007 3585 16161666
2023 3541 2065 3587 ex
2086 3523 2236 3592 facundis
2253 3525 2391 3608 elingues

404 3607 475 3672 6166
497 3605 561 3669 1161
587 3602 791 3670 66116611666
817 3619 851 3669 61
879 3613 961 3670 6616
983 3604 1111 3688 1666661
1134 3603 1234 3669 161666
1255 3601 1372 3681 Adam,
1425 3605 1542 3673 reddit.
1595 3605 1698 3669 Porro
1726 3604 1762 3668 in
1794 3624 1834 3669 eo
1866 3623 1901 3668 se
1930 3606 2040 3687 prodit
2070 3606 2216 3676 Satanae
2245 3611 2390 3688 vafrities,

402 3691 526 3756 nonita
544 3690 666 3772 accipio
683 3692 776 3773 66661
793 3699 960 3773 peccatum
978 3690 1026 3755 illi
1045 3708 1187 3772 unquam
1206 3687 1373 3772 placuerit,
1426 3691 1511 3776 6661
1544 3711 1610 3756 666
1641 3697 1730 3756 66616
1761 3689 1870 3755 616661
1903 3691 2109 3775 aggreditur,
2144 3695 2203 3761 sed
2231 3697 2265 3761 in
2287 3696 2391 3761 uxoris

404 3788 463 3842 ant
498 3775 689 3858 simpliciter
717 3776 858 3841 voluerit
897 3783 1106 3859 pracceptum
1133 3773 1218 3857 quod
1241 3773 1375 3838 dederat
1425 3797 1563 3863 persona
1584 3777 1675 3858 66661
1698 3796 1758 3859 per
1779 3775 1947 3842 cuniculos
1968 3778 2104 3862 obrepit.
2138 3782 2301 3848 Insidiosa
2319 3783 2391 3846 baec

404 3861 530 3929 violari.
577 3859 750 3940 Quatenus
779 3863 858 3928 recti
886 3873 919 3927 et
945 3859 1026 3927 bene
1052 3879 1122 3925 com
1167 3861 1220 3925 siti
1249 3858 1374 3924 ordinis
1426 3861 1594 3929 adoriendi
1624 3861 1706 3926 ratio
1736 3862 1829 3927 nobis
1857 3860 1952 3927 hodic
1975 3883 2102 3948 666666
2124 3867 2199 3949 6166
2221 3869 2299 3934 66116
2320 3879 2392 3931 6616

405 3946 533 4014 6661616
557 3945 862 4031 1611Α166166666,
885 3947 1101 4029 6661666616
1147 3965 1223 4010 6661
1245 3943 1373 4028 legisla-
1427 3959 1491 4014 est:
1515 3957 1613 4032 atque
1629 3947 1757 4012 utinam
1775 3949 1822 4012 ita
1843 3947 1887 4012 611
1910 3956 1945 4013 61
1967 3950 2147 4032 prudenter
2169 3953 2263 4019 nobis
2284 3971 2391 4020 cavere

404 4041 509 4098 torem
540 4033 758 4111 contumacia,
800 4042 834 4097 et
867 4033 1009 4098 iustitiae
1042 4032 1274 4112 transgressio:
1310 4029 1374 4095 1161
1427 4035 1598 4100 discamus.
1616 4033 1702 4097 Nam
1726 4053 1790 4115 qua
1811 4041 1903 4116 66116
1926 4054 1985 4100 666
2008 4036 2099 4103 61161
2115 4059 2232 4122 666661
2255 4040 2392 4103 61661166

405 4118 569 4185 voluntati
587 4119 686 4183 161666
704 4117 877 4184 adversum
895 4125 1090 4184 6611661661.
1113 4117 1243 4182 Horum
1266 4127 1375 4181 166166
1426 4120 1540 4186 1661161
1564 4139 1599 4185 66
1620 4119 1785 4197 16616661,
1811 4139 1853 4184 66
1881 4121 1974 4203 66166
1996 4125 2157 4190 acuuntur
2179 4145 2277 4208 quam
2297 4144 2389 4207 6666·

403 4205 488 4270 61111
512 4203 619 4269 obstat
646 4205 819 4286 quominus
848 4214 936 4269 certa
965 4202 1005 4268 dc
1033 4223 1142 4280 causa,
1180 4202 1257 4268 licet
1283 4201 1375 4266 nobis
1427 4207 1564 4272 traverit
1593 4225 1655 4287 quo
1677 4204 1816 4270 volebat.
1859 4204 1935 4270 Nou
1957 4207 2079 4294 refugit
2101 4210 2220 4275 mulier
2237 4210 2389 4294 serpentis

405 4291 584 4374 incognita,
608 4289 772 4354 hominem
797 4289 862 4354 labi
885 4289 1032 4354 voluerit.
1062 4287 1210 4354 01166111
1229 4309 1375 4371 quorun·
1427 4291 1641 4374 colloquium,
1680 4289 1757 4373 quia
1796 4290 1923 4355 nullum
1962 4291 2068 4358 61166
2108 4294 2279 4362 dissidium
2310 4301 2389 4360 erat:

406 4376 481 4443 dam
505 4395 610 4450 aures,
633 4395 732 4458 quum
757 4373 886 4456 dicitnr,
905 4375 1014 4440 Deum
1032 4374 1189 4439 voluisse:
1207 4372 1264 4439 sed
1287 4373 1375 4457 quid,
1429 4377 1567 4442 1616161
1607 4397 1684 4460 argo
1724 4397 1788 4441 non
1824 4397 1918 4442 66666
1950 4397 1988 4442 66
2020 4378 2234 4448 domesticum
2266 4375 2389 4446 animal.

404 4463 547 4541 obsecro,
570 4461 658 4525 aliud
681 4461 821 4525 6616166
843 4461 1014 4544 permissio
1035 4460 1090 4542 qui
1112 4457 1377 4542 6661116611166
1429 4461 1623 4544 Quaeritur,
1665 4461 1822 4544 quidnam
1862 4460 2018 4528 Satanam
2056 4465 2098 4531 ad
2140 4465 2390 4534 machinandum

405 4549 520 4625 habet,
555 4547 623 4610 imo
649 4549 741 4612 cuius
771 4547 806 4611 iu
835 4567 935 4611 manu
964 4567 1016 4610 ras
1046 4556 1097 4612 est
1124 4547 1243 4628 posita,
1279 4565 1375 4627 quam
1429 4548 1697 4614 hominioxitium
1708 4547 1884 4631 impulerit.
1897 4547 2083 4616 Finxeruut
2092 4553 2211 4618 curiosi
2223 4553 2391 4636 sophistae,

405 4631 582 4700 voluntas?
606 4631 743 4698 Utinam
763 4653 798 4697 66
820 4633 922 4698 aDeo
945 4631 1079 4698 iudicari
1100 4632 1210 4715 potius
1231 4630 1378 4696 sinerent
1450 4635 1507 4699 uia
1534 4633 1738 4716 praeviderat
1767 4633 1871 4698 filium
1893 4634 1956 4700 1161
1976 4634 2119 4703 bumana
2139 4659 2240 4705 carne
2260 4637 2391 4703 161666-

406 4721 572 4794 16611666,
621 4739 716 4801 66616
755 4716 817 4783 sibi
852 4719 886 4782 in
922 4739 997 4783 eum
1031 4717 1186 4782 iudicium
1221 4715 1378 4800 sacrilega
1430 4657 1525 4799 1661,
1556 4719 1680 4785 invidia
1712 4719 1809 4784 simul
1840 4721 2011 4806 flagrasse:
2050 4745 2164 4790 vorum
2196 4724 2310 4790 1616616
2345 4730 2392 4787 661

404 4805 590 4872 temeritate
619 4815 800 4870 sumerent:
829 4825 945 4870 verum
969 4803 1048 4869 1666
1065 4804 1171 4870 666616
1193 4805 1379 4886 arrogantia
1430 4805 1616 4888 speculatio.
1661 4804 1746 4870 Nam
1774 4824 1874 4887 quum
1905 4805 2001 4872 homo
2024 4807 2392 4882 1661666111161111166,

407 4901 466 4968 est,
490 4891 629 4955 examini
650 4910 709 4955 666
731 4889 839 4954 Deum
863 4889 1032 4956 subiicere.
1075 4891 1145 4971 Ego
1166 4887 1227 4954 hoc
1249 4888 1379 4952 axioma
1431 4904 1468 4956 ut
1496 4912 1556 4958 666
1585 4913 1626 4956 ex
1654 4892 1775 4956 misera
1803 4890 2014 4976 dissipatione
2042 4896 2107 4960 iam
2135 4894 2280 4978 perditos
2306 4894 2390 4961 colli·

406 4979 510 5044 111661
547 4976 689 5053 retineo,
733 4975 814 5040 nibil
853 4977 957 5058 magis
987 4975 1101 5040 aDec
1136 4973 1279 5039 alienum
1308 4993 1379 5040 esse
1431 4987 1533 5064 garet,
1550 4976 1711 5061 quomodo
1728 4976 1912 5059 praevideri
1930 4981 2036 5060 potuit
2053 4981 2138 5062 quod
2161 4982 2308 5048 futurum
2331 5000 2393 5044 666

406 5082 505 5147 66661
523 5061 550 5126 61
568 5059 713 5126 11666166
734 5061 899 5126 hominem
923 5062 964 5127 ab
985 5081 1024 5127 eo
1044 5060 1228 5136 conditum,
1250 5069 1288 5134 61
1309 5080 1379 5125 sus·
1432 5071 1503 5130 erat
1520 5065 1581 5129 nisi
1597 5063 1694 5128 homo
1772 5063 1898 5129 cassat?
1923 5061 1961 5131 Si
1979 5067 2173 5132 coniecturis
2191 5065 2392 5140 1616616666,

407 5169 510 5231 66666
539 5155 572 5210 61
598 5144 697 5211 16116
721 5148 804 5211 16661
833 5148 903 5212 6166
932 5144 1080 5214 conditio.
1124 5144 1235 5226 Quare
1264 5155 1379 5223 statuo,
1430 5149 1697 5215 verisimiliusest
1720 5145 2395 5238 utdesparatisolent)rabiequadamiuisss

408 5234 503 5299 616611
533 5240 711 5297 6666161616
741 5233 889 5309 1666161,
920 5235 1009 5314 66166
1038 5231 1125 5315 6661
1152 5253 1186 5297 66
1215 5231 1381 5297 decretum
1404 5251 1410 5366 6
1432 5233 1597 5311 61661661,
1627 5244 1664 5300 61
1692 5255 1800 5300 666661
1830 5235 1865 5297 16
1893 5237 2079 5302 societatem
2099 5239 2224 5303 aeterni
2245 5238 2395 5304 interitus

407 5317 1158 5400 16161666,6611661616661616666166661.
1202 5317 1381 5400 Perpcram
1431 5320 1599 5387 hominem
1621 5329 1757 5404 6666661.
1802 5319 1927 5388 Verum
1949 5321 2011 5389 hac
2033 5342 2098 5388 uua
2118 5323 2245 5390 ratione
2265 5331 2396 5392 conten·
