5022 6192
182 449 225 514 45
660 430 663 438 ’
840 441 1212 512 uouunnnaams
1234 443 1284 508 ru
1307 441 1521 510 annnam.
2133 450 2179 514 se

182 643 243 714 est,
266 656 368 720 quum
386 635 493 718 adhuc
510 634 580 700 inte
603 655 639 698 er
655 641 689 698 et
705 640 813 700 rectus
834 631 1051 708 essetAdem,
1074 651 1156 713 opus
1206 631 1382 715 attigisset:
1416 655 1515 717 quum
1548 654 1683 718 poenam
1707 636 1741 699 in
1763 635 1900 718 longum
1923 645 2051 719 tempus
2074 636 2175 703 distu-

182 723 256 808 lcge
285 742 351 786 nun
374 720 523 786 habebat.
601 739 694 786 erum
716 718 835 784 solutio
862 718 1073 801 inpromptu
1096 725 1154 781 est.
1207 715 1291 782 lurit.
1326 718 1412 784 Nam
1435 729 1515 784 tunc
1537 721 1634 785 morti
1652 720 1799 786 addictus
1817 721 1880 786 luit
1898 722 2015 800 Adam,
2038 731 2071 788 et
2088 743 2177 788 murs

182 809 298 892 Neque
316 806 405 872 anim
427 806 496 871 illic
521 805 666 888 disputat
689 805 822 884 Paulus,
846 803 902 869 sod
928 825 970 868 ex
989 803 1155 869 communi
1206 822 1343 886 regnum
1362 826 1458 870 snum
1477 806 1511 870 in
1536 827 1573 871 eo
1597 806 1776 886 inchoavit,
1796 807 1898 872 donec
1922 807 2102 874 remedium
2129 810 2175 874 al·

177 895 273 960 ritae
294 913 358 958 usu
380 893 582 974 pronunciat,
606 892 662 974 qui
684 903 800 973 sponte
821 901 967 968 comunt,
996 910 1064 953 nun
1085 907 1156 953 esse
1205 886 1306 954 ferret
1327 892 1565 973 superveniens
1587 893 1702 976 gratia.

181 980 266 1065 legis
289 978 482 1044 neoessitate
510 976 689 1060 ongendus:
723 975 997 1059 quemadmodum
1026 973 1155 1058 vulgari
1294 975 1344 1042 18.
1369 976 1443 1042 Noa
1470 982 1516 1043 est
1535 977 1648 1044 mum
1674 983 1710 1042 at
1736 980 1779 1044 eit
1799 978 1908 1044 Adam
1930 978 2024 1045 uulua
2079 979 2176 1046 Nune

181 1065 355 1148 proverbio
372 1061 502 1142 dicitur,
521 1083 563 1127 ex
581 1063 676 1128 malis
693 1062 839 1128 moribus
856 1069 951 1125 nutas
964 1080 1034 1124 esse
1053 1059 1154 1123 bonas
1205 1059 1270 1124 Dei
1298 1060 1469 1128 consilium
1495 1065 1629 1146 exponit
1651 1063 1761 1130 Moses
1789 1065 1824 1128 in
1852 1063 1993 1130 creanda
2020 1065 2174 1130 muliera:

180 1151 281 1236 leges.
317 1149 455 1215 Interim
477 1168 545 1213 non
562 1155 663 1232 negat
679 1148 863 1232 quinDeus
881 1145 922 1212 ah
939 1147 1032 1210 initio
1049 1145 1154 1228 legem
1206 1165 1324 1231 nempe
1343 1155 1380 1212 nt
1397 1156 1508 1214 essent
1525 1149 1673 1215 homines
1689 1149 1725 1214 in
1743 1159 1832 1215 tarra
1849 1150 1905 1232 qni
1922 1159 2071 1215 mutuam
2089 1151 2177 1216 iuter

181 1237 308 1303 homini
329 1235 534 1318 imposuerit,
564 1243 602 1298 nt
627 1233 681 1298 ius
710 1233 772 1298 sihi
796 1231 941 1297 debitum
963 1230 1153 1297 vindicaret.
1205 1252 1240 1296 se
1262 1233 1449 1300 societatem
1472 1233 1626 1300 colerent.
1671 1235 1868 1318 Quanquam
1898 1233 2039 1300 dubitari
2068 1245 2177 1318 potest

182 1321 222 1390 Si
244 1323 317 1406 quis
335 1321 464 1386 obiiciat
482 1319 617 1384 alteram
631 1317 727 1383 Pauli
745 1317 952 1393 sententiam,
974 1317 1032 1382 ubi
1048 1317 1154 1401 legem
1205 1335 1248 1380 en
1280 1314 1321 1383 ad
1355 1320 1542 1402 progeniem
1577 1319 1692 1386 debeat
1725 1321 1858 1386 extendi
1887 1320 1967 1387 hauc
1996 1325 2173 1387 sententia:

181 1409 300 1474 asserit
310 1427 381 1472 esse
392 1407 575 1471 ministram
586 1405 700 1470 mortis
718 1403 761 1490 (2.
774 1404 848 1469 Gur.
862 1403 891 1478 3,
905 1401 951 1488 7);
976 1403 1153 1485 respondeo
1204 1404 1396 1486 simpliciter
1424 1406 1512 1470 enim
1533 1405 1594 1470 hou
1622 1417 1741 1471 sonant
1769 1408 1885 1474 verba:
1916 1405 2079 1489 Quoniam
2104 1408 2175 1473 viro

179 1494 214 1559 id
248 1513 320 1560 esse
352 1491 566 1566 accidentale,
600 1513 641 1556 ex
674 1511 736 1574 quo
769 1497 922 1573 corrupta
951 1498 1000 1552 est
1023 1497 1152 1554 natura.
1204 1508 1271 1554 nun
1293 1489 1425 1573 expedit
1446 1511 1517 1557 esse
1539 1492 1608 1571 suli,
1630 1491 1770 1557 creanda
1792 1502 1842 1557 est
1864 1512 1946 1557 uxor
1963 1513 2045 1574 quae
2066 1495 2110 1574 eit
2127 1493 2176 1557 illi

179 1581 276 1646 Tunc
305 1598 385 1644 vero
414 1575 528 1642 datum
561 1577 660 1641 fuisse
688 1575 816 1642 homini
835 1582 1044 1657 praeceptum
1066 1572 1153 1639 unde
1204 1574 1358 1642 adiutrix.
1408 1575 1481 1660 Ege
1514 1585 1623 1642 tamen
1658 1578 1704 1642 ita
1736 1578 1874 1660 accipio:
1915 1577 2002 1660 quud
2032 1579 2122 1644 Deus
2155 1600 2176 1644 a

181 1672 393 1750 cognosceret
420 1664 529 1729 Deum
562 1662 624 1728 eibi
656 1681 816 1744 praeesse.
858 1659 1033 1725 anterum
1072 1660 1153 1724 haec
1204 1663 1310 1746 primo
1343 1662 1475 1747 quidem
1509 1663 1613 1745 gradu
1635 1663 1774 1746 incipiat
1805 1663 1971 1730 humanae
2001 1665 2175 1741 societatis,

179 1753 310 1817 minuta
327 1749 444 1815 leviter
461 1757 637 1830 praetereo.
674 1747 761 1812 Illud
773 1745 858 1830 quod
870 1743 948 1824 dixi,
966 1747 1042 1828 quia
1056 1744 1152 1828 lunge
1203 1749 1284 1814 alius
1321 1755 1428 1814 tamen
1464 1749 1543 1814 velit
1571 1749 1758 1832 complecti,
1796 1769 1855 1814 suo
1894 1770 2056 1833 quemquo
2095 1749 2173 1816 loco.

179 1837 314 1903 maioris
332 1843 383 1900 est
399 1835 567 1911 momenti,
589 1832 727 1898 subinde
748 1833 905 1898 memoria
927 1832 1151 1914 repetendum,
1202 1834 1407 1918 Principium
1433 1855 1510 1917 ergo
1532 1834 1684 1917 generale
1705 1843 1764 1913 est,
1787 1835 1953 1900 conditum
1976 1855 2047 1900 esse
2069 1835 2173 1900 homi·

179 1932 260 1988 tnnc
282 1922 344 1987 rite
369 1919 579 2002 compositam
606 1919 676 1984 fure
698 1919 799 1984 vitam
830 1925 991 1997 nostram,
1025 1919 1053 1982 si
1079 1915 1152 1981 Deo
1203 1939 1289 1997 nem,
1308 1931 1347 1985 ut
1364 1921 1408 1984 sit
1426 1920 1543 1986 sociale
1561 1919 1692 1984 animal.
1721 1920 1794 1985 Iam
1811 1939 1877 1985 uun
1896 1927 2025 2004 putarat
2042 1931 2172 1988 exstare

178 2027 371 2093 pareamus,
402 2015 499 2088 atque
528 2006 598 2072 eius
621 2005 772 2070 voluutas
794 2004 941 2069 omnium
964 2013 1149 2069 nostrorum
1202 2004 1371 2070 huminum
1394 2006 1592 2089 genussine
1613 2004 1764 2072 muliere:
1796 2004 1940 2090 adeoque
1961 2007 1995 2071 in
2018 2007 2172 2074 coniunc-

179 2095 355 2160 affsutuum
375 2093 420 2158 sit
440 2091 606 2175 magistra.
1203 2092 1290 2155 hune
1311 2091 1479 2156 hominum
1500 2093 1673 2175 praecipue
1696 2093 1818 2156 eminet
1837 2093 1982 2158 sanctius
1999 2091 2080 2157 illud
2098 2094 2170 2157 vin-

265 2178 317 2244 De
338 2177 421 2242 mani
443 2176 560 2242 urbere.
613 2174 708 2257 Quod
732 2175 888 2241 libentius
909 2194 1034 2240 morsm
1057 2181 1151 2256 gerat
1202 2177 1321 2254 culum,
1344 2197 1409 2260 quo
1430 2178 1569 2242 maritus
1590 2188 1624 2242 et
1645 2178 1782 2243 uxorin
1800 2198 1902 2242 unum
1921 2197 2037 2260 corpus
2054 2199 2171 2243 unam·

179 2266 300 2343 Adam,
323 2263 552 2328 liberalitatem
574 2282 665 2328 suam
689 2263 782 2327 Deus
803 2259 1018 2325 commendat.
1056 2259 1151 2336 Ecce,
1202 2283 1264 2345 que
1282 2263 1426 2328 animam
1444 2262 1644 2328 coalescunt:
1668 2261 1939 2346 quemadmodum
1961 2272 2079 2328 natura
2099 2262 2172 2347 ipsa

178 2351 304 2434 inquit,
345 2349 403 2414 tihi
434 2349 471 2413 in
502 2368 637 2413 manum
667 2345 760 2412 trado
793 2345 949 2430 quidquid
982 2345 1150 2412 fruetuum
1202 2348 1385 2426 Platonem,
1403 2356 1436 2413 et
1453 2348 1534 2415 alios
1550 2347 1760 2433 philosophus
1782 2349 1925 2415 saniores
1944 2348 2032 2432 loqui
2050 2348 2169 2414 docuit.

178 2445 269 2503 terra
280 2437 404 2521 gignet,
421 2432 577 2517 quidquid
596 2433 738 2516 proferet
752 2452 848 2498 omne
862 2432 1015 2497 arborum
1029 2449 1149 2515 genus:
1202 2432 1378 2499 Caeterum
1390 2453 1574 2517 quenquam
1589 2435 1649 2500 hou
1661 2433 1701 2498 de
1713 2433 1819 2499 Adam
1832 2435 2059 2516 pronunciavit
2069 2434 2169 2512 Deus,

177 2544 220 2590 ex
239 2520 502 2602 immensauopia
520 2529 553 2584 et
570 2520 727 2584 venante
743 2539 843 2583 unam
862 2528 990 2582 tantum
1002 2517 1150 2582 arborem
1202 2519 1287 2602 quud
1314 2519 1363 2584 illi
1389 2540 1455 2585 non
1483 2531 1570 2585 esset
1598 2520 1677 2584 utile
1704 2539 1776 2584 esse
1803 2519 1877 2584 soli:
1907 2540 1972 2584 non
1996 2529 2106 2586 tamen
2128 2520 2170 2585 ad

178 2608 315 2690 excipio.
357 2604 487 2670 Deinde
508 2625 644 2688 poenam
669 2602 895 2670 denunciando
917 2612 1077 2668 terrorem
1099 2602 1149 2665 in·
1202 2606 1303 2670 sclam
1327 2606 1395 2671 eins
1415 2625 1588 2691 personam
1610 2605 1783 2689 restringe,
1809 2605 1865 2670 sed
1888 2606 1998 2688 potius
2019 2605 2171 2671 existimo

177 2695 272 2771 untit,
295 2691 490 2758 sanciendae
512 2691 592 2774 legis
614 2709 721 2755 causa.
757 2688 831 2773 Quo
850 2689 955 2755 maius
976 2695 1027 2754 est
1049 2687 1150 2752 homi·
1201 2712 1407 2757 communem
1437 2711 1508 2757 osse
1536 2690 1698 2757 humanae
1725 2691 1905 2757 vocationis
1932 2691 2095 2772 regulam:
2133 2701 2171 2756 ut

177 2779 231 2845 nis
252 2778 429 2862 flagitium,
463 2797 558 2860 quem
591 2797 697 2858 neque
729 2775 879 2842 amabilis
901 2775 965 2840 ieta
987 2774 1149 2839 donorum
1201 2774 1263 2842 sibi
1281 2777 1417 2860 quisque
1435 2776 1556 2843 dictum
1575 2776 1856 2860 acciperedebeat‚
1879 2796 1944 2841 non
1963 2777 2171 2843 essebonum

176 2866 243 2931 Dei
265 2863 547 2940 commemoratio,
578 2882 639 2926 nec
667 2881 789 2944 poenae
819 2869 926 2926 metus
948 2861 1090 2925 retinere
1112 2858 1148 2923 in
1201 2862 1427 2941 solitudinem,
1455 2864 1518 2928 nisi
1541 2884 1636 2945 quem
1659 2862 1751 2928 Deus
1774 2863 1864 2927 velut
1886 2862 2046 2945 singulari
2067 2863 2169 2945 privi-

175 2952 285 3017 effieio
306 2950 421 3033 potuit.
466 2946 533 3014 Sed
560 2949 728 3030 quaeritur
749 2967 846 3031 qnam
869 2947 985 3012 mortis
1006 2945 1148 3029 speeiem
1201 2946 1287 3032 legio
1318 2950 1449 3014 exemit.
1493 2949 1619 3014 Putant
1650 2948 1747 3014 multi
1778 2947 1846 3014 suis
1879 2948 2060 3014 rationibus
2093 2970 2169 3015 con·

175 3036 340 3120 intelligat
361 3034 453 3099 Deus
473 3034 535 3100 hoc
555 3033 636 3100 loco.
673 3033 759 3098 Mihi
783 3032 931 3098 delinitio
949 3032 1087 3114 peteuda
1105 3051 1146 3094 ex
1201 3032 1319 3100 ducere
1342 3034 1552 3100 caelibatum:
1581 3034 1716 3117 ideoque
1743 3054 1785 3100 ne
1806 3034 1919 3099 miseri
1940 3033 2024 3111 sint,
2051 3054 2071 3099 a
2093 3055 2169 3102 uon·

175 3123 325 3206 oppositu
354 3119 497 3186 videtur:
539 3119 734 3198 tenendum,
762 3118 913 3201 inquam,
942 3126 1055 3183 estex
1083 3136 1148 3199 qua
1200 3120 1290 3204 iugio
1324 3121 1497 3186 abstinent
1548 3120 1617 3186 Neu
1648 3118 1754 3185 sulum
1781 3119 1907 3202 profani
1934 3119 2085 3185 homines
2113 3119 2169 3186 de-

175 3211 247 3274 vita
269 3207 366 3273 homo
391 3205 556 3272 exciderit.
602 3205 687 3270 Erat
716 3206 807 3270 omni
831 3224 872 3268 ex
898 3212 993 3286 parte
1015 3200 1145 3267 beatus:
1200 3206 1360 3272 finierunt
1386 3207 1514 3272 beatam
1543 3227 1613 3271 esse
1641 3206 1745 3270 vitam
1769 3204 1883 3288 procul
1904 3226 2006 3270 uxore
2034 3205 2169 3290 degere:

174 3293 250 3360 ideo
267 3294 338 3359 eius
356 3293 425 3358 vita
441 3291 482 3356 ad
500 3310 618 3374 eorpus
631 3291 816 3356 etenimam
828 3289 950 3373 pariter
963 3287 1146 3372 spectabat:
1201 3290 1257 3356 sed
1280 3294 1368 3374 prior
1379 3291 1577 3376 Hieronymi
1598 3291 1682 3356 liber
1704 3301 1818 3357 contra
1836 3291 2055 3369 Iovinianum,
2074 3299 2168 3375 petu-

175 3379 290 3461 Qunm
310 3381 353 3443 iu
375 3379 446 3443 eius
474 3377 584 3442 anima
605 3378 734 3460 vigeret
763 3388 886 3441 rectum
909 3374 1083 3452 iudicium,
1116 3380 1149 3440 et
1199 3376 1345 3442 lantibus
1356 3378 1508 3444 conviciis
1523 3377 1664 3442 refertus
1683 3384 1740 3454 est
1760 3375 1876 3458 quibus
1886 3397 2020 3441 exosam
2032 3387 2169 3442 conatur

175 3463 452 3531 iustaallectuum
470 3461 656 3537 moderatio,
674 3461 741 3527 illie
751 3482 881 3545 quoque
892 3462 961 3527 vita
971 3460 1148 3544 regnabat:
1199 3472 1232 3527 et
1251 3462 1373 3528 infame
1395 3463 1530 3528 reddere
1551 3471 1700 3529 sanctum
1722 3463 1920 3544 coniugium.
1964 3460 2029 3528 His
2057 3465 2169 3547 pravis

174 3553 214 3617 in
236 3570 369 3633 corpore
390 3548 516 3615 nullum
536 3555 607 3614 erat
622 3547 757 3613 vitium:
781 3568 880 3630 quare
902 3555 990 3612 totus
1008 3567 1028 3610 a
1045 3552 1149 3611 morte
1199 3546 1343 3614 Satanae
1361 3547 1625 3635 suggestionibus
1642 3568 1804 3631 opponere
1817 3547 1943 3613 discant
1952 3547 2065 3613 fideles
2083 3549 2168 3615 hanc

175 3647 250 3703 erat
281 3635 446 3700 immunis.
501 3635 645 3699 Terrena
678 3631 808 3716 quidem
842 3634 913 3698 vita
953 3632 1002 3698 illi
1035 3633 1149 3697 fuisset
1198 3635 1262 3700 Dei
1284 3638 1489 3715 sententiam,
1512 3655 1577 3718 qua
1596 3635 1760 3699 hominem
1783 3632 1945 3716 coniugali
1967 3635 2070 3713 vitae,
2101 3656 2167 3701 non

173 3720 381 3805 temporalis:
404 3721 439 3784 in
462 3719 587 3784 coelum
610 3727 721 3784 tamen
742 3719 813 3783 sine
830 3718 979 3797 interitu,
1002 3726 1036 3784 et
1056 3717 1147 3782 illae·
1191 3721 1231 3784 'in
1254 3720 1325 3787 eius
1348 3721 1493 3796 exitium,
1516 3721 1571 3786 sed
1595 3720 1629 3784 in
1652 3718 1789 3785 salutem
1813 3718 1963 3784 destinat.

172 3831 236 3876 sus
258 3807 438 3892 migrasset.
483 3805 581 3871 Nunc
603 3825 691 3869 mors
717 3803 790 3870 ideo
817 3804 943 3871 horrori
966 3805 1058 3869 nubis
1080 3814 1146 3868 est:
1284 3806 1418 3872 Faciam
1435 3807 1465 3871 ei
1484 3806 1685 3871 adiuuante.
1730 3804 1854 3885 Quaeri
1882 3813 1989 3886 potest
2014 3826 2073 3871 cnr
2100 3826 2166 3872 non

171 3895 322 3980 primum
339 3893 415 3976 quia
433 3891 590 3974 quaedam
608 3900 657 3955 est
672 3891 862 3965 exinanitio,
891 3888 996 3974 quoad
1013 3910 1146 3972 corpus:
1197 3891 1318 3976 plurali
1346 3913 1480 3957 numero
1507 3890 1628 3956 dictum
1656 3891 1714 3956 sit:
1744 3891 1930 3970 Faciamus,
1953 3901 2111 3974 utsupra
2132 3894 2167 3956 in

173 3979 297 4046 deindo
318 3979 394 4063 quie
405 3979 467 4043 Dei
480 3975 741 4043 maledictionem
759 3977 860 4042 sentit
871 3978 988 4041 anima.
1025 3975 1147 4040 Viden·
1196 3979 1358 4044 creatione
1389 3978 1462 4043 viri.
1514 3978 1640 4042 Putant
1672 3975 1803 4058 quidam
1837 3976 1899 4040 hou
1930 3975 2025 4041 modu
2060 3979 2167 4042 notari

173 4067 259 4131 dum
287 4066 385 4130 etiam
415 4083 497 4146 quae
519 4063 563 4127 sit
584 4063 699 4127 mortis
720 4082 830 4142 eausa,
852 4063 1006 4127 alienatio
1023 4062 1147 4127 scilicet
1197 4065 1367 4147 utriusque
1389 4085 1487 4128 sexus
1507 4062 1691 4135 discrimen,
1723 4072 1821 4146 atque
1841 4061 1889 4126 ita
1911 4061 2038 4126 ostendi
2063 4082 2166 4144 quan-

171 4173 194 4217 a
220 4151 299 4216 Deo.
343 4149 426 4214 Inde
448 4150 603 4231 sequitur,
626 4148 742 4212 mortis
763 4149 894 4212 numine
916 4147 1146 4230 cumprehendi
1197 4161 1267 4215 tum
1286 4152 1339 4214 vir
1360 4169 1460 4232 supra
1481 4149 1650 4213 mulierem
1674 4147 1820 4212 excellat.
1857 4146 1942 4211 Mihi
1964 4157 2082 4227 autem,
2103 4149 2166 4214 etsi

171 4237 326 4303 miserias
353 4255 466 4301 omnes
493 4234 610 4316 quibus
638 4254 673 4297 se
699 4234 804 4298 Adam
839 4253 898 4316 per
930 4232 1146 4300 detentionem
1198 4255 1265 4300 non
1293 4235 1456 4300 contraria
1484 4255 1633 4316 prorsus,
1657 4233 1787 4299 diversa
1808 4243 1918 4297 tamen
1940 4233 2166 4315 interpretatio

171 4343 272 4389 suam
290 4322 465 4404 implicuit:
495 4319 592 4386 simul
616 4320 703 4384 enim
727 4341 764 4384 ac
786 4317 903 4384 defecit
925 4341 945 4384 a
966 4318 1038 4384 Deo
1061 4320 1146 4383 vitae
1196 4322 1302 4404 magis
1320 4321 1457 4385 arridet:
1476 4341 1593 4402 nempe
1611 4339 1712 4401 quum
1731 4319 1767 4382 in
1786 4337 1924 4401 persona
1941 4319 2003 4381 viri
2018 4327 2164 4385 creatum

171 4410 277 4484 fonte,
300 4408 443 4472 deiectus
463 4405 527 4471 fuit
548 4425 567 4468 a
586 4405 693 4488 priore
711 4415 809 4480 statu,
832 4417 868 4469 ut
886 4407 1022 4471 sentiret
1041 4404 1145 4470 homi·
1196 4408 1294 4471 suerit
1315 4406 1494 4470 humanum
1517 4425 1635 4488 genus,
1666 4424 1872 4470 communem
1901 4404 2001 4468 totius
2028 4411 2166 4470 naturae

171 4495 232 4561 nis
248 4493 349 4558 vitam
368 4495 438 4558 sinc
457 4493 527 4556 Deo
544 4493 697 4555 miseram
715 4511 786 4555 csse
804 4512 841 4556 ac
858 4492 1026 4574 perditam,
1049 4490 1146 4554 adeo·
1196 4491 1390 4575 dignitatem
1423 4512 1489 4556 nno
1522 4490 1626 4575 elogio
1657 4490 1841 4573 promiscuo
1873 4489 1974 4554 luisse
2006 4501 2164 4570 ornatam,

172 4600 243 4664 que
264 4579 346 4644 nihil
363 4579 494 4643 differre
516 4598 536 4642 a
556 4587 670 4642 morte.
711 4575 822 4657 Quare
844 4599 909 4641 non
931 4577 1094 4640 immerito
1113 4585 1147 4639 et
1196 4577 1253 4643 ubi
1266 4579 1389 4643 dietum
1409 4586 1475 4642 est:
1496 4575 1670 4641 Faciamus
1688 4575 1870 4640 huminem:
1889 4593 1948 4638 nec
1965 4593 2046 4656 upus
2064 4575 2165 4641 fuisse

172 4667 264 4732 vitae
292 4664 447 4747 privatio,
481 4672 514 4728 et
540 4683 629 4727 murs
662 4672 797 4728 vocatur
829 4663 970 4728 bominis
1002 4661 1146 4728 conditio
1196 4665 1300 4747 repeti
1318 4664 1351 4727 in
1370 4662 1511 4730 creanda
1527 4661 1672 4738 muliere,
1691 4682 1773 4742 quau
1792 4659 1872 4725 nihil
1891 4658 1980 4724 aliud
1999 4668 2050 4724 est
2067 4681 2164 4743 quam

172 4758 253 4836 pust
284 4763 461 4834 peccatum.
510 4751 698 4814 Aerumnae
730 4758 764 4812 et
796 4749 883 4814 mala
916 4760 984 4813 tum
1019 4747 1147 4812 animae
1196 4750 1261 4816 viri
1282 4751 1429 4814 accessio.
1473 4747 1598 4830 Negari
1619 4757 1706 4812 certe
1726 4767 1792 4810 nun
1814 4756 1920 4829 potest
1942 4747 2021 4828 quin
2046 4747 2165 4811 mulier

172 4847 249 4903 tum
277 4836 431 4918 corporis,
461 4833 577 4916 quibus
603 4832 772 4899 obsidetur
801 4834 898 4899 homo
924 4833 1082 4916 quamdiu
1110 4834 1144 4898 iu
1196 4855 1332 4917 quoque,
1350 4835 1427 4900 licet
1444 4832 1586 4899 secundo
1603 4832 1717 4916 gradu,
1735 4831 1774 4895 ad
1793 4831 1970 4914 imaginem
1982 4831 2044 4895 Dei
2056 4840 2165 4897 creata

172 4933 266 4990 terra
295 4923 400 5005 degit,
433 4919 594 5004 quoddam
624 4928 703 4984 sunt
730 4921 846 4985 mortis
873 4919 1009 4998 atrium,
1042 4919 1145 4984 donec
1196 4923 1256 4986 sit:
1289 4919 1377 4985 unde
1403 4919 1567 5002 sequitur,
1598 4916 1685 5001 qnod
1715 4917 1751 4981 in
1774 4919 1936 4981 creatione
1959 4916 2019 4982 viri
2042 4915 2164 4981 dietum

171 5029 267 5074 mors
292 5009 363 5090 ipsa
388 5007 483 5072 illum
511 5007 640 5089 penitus
667 5003 857 5082 obsorbeat,
889 5016 1034 5070 mortuus
1056 5007 1143 5069 enim
1195 5007 1265 5085 luit,
1299 5006 1339 5070 ad
1372 5026 1488 5071 saxum
1522 5002 1714 5068 muliebrem
1748 5002 1920 5085 pertinere.
1965 5001 2035 5066 lam
2060 5023 2164 5086 quum

172 5094 339 5176 scriptura
370 5095 490 5176 passim
521 5095 683 5169 nominat,
711 5092 767 5173 qui
795 5093 917 5175 peccati
940 5099 974 5155 et
999 5091 1144 5156 Satanae
1195 5094 1286 5157 Deus
1318 5093 1486 5157 mulierem
1519 5092 1590 5154 viro
1624 5091 1656 5154 in
1679 5088 1877 5153 adiutorium
1899 5088 2059 5164 assignat,
2097 5110 2162 5153 nun

172 5177 353 5266 tyrannide
382 5179 526 5263 oppressi
551 5177 631 5242 nihil
653 5196 751 5259 quam
770 5178 938 5242 interitum
961 5198 1055 5242 suum
1079 5177 1144 5258 epi·
1195 5187 1323 5242 tantum
1339 5176 1649 5259 uxoribusregulam
1669 5175 1847 5240 vocationis
1867 5193 1944 5238 suae
1961 5173 2162 5256 praescrihit,

170 5276 261 5332 rant
318 5263 429 5344 Quare
461 5283 662 5347 supervacua
694 5275 744 5327 cst
776 5264 939 5345 quaestio,
983 5262 1144 5346 quomodo
1195 5275 1232 5328 ut
1254 5284 1309 5328 eas
1331 5263 1371 5327 ad
1394 5263 1536 5328 officium
1567 5262 1733 5325 instituat:
1764 5258 1820 5324 sed
1847 5259 2057 5343 pronunciat,
2085 5280 2161 5325 con·

170 5351 270 5419 Ades
291 5351 435 5417 minatus
455 5350 556 5416 fuerit
574 5348 664 5414 Deus
684 5359 824 5414 mortem
846 5369 912 5432 quo
931 5347 1144 5414 distructum
1195 5350 1323 5433 ingiam
1346 5350 1425 5414 viris
1447 5349 1571 5433 reipsa
1592 5347 1661 5412 fure
1682 5347 1841 5429 optimum
1861 5346 1948 5411 vitae
1969 5343 2165 5412 subsidium.
