5022 6192
398 392 461 458 143
1059 389 1412 458 COMMENTARIUS
1433 389 1482 456 IN
1506 387 1719 456 GENDSIN.
2318 392 2367 456 144

398 580 491 646 Nocti
505 585 578 661 post
604 579 758 644 adactam
785 584 931 644 trecentos
956 599 1055 644 canoa
1082 584 1110 643 et
1135 580 1363 662 quinquaqinta
1386 583 1389 625 ³
1415 578 1534 643 tutelae
1562 591 1727 662 acceptum
1759 580 1836 645 ferri
1858 580 1961 646 debet
2006 578 2094 661 Quid
2116 580 2204 644 euim
2226 579 2305 644 alias
2325 582 2365 642 s·

395 687 502 732 cama.
547 665 597 731 29.
619 663 759 730 Fuerant
780 669 881 728 comm
902 685 1005 730 omitte
1025 665 1091 730 aas
1110 664 1202 730 Noae
1222 665 1364 748 ruotperti
1415 674 1523 728 turum
1545 675 1715 746 putamus,
1739 687 1839 746 quum
1862 666 2034 732 videantur
2056 667 2089 730 in
2111 664 2286 747 perniciem
2304 687 2365 729 nos·

397 753 472 816 aaut
493 756 520 816 et
541 751 766 834 quinquaqinta
787 751 879 814 aaut:
902 755 929 814 et
950 755 1091 814 mortuas
1113 755 1165 815 est.
1413 757 1499 814 tram
1525 762 1635 830 natae,
1665 761 1698 814 et
1720 750 1842 818 furiosa
1863 749 1998 817 nocendi
2027 749 2194 816 lrbrdrdrne
2220 748 2365 814 ardeant?

1414 835 1517 899 Porro
1544 837 1693 900 fraenum
1720 857 1783 917 quc
1810 837 1971 902 Dominus
2000 837 2177 901 bestiarum
2210 837 2366 901 saevitiam

482 922 509 986 1.
543 921 711 986 Bmediut't
750 920 840 986 Deua
880 920 982 985 Noae.
1045 921 1133 986 Hinc
1172 922 1363 987 coniicimus
1413 923 1599 1003 compescit,
1625 943 1665 986 ne
1688 942 1722 986 se
1743 922 1776 985 in
1800 923 1949 988 homines
1970 921 2158 1006 profundat,
2181 921 2366 1002 estquidam

394 1016 516 1089 quanto
553 1016 644 1071 metu
672 1014 855 1090 prostratus
885 1005 983 1070 fuerit
1011 1005 1123 1085 Noah,
1152 1007 1236 1090 quod
1271 1007 1362 1071 Deus
1414 1007 1511 1070 timor
1532 1018 1563 1070 et
1585 1027 1700 1089 pavor,
1729 1029 1826 1090 quem
1848 1008 1912 1073 illie
1936 1007 2024 1072 Deus
2053 1006 2238 1088 insculpsit:
2271 1018 2309 1071 ut
2327 1029 2367 1072 re·

394 1092 490 1157 toties
520 1113 557 1158 ao
589 1101 657 1158 tam
690 1092 814 1174 prolixe
842 1092 878 1154 in
906 1113 944 1156 eo
976 1092 1198 1157 confirmando
1230 1092 1361 1157 insistit.
1413 1105 1588 1156 vereantur
1614 1103 1821 1176 conspectum
1851 1094 2030 1158 hominum.
2075 1093 2146 1158 Hoc
2176 1092 2369 1174 peculiariter

393 1178 481 1242 Nam
502 1198 601 1262 quum
623 1179 677 1242 hic
700 1177 776 1242 dicit
795 1177 903 1242 Moses
922 1178 1029 1242 Deum
1047 1178 1250 1243 benedixisse
1268 1179 1363 1242 Noah
1414 1177 1453 1240 de
1483 1179 1612 1261 regibus
1641 1179 1759 1243 Daniel
1792 1178 1970 1261 praedicat,
2004 1200 2059 1243 eos
2092 1179 2213 1243 scilicet
2246 1180 2369 1260 imperio

394 1273 427 1328 et
449 1264 525 1329 filiis
546 1263 626 1342 eius,
648 1285 714 1328 non
736 1261 925 1344 simpliciter
942 1262 1096 1346 intelligit
1118 1263 1277 1328 redditam
1300 1264 1364 1327 illie
1414 1263 1519 1345 potiri,
1549 1263 1633 1347 quod
1655 1276 1777 1328 metum
1806 1285 1918 1329 eorum
1940 1274 1973 1328 et
1993 1262 2201 1328 formidinem
2220 1263 2370 1328 Dominus

393 1349 619 1414 foecunditatis
650 1349 790 1431 gratiam
823 1369 909 1413 esse:
945 1346 1002 1412 sed
1035 1349 1233 1429 patefactum
1266 1349 1362 1414 simul
1414 1358 1481 1412 tam
1514 1349 1700 1414 hominibus
1729 1371 1826 1431 quam
1857 1351 1967 1415 bestiis
1995 1351 2141 1414 incutiat.
2192 1349 2314 1414 Verum
2340 1357 2371 1412 ut

396 1435 459 1499 Dei
481 1435 653 1500 consilium
675 1432 715 1497 de
738 1455 823 1500 nova
850 1433 1086 1499 instauratione
1109 1434 1231 1499 mundi.
1277 1435 1360 1499 Nam
1413 1433 1468 1497 ille
1485 1436 1611 1517 primus
1628 1446 1679 1500 est
1707 1436 1834 1499 timoris
1860 1435 1980 1520 gradus
2003 1433 2042 1498 ad
2071 1432 2224 1499 tuendam
2254 1437 2370 1516 generis

396 1542 458 1588 vox
479 1520 539 1585 Dei
569 1541 633 1603 qua
654 1521 741 1602 ipsos
771 1519 958 1600 alloquitur,
990 1518 1208 1585 benedictioni
1234 1541 1363 1585 annexa
1414 1519 1549 1584 humani
1571 1521 1774 1586 societatem:
1794 1522 1841 1585 ita
1862 1533 2022 1603 quatenus
2040 1521 2191 1603 generale
2209 1519 2371 1602 imperium

394 1616 453 1672 est.
485 1605 613 1672 Scimus
631 1606 728 1670 bruta
747 1604 900 1669 animalia
917 1604 1048 1669 nonnisi
1060 1604 1123 1670 Dei
1143 1603 1363 1670 benedictione
1413 1605 1449 1669 in
1471 1605 1590 1670 bestias
1613 1605 1704 1671 Deus
1733 1607 1919 1672 hominibus
1947 1605 2094 1682 tradidit,
2128 1606 2163 1670 in
2192 1607 2325 1670 summis
2344 1615 2371 1669 et

393 1693 534 1757 sobolem
553 1711 738 1774 procreare:
756 1688 813 1755 sed
832 1689 885 1755 hic
902 1691 1110 1774 privilegium
1133 1699 1364 1756 commemorat
1413 1691 1536 1756 infimis
1565 1692 1654 1775 viget
1683 1692 1790 1758 nescio
1817 1713 1899 1774 quae
1927 1690 2052 1756 occulta
2079 1703 2171 1766 nota,
2205 1713 2288 1773 quae
2316 1713 2371 1754 nou

394 1778 504 1842 Moses
533 1776 674 1860 quadiu
704 1776 788 1841 solos
815 1776 963 1840 homines
993 1777 1154 1858 competit.
1201 1778 1298 1861 Ergo,
1321 1798 1362 1841 ne
1412 1778 1537 1860 patitur
1575 1778 1716 1842 ferarum
1755 1777 1923 1843 saevitiam
1963 1797 2021 1840 suo
2067 1777 2191 1860 impetu
2231 1778 2370 1860 grassari.

395 1864 457 1929 viri
491 1865 545 1928 isti
577 1873 715 1946 quatuor
743 1883 817 1927 oum
851 1861 1006 1926 uxoribus
1038 1861 1253 1944 trepidatione
1292 1883 1362 1926 cor·
1414 1863 1491 1927 Alia
1513 1870 1623 1927 tamen
1645 1863 1698 1930 hic
1721 1871 1854 1928 notatur
1876 1863 2008 1941 utilitas,
2039 1874 2178 1946 atquae
2207 1862 2306 1926 latius
2325 1883 2372 1944 po·

396 1950 495 2031 repti,
525 1969 680 2031 quorsum
703 1947 826 2012 fuerint
845 1947 964 2030 erepti,
987 1947 1150 2025 dubitent,
1179 1949 1265 2012 vitae
1287 1969 1362 2013 con·
1414 1958 1476 2012 tet:
1500 1968 1617 2030 nempe
1639 1961 1676 2012 ιιι
1697 1949 1730 2012 in
1754 1969 1850 2014 suum
1873 1947 2075 2013 commodum
2101 1948 2295 2012 animalibus
2315 1949 2373 2012 fru-

395 2034 551 2100 ditiouem
562 2035 726 2099 Dominus
740 2032 806 2097 illis
818 2033 851 2096 in
865 2030 1013 2096 futurum
1024 2031 1223 2114 praeseribit,
1243 2044 1280 2097 ut
1291 2055 1363 2098 sue·
1414 2045 1513 2098 antur
1535 2034 1692 2110 homines,
1716 2034 1805 2099 etin
1828 2035 1936 2098 varios
1960 2054 2039 2097 usus
2061 2054 2119 2115 pro
2141 2054 2202 2099 sua
2223 2032 2374 2098 industria

393 2121 496 2184 citent
517 2141 620 2205 genus
641 2120 823 2184 humanum
846 2140 885 2182 ex
906 2120 1062 2182 mortain
1081 2121 1192 2183 vitam.
1228 2118 1363 2183 Itanon
1414 2129 1447 2185 et
1470 2120 1661 2186 necessitate
1689 2120 1861 2202 applicent.
1907 2119 1996 2202 Ergo
2019 2119 2103 2201 quod
2129 2119 2230 2184 boves
2252 2119 2373 2182 ferendo

393 2205 497 2270 solum
530 2203 643 2270 eodem
676 2204 776 2269 verbo
808 2203 965 2269 mundum
999 2213 1134 2268 renovat
1162 2226 1225 2286 quo
1258 2205 1364 2286 ipsum
1414 2206 1490 2289 iugo
1512 2215 1717 2281 assuescunt,
1746 2204 1831 2288 quod
1856 2205 2005 2269 domatur
2027 2225 2184 2286 equorum
2207 2206 2374 2270 ferociunt

393 2292 484 2373 prius
502 2292 639 2356 creavit:
662 2290 718 2356 sed
738 2287 876 2355 verbum
889 2289 1074 2354 homiuibus
1092 2289 1239 2368 destinat,
1261 2301 1299 2354 ut
1319 2290 1364 2355 le-
1414 2311 1556 2356 sessores
1580 2290 1771 2369 admittant,
1801 2291 1854 2356 vel
1876 2289 2045 2372 portandis
2070 2289 2223 2355 oneribus
2246 2290 2374 2354 clitellas

393 2377 545 2461 gitimum
574 2377 715 2462 coniugii
744 2396 839 2440 usum
872 2386 1081 2457 recuperent:
1115 2377 1219 2440 scient
1251 2396 1364 2440 curam
1415 2377 1587 2459 recipiant:
1610 2376 1696 2458 quod
1718 2375 1769 2441 lac
1791 2375 2002 2459 suppeditant
2021 2395 2151 2451 vaccae,
2178 2396 2278 2457 seque
2299 2375 2373 2439 mul·

394 2462 577 2547 gignendae
601 2463 719 2527 sobolis
737 2462 863 2544 placere
878 2461 966 2525 Deo:
990 2462 1150 2525 orituram
1170 2483 1212 2524 ex
1235 2483 1270 2526 se
1289 2482 1363 2543 pro·
1416 2462 1485 2546 geri
1508 2462 1685 2544 patiuntur,
1708 2461 1794 2544 quod
1817 2463 1875 2526 eub
1899 2482 1997 2526 mauu
2016 2463 2156 2544 tonsoris
2172 2482 2251 2526 oves
2273 2461 2374 2526 obmu-

395 2549 525 2631 geniem
552 2548 718 2614 confidant
739 2567 822 2629 quae
845 2568 880 2610 ee
901 2568 961 2630 per
981 2567 1095 2620 omnes
1123 2555 1229 2611 terrae
1251 2547 1365 2628 plagae
1417 2558 1558 2627 tesount,
1585 2547 1705 2630 pendet
1726 2567 1768 2613 ex
1789 2549 1850 2613 isto
1873 2546 2029 2611 dominio:
2061 2548 2210 2628 quamvis
2231 2547 2375 2610 imminu·

395 2633 565 2709 diffundat,
589 2634 766 2697 utiterum
788 2630 964 2708 habitetur,
988 2631 1116 2696 tametsi
1138 2643 1231 2696 vasta
1253 2644 1286 2696 et
1309 2632 1363 2696 de·
1417 2643 1486 2698 tum
1509 2636 1551 2698 sit
1575 2655 1694 2716 magua
1716 2655 1756 2698 ex
1779 2645 1887 2716 parte,
1910 2652 1974 2697 non
1997 2642 2105 2698 tamen
2128 2654 2262 2716 prorsus
2285 2631 2377 2695 aboli-

394 2730 482 2786 eerta
503 2719 609 2784 fuerit.
645 2719 714 2784 Nec
732 2736 810 2782 vero
831 2718 1015 2798 promiscua
1036 2717 1203 2801 generatio
1225 2717 1364 2782 homini·
1417 2728 1488 2783 tum
1511 2728 1569 2783 est.

393 2806 453 2870 bus
476 2824 627 2871 concessa
648 2805 726 2882 fuit,
745 2802 800 2869 sed
820 2801 860 2867 de
880 2803 1006 2887 integro
1029 2804 1139 2867 sanxit
1160 2802 1265 2886 legem
1287 2824 1363 2868 eon·
1502 2805 1530 2868 3.
1565 2805 1660 2869 Οιιιιιε
1681 2804 1787 2886 reptile
1814 2804 1895 2884 qaod
1916 2804 1992 2867 oiott
2013 2803 2096 2868 vobis
2117 2803 2177 2867 erit
2197 2804 2241 2868 ad
2267 2823 2376 2867 vescen-

393 2892 473 2975 iugii
515 2911 613 2973 quam
651 2895 817 2954 statuerat.
862 2889 936 2953 Etsi
965 2896 1074 2952 autem
1103 2888 1145 2953 ad
1167 2909 1266 2972 vagos
1288 2909 1363 2954 con·
1416 2891 1499 2956 dum.
1551 2891 1648 2956 Ultra
1675 2887 1880 2974 progreditur
1908 2889 2083 2968 Dominus,
2111 2898 2144 2952 et
2176 2889 2328 2952 animalia
2348 2889 2375 2950 in

393 2978 522 3042 cubitus
552 2975 787 3058 quodammodo
811 2973 1001 3038 extenditur
1022 2975 1084 3038 Dei
1107 2974 1304 3052 benedictio,
1326 2982 1365 3039 ut
1416 2975 1524 3042 cibum
1544 2975 1731 3040 hominibus
1753 2973 1914 3052 concedit,
1938 2981 1975 3037 ut
1996 2993 2109 3038 eorum
2131 2993 2228 3038 earne
2252 2994 2376 3056 pascan-

393 3063 470 3126 inde
503 3073 658 3128 nascatur
690 3061 830 3126 soboles:
864 3073 915 3124 est
947 3067 1058 3124 tamen
1091 3059 1149 3122 illa
1180 3059 1364 3124 adulterina
1416 3073 1479 3126 tur.
1532 3061 1618 3142 Quia
1647 3071 1757 3124 autem
1786 3080 1873 3125 nuuc
1905 3060 2047 3141 primum
2077 3059 2185 3125 Moses
2215 3061 2276 3126 boo
2304 3060 2377 3123 iuris

393 3147 610 3224 foecunditas,
640 3147 788 3232 legitima
817 3153 924 3210 autem
949 3146 1080 3210 nonnisi
1103 3167 1145 3210 ox
1174 3146 1278 3212 vocali
1302 3146 1364 3211 Dei
1416 3147 1604 3211 homiuibus
1625 3144 1738 3210 datum
1760 3143 1858 3209 fuisse
1877 3143 1986 3221 refert,
2009 3144 2167 3228 eolligunt
2185 3165 2300 3210 omnes
2316 3145 2377 3208 fere

393 3231 617 3299 benedictione
639 3241 760 3298 manat.
1416 3233 1627 3316 interpretes,
1661 3230 1786 3295 homini
1814 3241 1890 3295 aute
1922 3230 2081 3295 diluvium
2110 3231 2160 3295 fae
2189 3253 2256 3294 non
2286 3231 2378 3294 fuisse

478 3319 508 3383 2.
526 3318 570 3383 Et
587 3321 678 3384 timor
698 3323 802 3383 ceam.
840 3318 914 3382 Hoc
931 3337 1057 3400 quoque
1076 3315 1117 3381 ad
1134 3316 1247 3381 muudi
1269 3316 1363 3382 resti·
1415 3319 1502 3383 vesei
1531 3318 1698 3394 carnibus,
1727 3315 1784 3381 sed
1812 3315 1941 3381 nativos
1970 3325 2097 3380 tantum
2124 3315 2251 3381 fructus
2280 3329 2377 3380 terrae

391 3405 551 3470 tutionem
574 3405 717 3469 maxime
746 3405 929 3487 spectabat,
952 3413 991 3467 ut
1014 3417 1162 3466 maneret
1184 3423 1282 3484 penes
1306 3402 1363 3465 bo·
1414 3404 1462 3468 illi
1499 3404 1599 3468 fuisse
1628 3423 1686 3485 pro
1716 3403 1797 3468 cibe.
1850 3401 1916 3467 Sed
1946 3408 2177 3483 argumentum
2212 3423 2276 3466 non
2305 3401 2377 3467 satis

391 3491 497 3554 mines
529 3490 705 3572 imperium
727 3489 763 3552 in
791 3491 916 3571 reliqua
945 3488 1107 3552 animalia.
1153 3489 1225 3552 Etsi
1253 3499 1363 3552 antem
1414 3490 1547 3553 firmum
1579 3500 1636 3553 est.
1692 3489 1764 3572 Ego
1803 3490 1889 3552 enim
1930 3487 2126 3570 principium
2163 3487 2247 3553 illud
2280 3499 2376 3562 teneo,

393 3575 516 3640 bestiae
544 3587 618 3658 post
648 3577 774 3656 lapsum
804 3575 945 3638 bominis
972 3573 1148 3640 induerant
1175 3593 1293 3637 novam
1316 3574 1362 3637 fe*
1414 3577 1522 3640 Deum
1541 3575 1594 3640 hio
1610 3593 1675 3638 non
1693 3575 1765 3656 plus
1782 3574 1895 3657 largiri
1913 3572 2098 3638 hominibus
2116 3594 2215 3654 quam
2234 3573 2377 3638 dederat:

394 3663 529 3726 rociam:
551 3660 728 3725 manebant
744 3669 855 3724 tamen
874 3660 943 3722 eins
961 3659 1095 3723 dominii
1113 3659 1268 3740 reliquiae
1279 3657 1362 3740 quod
1413 3660 1469 3726 sed
1490 3669 1619 3725 tantum
1649 3660 1783 3724 reddere
1809 3657 1893 3742 quod
1923 3660 2029 3723 fuerat
2057 3657 2219 3737 ablatum,
2248 3669 2286 3722 ιιι
2312 3679 2377 3740 pos·

393 3747 484 3811 Deae
506 3746 599 3810 initio
622 3747 814 3811 contulerat.
858 3744 1010 3809 Eundem
1033 3767 1118 3810 nunc
1144 3764 1273 3826 quoque
1295 3753 1361 3808 sta·
1413 3748 1588 3811 sessionem
1623 3747 1780 3811 bonorum
1813 3743 1900 3810 unde
1939 3747 2069 3808 fuerant
2102 3743 2230 3826 depulsi
2263 3747 2376 3808 iterum

394 3845 463 3894 tum
484 3833 552 3895 fore
582 3833 749 3913 promittit.
794 3830 953 3894 Videmus
982 3829 1111 3912 quidem
1133 3830 1220 3894 feras
1243 3829 1362 3894 bestias
1413 3845 1555 3897 cernant.
1593 3832 1676 3896 Nam
1695 3852 1794 3913 quum
1818 3832 1908 3912 prius
1931 3837 2111 3894 mactarent
2128 3831 2199 3895 Deo
2223 3831 2376 3902 victimas,

394 3917 553 3982 violenter
575 3919 699 3980 irruere
720 3917 756 3980 iu
786 3915 950 3994 homines,
981 3916 1162 3998 discerpere
1183 3916 1302 3980 multos
1325 3936 1362 3978 ac
1413 3928 1447 3982 et
1468 3919 1616 4001 iugulare
1638 3917 1703 3982 illis
1725 3917 1811 3981 feras
1833 3917 1952 3994 liceret,
1977 3937 2018 3979 ex
2040 3935 2176 3998 quarum
2195 3917 2290 3992 corio,
2315 3913 2377 3996 pel·

393 4002 532 4067 laniare:
567 4001 623 4065 eod
654 4003 718 4066 nisi
754 4022 866 4066 earum
905 4001 1133 4066 truculentiam
1169 4000 1362 4065 mirabiliter
1386 4013 1388 4125 g
1413 4003 1497 4068 libus
1531 4013 1635 4068 vestes
1668 4002 1727 4066 eibi
1761 4012 1793 4067 et
1827 4002 2035 4067 tabernacula
2071 4003 2283 4066 conficerent:
2317 4021 2376 4064 non

393 4103 610 4170 compesceret
632 4087 738 4165 Deus,
769 4088 916 4169 protinus
939 4105 1045 4152 acrum
1074 4097 1159 4152 osset
1180 4087 1220 4152 de
1242 4107 1362 4169 genere
1414 4088 1506 4154 video
1529 4109 1688 4171 quaenam
1711 4109 1765 4154 eos
1787 4088 1826 4153 ab
1848 4109 1907 4152 esu
1928 4087 2075 4152 earnium
2094 4086 2209 4171 religio
2227 4084 2377 4169 impedie-

393 4174 547 4238 bumano.
593 4173 681 4255 Ergo
704 4173 789 4256 quod
813 4173 853 4236 de
870 4174 954 4238 aeris
971 4173 1165 4256 intemperie
1186 4183 1219 4237 et
1238 4187 1361 4255 tempo·
1413 4177 1464 4238 rit.
1501 4174 1675 4240 Caeterum
1694 4174 1852 4256 quianon
1871 4173 1982 4256 magui
2004 4171 2105 4236 refert
2125 4173 2290 4237 utrumvis
2313 4192 2378 4236 sen·

393 4280 466 4324 rum
495 4259 725 4340 inaequalitate
750 4259 906 4335 diximus,
936 4259 970 4322 in
994 4258 1055 4322 hae
1077 4261 1174 4323 etiam
1202 4269 1293 4340 parto
1316 4259 1360 4322 lo·
1413 4262 1475 4324 tias
1508 4261 1589 4326 nibil
1623 4261 1760 4324 affirmo.
1811 4259 1883 4324 Hoc
1912 4259 2027 4322 merito
2055 4258 2158 4340 pluris
2191 4260 2284 4324 nobis
2313 4277 2377 4320 esso
2482 4267 2483 4286 l

391 4366 465 4410 cum
489 4343 595 4408 habet.
641 4345 843 4409 Grassautur
871 4344 1001 4426 quidem
1029 4363 1144 4408 saevae
1170 4343 1307 4418 bestiae,
1330 4355 1361 4408 et
1413 4345 1524 4419 debet,
1557 4345 1642 4428 quod
1674 4365 1771 4410 carne
1802 4344 1991 4408 animalium
2020 4344 2199 4420 vescimur,
2229 4345 2260 4407 id
2291 4341 2377 4407 nobis

391 4431 426 4494 in
459 4432 606 4494 homiues
641 4430 753 4496 multis
786 4428 889 4494 modis
920 4430 1088 4494 saeviunt:
1123 4427 1203 4514 (non
1226 4430 1360 4492 mirum:
1414 4432 1475 4496 Dei
1498 4431 1964 4496 beneficioconcessumesee:
1988 4450 2131 4494 noanon
2156 4450 2270 4513 rapere
2293 4445 2378 4491 more

391 4537 469 4581 nam
500 4536 599 4597 quum
634 4525 785 4597 proterve
817 4516 1022 4580 lasciviamus
1054 4514 1212 4580 adversus
1244 4516 1361 4588 Deum,
1412 4515 1613 4601 praedonum
1631 4516 1715 4598 quod
1731 4515 1829 4579 libido
1847 4525 1959 4580 nostra
1976 4517 2109 4597 appetit,
2131 4537 2191 4580 nec
2215 4514 2379 4599 tyrannice

391 4623 450 4667 cur
475 4623 539 4666 non
568 4601 604 4664 iu
634 4623 693 4666 nos
722 4602 841 4667 bestiae
869 4600 1114 4686 insurgerent‘l)
1145 4601 1276 4664 interim
1299 4601 1362 4664 Dei
1413 4601 1551 4666 fundere
1569 4603 1738 4667 innoxium
1761 4603 1952 4674 sanguinem
1975 4599 2151 4683 pecudum:
2175 4600 2232 4666 sed
2254 4609 2379 4664 tantum

392 4687 598 4770 providentia
632 4707 787 4752 areanum
827 4701 875 4752 est
907 4686 1057 4751 fraenum
1092 4687 1132 4750 ad
1168 4685 1362 4751 cohibendos
1413 4708 1542 4752 sumere
1571 4687 1654 4769 quod
1685 4708 1783 4752 manu
1808 4685 1942 4750 Domini
1971 4686 2114 4750 oblatum
2141 4694 2199 4751 est.
2244 4683 2379 4750 Audivi·

391 4795 505 4837 oarum
535 4775 683 4855 impetus.
728 4771 824 4839 Unde
845 4773 934 4837 euim
956 4775 993 4836 lit
1016 4781 1052 4836 ut
1079 4779 1246 4854 serpentes
1269 4772 1362 4836 nobis
1413 4795 1485 4838 mus
1507 4773 1584 4855 quid
1608 4773 1729 4838 Paulus
1752 4771 1839 4837 dicat
1861 4770 1967 4856 (Rom.
1992 4771 2042 4848 14,
2066 4771 2129 4857 14),
2152 4771 2291 4836 liberum
2314 4789 2380 4834 esse

391 4867 541 4940 parcant,
569 4859 631 4922 nisi
649 4859 724 4941 quia
751 4859 883 4923 illorum
916 4857 1123 4922 virulentiam
1153 4857 1360 4938 comprimit?
1414 4859 1500 4922 vesci
1523 4860 1728 4940 quibuslibet,
1752 4858 1847 4923 modo
1865 4857 1951 4922 adsit
1967 4858 2185 4922 conscientiae
2207 4855 2378 4922 certitudo:

392 4943 487 5010 Unde
520 4945 557 5006 tit
584 4955 621 5008 ut
654 4965 717 5009 nen
745 4944 885 5021 lanient,
923 4943 1110 5026 discerpant
1137 4965 1174 5008 ac
1206 4944 1363 5007 devorent
1411 4944 1616 5008 immundum
1648 4955 1755 5009 autem
1784 4965 1853 5009 esse
1882 4941 2039 5026 quidquid
2067 4943 2126 5008 sibi
2156 4944 2292 5027 quisque
2322 4943 2379 5005 im·

391 5028 546 5111 quidquid
566 5040 614 5094 est
634 5031 802 5094 hominum
821 5031 931 5111 tigres,
950 5029 1124 5112 elephanti,
1147 5030 1265 5109 leones,
1284 5029 1361 5105 ursi,
1413 5028 1571 5094 mundam
1595 5031 1698 5113 fingit.
1744 5028 1839 5095 Unde
1862 5037 1968 5093 autem
1993 5032 2054 5094 boc
2077 5028 2213 5106 bomini,
2235 5041 2274 5092 ut
2292 5040 2378 5090 tran-

393 5116 469 5196 lnpi,
489 5127 521 5178 et
539 5114 620 5178 aliae
638 5117 828 5180 innumerae
845 5117 941 5190 ferae,
965 5116 1027 5180 nisi
1049 5115 1134 5197 quod
1158 5117 1220 5180 ieta
1240 5115 1363 5180 subieo·
1412 5114 1512 5199 quillo
1534 5116 1652 5195 animo,
1675 5137 1738 5180 uon
1768 5121 1890 5179 temere
1916 5135 1974 5179 neo
1995 5134 2054 5194 per
2082 5115 2256 5178 effraenem
2281 5113 2379 5178 licen·

392 5204 481 5264 tione
506 5211 660 5283 tanquam
690 5202 797 5282 aliquo
826 5200 979 5284 repagulo
1006 5199 1235 5265 continentur?
1266 5199 1361 5281 Quod
1413 5201 1508 5278 tiam,
1544 5200 1600 5265 sed
1630 5222 1738 5267 coram
1773 5200 1844 5263 Deo
1873 5199 2071 5282 quibuslibet
2106 5211 2253 5264 vescatur
2293 5197 2379 5272 cibis,

392 5307 468 5368 ergo
490 5306 659 5350 manemus
684 5287 766 5351 salvi
788 5286 848 5351 hcc
876 5287 1033 5370 singulari
1056 5288 1118 5350 Doi
1148 5285 1307 5369 praesidio
1330 5294 1362 5350 et
1412 5287 1475 5350 nisi
1504 5287 1581 5368 quia
1603 5287 1672 5350 iure
1702 5286 1883 5351 donationis
1912 5285 1972 5350 sibi
2003 5285 2161 5350 divinitus
2183 5287 2217 5349 in
2244 5303 2380 5350 manum
