5000 6208
381 419 445 488 fil
1048 417 1408 488 COMMENTARIUS
1431 419 1480 486 IN
1503 417 1717 487 GENESIN.
2316 411 2374 480 228

383 610 479 678 cillse
500 609 673 674 insolentia
694 608 826 674 modum
853 617 972 675 tenere.
1017 607 1130 691 Quare
1157 610 1228 674 fieri
1250 617 1357 692 potest
1405 609 1543 675 fuerint:
1562 607 1715 675 subiectis
1733 607 1856 673 interea
1874 626 1983 671 eorum
2004 604 2137 671 ferenda
2148 616 2198 671 est
2208 605 2373 687 asperitas,

382 703 421 763 ut
444 696 551 763 aeuus
568 714 664 778 quam
686 714 746 777 par
767 702 838 760 erat
858 694 1012 761 saevierit
1028 695 1063 759 in
1085 694 1186 774 illam,
1204 715 1270 760 non
1287 701 1356 759 tam
1406 694 1508 761 donec
1535 705 1704 760 succurrat
1725 693 1832 771 Deus,
1865 693 1955 758 euius
1985 691 2153 775 proprium
2174 703 2224 756 eat
2252 691 2375 775 erigere

383 781 480 847 officii
501 781 551 846 sui
574 800 698 845 memor
723 800 822 863 quam
845 779 884 846 de
912 779 1096 847 ulciscenda
1123 781 1248 846 offensa
1269 780 1355 865 cogi·
1405 782 1561 857 abiectos,
1591 790 1625 845 et
1651 799 1821 865 oppressos
1849 778 1968 843 levare.
2019 774 2056 843 Si
2085 779 2142 842 fiat
2170 777 2373 858 comparatio,

383 876 468 932 tane.
505 864 591 948 Quia
608 865 692 931 nibil
715 866 849 950 gravim
870 867 1026 950 exprimit
1044 866 1162 944 Moses,
1186 865 1270 949 quod
1289 886 1356 931 eer-
1405 866 1458 933 ius
1479 867 1729 950 magistratuum
1751 863 1849 947 longe
1871 861 2071 929 tolerabilius
2092 872 2143 927 est
2163 883 2261 946 quam
2280 861 2374 929 fuerit

383 961 454 1017 tum
476 961 527 1017 est
548 951 741 1035 amplector,
770 952 843 1016 iure
870 972 929 1017 suo
958 973 1051 1018 usam
1081 953 1181 1017 fuisse
1203 951 1300 1017 Sarai
1321 952 1356 1016 iu
1407 951 1586 1017 dominium
1609 949 1690 1016 illud
1709 961 1810 1016 vetus.
1846 949 1960 1014 Patria
1979 968 2055 1014 vero
2076 957 2220 1032 potestas
2243 959 2373 1012 natura-

383 1037 618 1122 compescenda
639 1037 776 1103 ancillae
798 1036 973 1120 protervia.
1009 1039 1056 1102 nt
1072 1049 1159 1104 certe
1177 1037 1219 1102 ab
1235 1048 1355 1103 eventu
1406 1037 1483 1103 liter
1504 1037 1652 1103 amabilis
1674 1045 1733 1113 est,
1756 1055 1794 1102 ac
1815 1035 1927 1101 favore
1949 1033 2056 1118 digna.
2099 1032 2136 1100 Si
2157 1034 2300 1100 cohibita
2316 1033 2375 1098 fnit

381 1123 539 1194 iudicium
557 1125 661 1190 facere
679 1123 763 1202 licet,
781 1142 848 1187 non
866 1132 932 1189 tam
951 1122 1355 1204 saevitiadominaequam
1408 1124 1471 1188 Dei
1493 1123 1583 1188 iussu
1605 1123 1683 1207 fuga
1705 1125 1810 1205 Agar,
1834 1119 1937 1185 multo
1959 1121 2068 1185 minus
2090 1120 2141 1184 vel
2165 1120 2275 1203 populi
2298 1121 2376 1184 feret

406 1207 517 1293 ropria
533 1209 735 1275 contumacia
752 1209 926 1291 impulsam
945 1209 1044 1274 fuisse
1055 1211 1146 1292 Agar
1164 1218 1201 1274 nt
1219 1211 1354 1293 fugeret.
1407 1209 1573 1275 lasciviam
1590 1209 1646 1291 qui
1664 1209 1699 1273 in
1717 1227 1813 1272 suum
1833 1207 2010 1289 prinoipem
2033 1208 2219 1289 proterviet,
2244 1205 2297 1270 vel
2318 1205 2375 1270 fili-

422 1295 473 1360 ale
495 1293 556 1362 sibi
579 1295 813 1360 consciuerat:
843 1315 903 1361 nec
925 1294 1092 1378 probabile
1114 1304 1173 1376 est,
1196 1297 1260 1360 nisi
1283 1293 1355 1376 plu·
1406 1316 1500 1361 orum
1528 1293 1764 1360 contumaciam
1788 1294 1844 1376 qui
1865 1315 1899 1356 se
1929 1301 2101 1374 parentum
2127 1291 2278 1374 obsequio
2303 1290 2374 1356 sub-

384 1381 476 1448 ribns
498 1390 532 1446 et
554 1378 685 1464 quidem
707 1379 870 1445 atrocibus
898 1380 1029 1445 offensis
1051 1389 1220 1462 tantopere
1242 1400 1354 1446 accen·
1408 1380 1571 1446 duxsuot.

384 1488 455 1534 sam
477 1466 578 1532 fuisse
600 1464 704 1532 Sarsi.
750 1463 889 1532 Servilis
911 1466 1012 1550 igitur
1031 1467 1153 1550 ingenii
1175 1465 1300 1544 mulier,
1323 1474 1356 1530 et
1500 1465 1586 1532 Unde
1613 1464 1726 1530 canu?
1752 1463 1828 1529 Non
1856 1463 1991 1546 inquirit
2020 1463 2111 1546 quasi
2134 1463 2173 1528 de
2200 1483 2236 1527 re
2264 1462 2372 1528 dubia:

384 1551 560 1620 indomitae
582 1551 729 1628 ferociae,
751 1552 865 1634 fugere
887 1551 1012 1627 maluit,
1036 1572 1132 1635 qnam
1151 1550 1268 1617 humili
1286 1551 1355 1617 cul·
1408 1551 1464 1617 sed
1483 1561 1521 1616 ut
1537 1550 1665 1616 nullum
1684 1548 1897 1633 subterfugiis
1914 1549 2018 1615 locum
2037 1569 2108 1614 esse
2127 1554 2220 1633 Agar
2238 1550 2373 1628 noverit,

384 1658 446 1722 pce
467 1637 633 1722 agnitione
654 1635 761 1702 redire
781 1637 816 1701 in
839 1637 989 1720 gratiam.
1408 1638 1551 1720 praecise
1568 1636 1720 1720 obiurgat
1739 1636 1809 1701 eins
1827 1635 1953 1720 fugam:
1973 1655 2012 1700 ac
2029 1634 2058 1699 si
2075 1632 2226 1700 dixisset:
2241 1635 2375 1700 Deserta

472 1724 501 1788 7.
524 1722 568 1788 Et
588 1723 704 1788 invenit
724 1742 792 1788 eom
813 1721 962 1806 Angelus.
1006 1722 1072 1788 Hic
1089 1722 1242 1788 docemur
1259 1742 1356 1806 quam
1408 1725 1547 1789 statione
1576 1735 1633 1788 tua
1661 1720 1744 1787 nihil
1774 1719 1925 1805 vagando
1947 1721 2110 1804 proficies:
2140 1722 2217 1804 quia
2243 1739 2373 1786 manum

386 1809 563 1874 clementer
584 1817 661 1893 agat
677 1808 840 1872 Dominus
857 1828 932 1873 cum
951 1807 1028 1886 snio,
1052 1808 1127 1874 licet
1148 1829 1267 1960 gsraves
1285 1827 1356 1892 poe·
1410 1810 1472 1875 Dei
1494 1805 1626 1874 tandem
1649 1826 1716 1871 non
1739 1807 1884 1892 effugies,
1910 1826 1993 1889 quse
2013 1805 2080 1871 illic
2100 1815 2133 1870 te
2153 1806 2373 1873 collocaverat

385 1913 446 1962 nes
462 1895 569 1961 meriti
587 1895 661 1960 sint.
697 1892 804 1960 Sicuti
820 1913 960 1976 poenam
978 1895 1086 1960 Abrae
1103 1903 1137 1959 et
1181 1894 1251 1959 arai
1267 1895 1359 1977 prius
1408 1895 1501 1960 Pieri
1527 1894 1626 1959 etiam
1654 1901 1765 1975 potest
1792 1904 1828 1958 ut
1861 1891 2039 1958 discessum
2072 1892 2247 1975 exprobret
2275 1890 2316 1957 ab
2340 1911 2374 1957 ea

386 1981 564 2065 mitigavit,
587 1980 634 2044 ita
655 1999 743 2046 nunc
765 1987 900 2062 paterno
921 1981 1014 2045 oculo
1037 1980 1170 2062 respicit
1190 1979 1296 2064 Agar:
1320 1987 1358 2045 ut
1409 1980 1504 2046 domo
1526 2000 1609 2063 qnae
1630 1987 1797 2044 terrenum
1816 1977 1881 2043 Dei
1898 1985 1977 2045 tnnc
1998 1978 2176 2044 sacrarium
2198 1985 2279 2044 erat.
2314 1977 2373 2042 Ne·

386 2075 486 2131 totam
509 2065 640 2131 domum
669 2084 728 2130 sua
755 2065 861 2149 gratia
889 2074 1112 2149 prosequatur.
1156 2065 1230 2132 Non
1253 2064 1358 2149 parcit
1410 2087 1472 2150 que
1501 2065 1588 2131 enim
1620 2065 1738 2149 ignara
1770 2074 1842 2129 erat
1868 2060 1977 2130 Deum
2006 2064 2073 2129 illic
2104 2063 2260 2146 peculiari
2286 2061 2374 2128 modo

385 2150 515 2234 quidem
544 2151 610 2216 illis
638 2171 786 2234 prorsus,
819 2171 861 2214 ne
889 2151 972 2215 vitia
1001 2171 1115 2216 eorum
1144 2151 1267 2228 foveat,
1301 2150 1358 2216 sed
1409 2152 1482 2218 coli.
1527 2149 1688 2232 Quamvis
1721 2159 1830 2215 autem
1859 2148 2059 2216 crudelitatis
2087 2147 2254 2214 dominam
2287 2169 2373 2214 suam

384 2237 560 2303 moderatis
582 2236 733 2302 remediis
760 2236 902 2320 corrigit.
947 2237 1120 2303 Probabile
1146 2237 1277 2321 quidem
1299 2248 1357 2317 est,
1410 2236 1538 2322 oblique
1556 2235 1732 2316 insimulet,
1753 2234 1864 2302 diceus
1881 2256 1917 2302 se
1934 2236 2046 2320 fugere
2058 2233 2098 2300 ab
2110 2234 2180 2299 eius
2191 2243 2374 2318 conspectu:

384 2344 484 2407 quum
513 2323 546 2387 in
576 2321 740 2388 desertum
765 2320 830 2388 Sur
858 2322 1003 2404 profecte
1028 2330 1079 2389 est
1107 2326 1215 2408 Agar,
1244 2322 1284 2388 de
1307 2345 1356 2388 ro·
1410 2323 1547 2409 angelus
1574 2330 1698 2401 tamem
1728 2331 1766 2386 nt
1795 2319 2007 2406 subterfugiis
2035 2320 2186 2387 omuibus
2215 2322 2302 2386 viam
2323 2319 2375 2386 ob·

386 2407 458 2474 ditu
481 2409 515 2474 in
545 2409 684 2491 patriam
712 2408 887 2491 cogitasst
922 2406 1055 2474 Deserti
1085 2415 1193 2473 mmen
1221 2417 1254 2474 et
1282 2408 1358 2474 soli·
1409 2419 1526 2487 struat,
1548 2407 1639 2472 iubet
1659 2406 1783 2472 reverti
1800 2415 1834 2472 ct
1851 2428 1886 2472 se
1903 2406 2087 2473 humiliare.
2124 2404 2253 2487 Quibus
2274 2404 2375 2472 verbis

386 2492 509 2560 tudinis
531 2492 660 2559 videtur
681 2494 764 2557 faeta
781 2513 852 2559 esse
874 2493 1006 2573 mentio,
1029 2500 1067 2559 ut
1083 2494 1222 2561 emamus
1239 2494 1358 2560 misere
1410 2495 1551 2578 primum
1574 2493 1754 2577 significat,
1781 2493 1878 2557 nimis
1900 2502 2030 2558 austero
2051 2491 2105 2559 vel
2132 2491 2305 2575 impotenti
2326 2511 2374 2556 eo-

386 2579 541 2645 afflictam
564 2588 658 2643 extra
679 2577 851 2643 hominum
873 2587 1083 2662 conspectum
1111 2600 1251 2657 errasse,
1280 2580 1357 2646 dum
1410 2601 1484 2646 rum
1518 2579 1575 2662 qui
1607 2589 1763 2663 praesunt
1792 2577 1935 2643 dominio
1963 2598 2029 2643 non
2057 2578 2140 2644 solvi
2170 2577 2374 2644 subiectionis

385 2665 434 2730 illi
452 2664 587 2748 angelus
604 2664 753 2730 occumit.
783 2664 1049 2730 Tametsiautem
1069 2666 1205 2730 visionis
1221 2667 1357 2731 formam
1410 2665 1593 2733 vinculum:
1622 2663 1741 2729 deinde
1762 2665 1796 2728 in
1825 2665 1929 2749 ipsam
1960 2666 2048 2748 Agar
2070 2663 2147 2728 meli
2178 2663 2306 2747 culpam
2328 2683 2373 2727 re-

387 2771 453 2816 non
471 2750 626 2833 exprimit
636 2750 760 2816 Moses:
779 2770 845 2815 non
863 2758 973 2816 tamen
990 2748 1102 2816 dubito
1119 2753 1196 2834 quin
1215 2749 1359 2817 humano
1410 2759 1554 2835 torquet,
1582 2751 1668 2834 quod
1690 2771 1725 2817 se
1747 2751 1983 2816 contumaciter
2005 2749 2154 2817 dominae
2176 2757 2372 2832 opposuerat,

386 2856 520 2919 corpore
541 2836 675 2902 indutus
696 2834 808 2914 brerit,
832 2836 865 2900 in
888 2857 951 2919 quo
971 2848 1083 2901 tamen
1103 2836 1268 2921 fulgerent
1289 2858 1358 2903 ma·
1409 2849 1442 2902 et
1467 2859 1546 2903 suae
1571 2835 1765 2902 conditionis
1780 2836 1951 2900 immemor
1972 2835 2167 2901 insolentius
2191 2844 2225 2899 et
2242 2833 2372 2900 ferocius

386 2922 524 2988 nifestae
544 2921 690 2986 coelestis
712 2920 834 3004 gloriae
857 2929 960 2987 notae.
1410 2943 1508 3007 quam
1538 2920 1674 2988 decebat
1702 2921 1855 2987 ancillam
1884 2942 1918 2987 se
1950 2922 2122 2988 extulerat.
2167 2921 2208 2984 In
2243 2939 2371 2996 summa,

473 3008 502 3073 8.
526 3006 642 3091 Hoqar
664 3005 781 3073 accido
805 3004 912 3073 Sorai.
955 3007 1029 3072 Hoc
1051 3004 1194 3090 epitheto
1215 3005 1359 3074 declarat
1431 3029 1511 3074 uum
1533 3007 1649 3073 merito
1670 3007 1711 3074 ob
1733 3025 1792 3072 sua
1814 3006 1933 3073 delicta
1953 3005 2130 3089 plectatur,
2160 3005 2251 3070 iubet
2278 3025 2372 3070 rame-

386 3093 539 3177 angelus,
568 3091 698 3159 tametsi
726 3113 745 3158 e
777 3091 926 3158 manibus
952 3091 1103 3158 dominae
1130 3092 1240 3176 elapsa
1266 3093 1358 3174 foret,
1410 3029 1501 3160 dium
1524 3093 1564 3162 ab
1586 3113 1699 3159 eorum
1721 3095 1920 3160 correctione
1942 3101 2061 3178 petere.
2106 3092 2152 3159 Et
2173 3100 2260 3158 certe
2282 3111 2372 3174 quum

386 3197 521 3244 manere
543 3188 652 3243 tamen
675 3196 818 3244 servam:
849 3179 1011 3261 quianon
1032 3177 1137 3256 furto,
1161 3199 1221 3246 nec
1242 3178 1358 3263 plagio,
1411 3180 1496 3245 nihil
1530 3179 1647 3245 melius
1675 3179 1718 3244 sit
1749 3199 1848 3261 quam
1875 3177 2037 3262 obsequiis
2067 3189 2100 3244 et
2128 3177 2299 3243 tolerantia
2326 3196 2371 3240 co

385 3264 444 3332 sed
460 3263 714 3330 manumissione
732 3263 878 3346 pariatur
895 3263 1037 3330 libertas.
1067 3263 1169 3330 Porro
1186 3263 1358 3330 bacetiam
1410 3287 1484 3330 rum
1513 3265 1642 3349 placare
1668 3263 1821 3330 duritiem
1852 3264 1968 3348 quibus
1991 3265 2026 3328 in
2056 3284 2116 3329 nos
2143 3273 2195 3330 est
2222 3274 2372 3346 potestas:

385 3367 467 3416 voce
489 3347 631 3416 ostendit
652 3349 752 3429 Deus,
775 3348 837 3416 sibi
858 3348 988 3432 probari
1010 3347 1157 3416 ordinem
1178 3350 1357 3433 politicum,
1410 3352 1467 3417 ubi
1496 3358 1607 3416 nostra
1634 3350 1787 3435 superbia
1814 3359 1892 3416 sunt
1920 3349 2051 3429 offensi,
2085 3361 2162 3416 tunc
2189 3349 2372 3433 praesertim

385 3457 446 3502 nec
468 3436 539 3501 eius
562 3434 769 3502 violationem
797 3435 1015 3501 excusabilem
1041 3456 1119 3502 esse.
1165 3436 1258 3501 Dura
1279 3446 1359 3502 tuno
1410 3436 1517 3502 danda
1545 3447 1596 3502 est
1621 3457 1720 3521 opera
1749 3445 1786 3500 ut
1814 3436 1854 3501 ad
1884 3434 2167 3501 mansuetudinom
2197 3433 2374 3500 humilitate

384 3531 456 3590 erat
477 3520 647 3587 servitutis
669 3519 825 3587 conditio:
848 3528 883 3585 at
903 3522 1027 3605 gratiae
1050 3521 1192 3588 Domino
1213 3521 1359 3606 agendae
1409 3524 1591 3588 flectantur.

384 3616 463 3674 sunt
494 3605 579 3690 quod
612 3606 733 3673 abolita
766 3605 863 3671 fuerit
896 3627 935 3672 ea
967 3607 1147 3673 barbaries:
1182 3615 1215 3672 et
1247 3616 1358 3676 tamen
1498 3606 1813 3689 lentescendo
1839 3605 2057 3689 multiplicabo.
2101 3605 2149 3674 Ut
2177 3606 2307 3692 mitiget
2330 3601 2375 3670 of·
2478 3687 2479 3691 Ἰ

384 3691 477 3760 Deus
499 3713 517 3757 e
541 3692 630 3758 coelo
651 3693 880 3776 pronunciavit
901 3691 961 3758 sibi
991 3693 1119 3776 placere
1141 3699 1178 3758 ut
1198 3693 1286 3758 servi
1307 3695 1357 3758 iu·
1410 3695 1606 3771 sensionem,
1636 3704 1670 3760 et
1690 3691 1774 3776 quod
1796 3692 1830 3757 in
1853 3701 2024 3776 praecepto
2053 3713 2154 3779 gravo
2175 3702 2247 3758 erat
2268 3691 2375 3757 solatio

385 3800 464 3864 gum
486 3777 678 3863 perferrent,
698 3777 793 3843 sicuti
823 3778 922 3843 etiam
948 3799 1007 3863 per
1033 3799 1070 3844 os
1091 3778 1189 3843 Pauli
1211 3800 1279 3844 non
1302 3800 1358 3845 vo-
1409 3781 1518 3864 aliquo
1540 3780 1636 3858 levet,
1659 3776 1915 3845 benedictionem
1939 3778 2100 3862 promittit
2119 3778 2156 3843 in
2175 3781 2264 3844 foetu
2286 3797 2374 3864 quem

384 3871 438 3931 cat
459 3884 572 3930 servos
593 3861 634 3927 cd
657 3862 795 3946 pileum:
818 3882 879 3928 nec
897 3861 1044 3930 dominos
1061 3863 1193 3928 illorum
1210 3885 1273 3930 usu
1292 3867 1358 3948 pri·
1410 3875 1526 3950 gestat.
1584 3865 1718 3932 Poterat
1750 3864 1881 3947 quidem
1914 3865 1985 3929 iure
2018 3883 2079 3931 suo
2112 3865 2204 3930 Dens
2240 3863 2376 3948 praecise

385 3958 460 4016 vat:
480 3948 537 4015 sed
554 3958 682 4014 tantum
700 3948 843 4033 benigne
860 3955 895 4014 et
911 3948 1090 4015 liberaliter
1107 3949 1198 4016 iubet
1214 3951 1357 4016 tractari.
1409 3953 1582 4035 iniungere
1603 3949 1688 4034 quod
1706 3951 1828 4016 iustum
1848 3959 1933 4015 erat:
1956 3948 2014 4015 sed
2030 3971 2093 4034 quo
2111 3950 2268 4016 libentius
2287 3949 2378 4015 faciat

387 4032 487 4121 (llph.
511 4035 547 4112 6,
569 4033 613 4121 a).
644 4033 821 4119 (lolligitur
842 4034 941 4101 etiam
968 4055 1010 4100 ex
1038 4035 1193 4119 temporis
1219 4037 1358 4101 cucum—
1411 4040 1504 4120 Agar
1525 4036 1609 4120 quod
1631 4035 1729 4102 officii
1751 4037 1803 4102 sni
1824 4058 1896 4102 esse
1918 4037 2077 4120 agnoscit,
2099 4037 2193 4119 quasi
2217 4035 2378 4102 blanditiis

386 4120 522 4198 stantia,
546 4142 611 4185 uon
635 4120 730 4185 modo
751 4120 943 4186 necessitate
964 4120 1137 4187 colendum
1158 4141 1229 4186 csse
1252 4121 1358 4204 politi·
1411 4143 1482 4188 eam
1505 4121 1606 4188 allicit
1626 4121 1667 4186 ad
1688 4120 1878 4205 parendum.
1923 4126 2032 4214 Atque
2054 4122 2118 4187 huc
2138 4130 2290 4206 spectant
2308 4139 2379 4204 pro·

387 4228 461 4275 cum
484 4204 647 4284 ordinem,
680 4203 739 4270 sed
758 4213 892 4289 propter
918 4205 1151 4274 conscientiam
1179 4207 1358 4290 parendum
1411 4209 1583 4274 missiones
1622 4208 1738 4291 quibus
1770 4227 1829 4273 nos
1861 4205 1902 4272 ad
1934 4207 2156 4273 voluntarium
2195 4208 2379 4290 obsequium
2477 4277 2478 4280 Ἴ

387 4311 459 4359 ιιιι
476 4291 631 4376 legitimis
649 4291 802 4374 imperiis.
838 4290 923 4356 Nam
941 4292 1091 4374 quamvis
1109 4293 1202 4376 Agar
1220 4293 1361 4377 fugitive
1411 4295 1555 4361 invitat·
1585 4293 1697 4376 Neque
1720 4293 1806 4358 enim
1828 4293 1990 4358 serviliter
2009 4293 2082 4358 vult
2102 4313 2161 4360 nos
2184 4293 2319 4366 trahere,
2343 4298 2380 4354 ut
2477 4289 2478 4302 ¹

389 4399 456 4444 non
478 4377 513 4443 vi
533 4377 674 4461 amplius
696 4386 731 4441 et
751 4397 852 4442 manu
870 4377 911 4442 ad
933 4379 1124 4460 obsequium
1147 4379 1217 4463 cogi
1239 4387 1358 4461 posset¹
1411 4381 1514 4444 coacti
1540 4387 1743 4463 praestemus
1770 4379 1855 4462 quod
1878 4377 1970 4444 nobis
1994 4379 2186 4445 mandatum
2216 4390 2280 4446 cst:
2307 4375 2379 4442 ideo

388 4486 455 4531 non
485 4471 596 4529 tamen
625 4483 733 4529 coram
762 4459 835 4528 Deo
862 4474 989 4529 mumta
1015 4473 1086 4528 erat
1112 4463 1181 4529 eius
1209 4463 1360 4530 conditio.
1412 4463 1549 4530 blandas
1571 4474 1605 4530 et
1632 4475 1783 4548 pateruae
1808 4465 2020 4530 invitationes
2047 4465 2177 4543 miscet,
2206 4475 2240 4532 et
2268 4463 2381 4528 libera·

388 4548 514 4618 Eodem
531 4560 724 4632 argumento
741 4548 906 4631 probatur,
924 4550 952 4613 si
970 4547 1099 4631 quando
1115 4569 1229 4614 servos
1247 4549 1362 4616 durius
1412 4551 1488 4615 liter
1510 4572 1576 4616 non
1598 4569 1691 4616 secus
1713 4570 1750 4616 ao
1772 4571 1847 4618 cum
1869 4551 1946 4615 filiis
1974 4548 2142 4617 nobiscum
2167 4551 2247 4635 agit.
2289 4546 2382 4630 Quod

390 4647 542 4721 premant
564 4633 702 4700 domini:
731 4634 786 4700 vel
809 4637 864 4717 qui
886 4645 1058 4718 praesunt,
1085 4635 1245 4724 subiectos
1268 4657 1361 4720 aspe-
1412 4636 1549 4721 angelus
1587 4636 1747 4702 facturum
1787 4658 1822 4702 se
1860 4637 2021 4719 promittit
2059 4635 2146 4719 quod
2186 4637 2281 4702 unius
2321 4633 2382 4699 Dei

391 4723 460 4788 rius
482 4741 578 4804 quam
601 4740 660 4804 pro
682 4719 845 4803 aequitate
867 4732 1024 4806 urgeant,
1051 4719 1221 4786 ferendum
1251 4733 1363 4787 tamen
1413 4723 1582 4808 proprium
1603 4733 1690 4802 erat,
1718 4721 1753 4786 in
1782 4742 1820 4788 eo
1842 4721 1924 4786 nibil
1947 4732 1998 4786 est
2019 4721 2167 4788 absurdi:
2198 4723 2276 4788 satis
2295 4722 2383 4786 enim
2476 4797 2477 4808 χ

392 4829 463 4874 esse
490 4806 620 4872 illorum
648 4807 805 4890 rigorem,
838 4826 898 4872 nec
926 4805 1047 4872 iustam
1078 4805 1263 4872 excutiendi
1292 4807 1362 4892 iugi
1414 4809 1570 4874 usitatum
1588 4817 1646 4884 est,
1671 4808 1778 4873 Deum
1796 4806 1950 4874 iuducere
1972 4827 2144 4890 porsonam
2163 4828 2256 4874 suam
2273 4807 2384 4871 minis·

390 4913 463 4960 esse
484 4911 624 4966 oausam,
645 4890 723 4956 licet
745 4891 842 4958 nimis
863 4891 1037 4974 imperiose
1058 4901 1249 4974 potestatem
1271 4913 1363 4960 suam
1414 4895 1473 4959 tris
1501 4913 1582 4978 quos
1604 4893 1714 4971 mittit,
1737 4913 1799 4977 qno
1816 4894 1921 4958 maior
1944 4901 2070 4959 constet
2087 4892 2187 4959 verbo
2206 4894 2273 4959 eius
2291 4901 2384 4957 auto-

392 4986 576 5046 exeroeant.
621 4977 662 5041 In
695 4997 840 5056 summa,
874 4977 1001 5059 quoties
1029 4977 1065 5043 in
1097 4987 1243 5043 mentem
1272 4980 1364 5045 venit
1414 4981 1503 5046 ritas.
1539 4978 1735 5062 Quanquam
1757 4999 1821 5043 non
1844 4977 1992 5063 improbo
2013 4979 2100 5061 quod
2122 4978 2281 5063 plerisque
2300 4987 2387 5043 vete·

392 5065 531 5147 aliquem
560 5061 714 5127 fraudare
735 5083 795 5128 suo
816 5062 902 5144 iure,
922 5073 979 5129 aut
1001 5083 1061 5128 nos
1083 5063 1254 5129 vocatione
1275 5066 1364 5132 iusta
1414 5087 1487 5130 rum
1510 5065 1641 5148 placuit,
1665 5063 1834 5130 (lhristum
1854 5063 2067 5131 mediatorem
2087 5085 2218 5148 semper
2237 5063 2388 5128 omnibns

393 5150 551 5229 eximere,
582 5148 716 5214 auribus
738 5150 859 5215 nostris
880 5149 1009 5214 insonet
1030 5169 1096 5214 vox
1121 5170 1163 5214 an
1207 5149 1245 5228 li,
1275 5150 1364 5215 acsi
1415 5149 1554 5217 oraculis
1582 5150 1779 5233 praefuisse:
1811 5158 1845 5215 et
1872 5151 1956 5217 hanc
1982 5169 2054 5216 esse
2082 5170 2214 5217 oausam
2242 5171 2303 5215 cur
2326 5147 2388 5213 Dei
2475 5147 2476 5166 ¹

394 5236 486 5301 Deus
510 5233 629 5300 iniecta
658 5254 758 5300 mauu
788 5253 847 5301 nos
874 5233 1066 5300 retraheret.
1110 5233 1162 5300 Re
1185 5234 1263 5300 dent
1285 5235 1364 5301 olim
1415 5239 1569 5302 maiestas
1590 5236 1716 5320 angelis
1743 5236 1915 5302 tribuetur.
1960 5234 2036 5318 Qua
2056 5235 2097 5302 de
2118 5256 2155 5302 re
2176 5235 2301 5318 aliquid
2325 5236 2388 5299 iam

276 5401 278 5406 ι
393 5320 554 5386 rationem
575 5316 664 5398 Deo,
693 5319 749 5403 qui
770 5319 910 5402 superbe
931 5321 984 5384 vel
1007 5320 1177 5400 tyrannice
1206 5319 1365 5387 dominati
1415 5342 1515 5405 supra
1536 5322 1642 5406 attigi,
1664 5331 1698 5387 et
1719 5322 1933 5406 opportunius
1954 5322 2052 5407 plura
2073 5320 2150 5388 alibi
2172 5320 2334 5388 fficentur.
