4988 6192
371 435 437 502 531
1029 433 1400 503 COMMENTARIUS
1422 433 1473 500 IN
1495 434 1709 502 GENESIN.
2302 435 2359 502 532

373 624 560 694 sudandum
583 643 653 690 esse
676 622 818 689 arbitror
838 623 874 688 in
896 623 1081 690 excusando
1102 622 1238 708 Ioseph:
1268 625 1344 707 quia
1395 622 1606 690 iurisiurandi
1623 644 1711 690 nova
1728 625 1873 708 quaestio
1892 624 2012 690 oritur:
2037 645 2112 690 nam
2137 623 2222 708 quod
2240 625 2275 688 in
2294 625 2359 708 lege

373 711 478 794 magis
500 708 666 793 probabile
688 716 753 788 est,
783 709 904 792 aliquid
936 710 1127 776 humanitus
1149 711 1248 775 fuisse
1271 729 1344 794 pas·
1395 709 1591 793 praecipitur
1608 707 1762 795 (Dentii,
1777 709 1839 797 13),
1859 733 1899 776 ne
1916 711 2063 776 iuremus
2086 711 2147 776 nisi
2170 732 2229 794 per
2247 731 2359 776 nomen

372 815 455 874 enm,
478 794 565 878 quod
587 794 635 859 illi
657 795 749 860 Deus
771 795 914 879 ignovit:
941 796 1009 862 sola
1032 796 1120 862 enim
1143 796 1212 861 eius
1233 795 1343 860 indul·
1394 795 1468 875 Dei,
1501 797 1567 861 iam
1601 807 1680 863 tunc
1712 797 1841 880 piorum
1875 795 2025 862 cordibus
2057 796 2256 880 insculptum
2290 797 2358 861 fuit:

372 881 484 966 gentia
504 879 755 959 simulationem,
778 901 860 964 quae
883 901 941 964 per
955 902 990 948 se
1013 882 1092 948 vitio
1115 903 1180 948 non
1203 881 1342 961 carebat,
1394 881 1523 965 quando
1546 882 1635 949 hune
1658 883 1715 947 uni
1730 882 1803 948 Deo
1826 883 1983 947 honorem
2006 903 2076 948 esse
2099 881 2287 948 habendum
2311 903 2359 946 na-

372 974 467 1033 reatu
490 968 634 1034 eximere
655 967 770 1050 potuit.
1395 977 1469 1033 tura
1492 966 1600 1044 dictat,
1620 977 1658 1032 nt
1679 967 1835 1035 iudicium
1857 968 1906 1032 illi
1928 967 2076 1034 delerant
2097 967 2256 1048 homines,
2280 989 2360 1034 sum·

459 1053 489 1118 9.
511 1053 556 1120 Et
580 1053 761 1118 reeordatus
781 1057 825 1118 eat
846 1049 960 1134 Ioseph
987 1053 1188 1119 securiorem.
1233 1050 1344 1133 Quum
1395 1074 1549 1137 mumque
1571 1053 1646 1118 fidei
1667 1061 1699 1118 ει
1722 1054 1852 1119 veritati
1874 1053 2032 1119 arbitrum
2056 1061 2088 1118 et
2105 1052 2267 1120 vindicem
2292 1075 2360 1119 con·

373 1137 414 1209 de
443 1137 631 1205 adoratione
661 1139 746 1204 iacta
773 1145 861 1204 esset
894 1140 1016 1204 mentio
1040 1160 1059 1204 a
1087 1160 1187 1221 puero
1213 1136 1344 1222 Ioseph,
1395 1141 1542 1205 stituant.
1577 1137 1615 1205 Si
1631 1138 1777 1204 dicamus
1794 1159 1860 1205 uon
1883 1139 2021 1224 simplex
2040 1160 2111 1206 esee
2129 1139 2358 1218 iusiurandum,

373 1224 422 1291 rei
450 1224 636 1290 absurditas
665 1225 782 1290 iratres
811 1223 852 1289 ad
880 1225 1132 1290 machinandum
1166 1223 1344 1289 nefandam
1396 1224 1452 1290 sed
1475 1226 1572 1290 etiam
1591 1225 1816 1291 obtestationis
1838 1225 1989 1309 speciem,
2011 1225 2118 1309 aliqua
2141 1247 2182 1290 ex
2200 1235 2292 1309 parte
2313 1247 2358 1290 ex·

373 1311 504 1378 caedem
523 1310 734 1394 compulerat.
767 1310 863 1376 Nunc
881 1311 1030 1393 quamvis
1047 1312 1248 1396 incognitum
1267 1310 1343 1376 ado·
1396 1309 1549 1376 cusabilis
1583 1312 1646 1376 erit
1678 1320 1809 1378 senctm
1837 1311 1897 1376 vir.
1946 1309 2012 1392 Qui
2041 1332 2100 1396 per
2129 1312 2238 1378 Deum
2271 1311 2360 1391 iurat,

374 1404 464 1475 rent,
488 1395 572 1462 nihil
594 1405 703 1462 tamen
727 1395 792 1460 illis
820 1396 938 1462 melius
960 1405 1025 1461 est:
1049 1396 1114 1461 imo
1144 1397 1225 1461 haec
1250 1397 1346 1462 unica
1396 1417 1471 1460 eum
1499 1396 1572 1462 vult
1599 1396 1741 1462 modium
1772 1395 1988 1482 intercedere,
2018 1407 2054 1462 ut
2083 1417 2221 1481 poenam
2256 1397 2360 1481 exigat

373 1482 489 1550 salutis
511 1482 596 1548 ratio
618 1491 677 1562 oet,
700 1479 778 1547 dum
802 1503 838 1548 se
860 1481 901 1546 ad
920 1481 1018 1564 pedes
1035 1482 1104 1548 eius
1121 1489 1344 1564 prosternunt,
1396 1482 1540 1565 periurii.
1586 1481 1654 1564 Qui
1682 1504 1741 1567 per
1768 1484 1872 1548 vitam
1900 1503 2004 1561 suam,
2035 1482 2086 1549 rel
2116 1492 2218 1566 eaput
2246 1483 2358 1560 iurant,

374 1567 538 1652 supplices
566 1567 607 1634 ab
636 1589 674 1634 eo
700 1567 810 1652 recipi.
855 1569 955 1634 Irrita
983 1568 1116 1634 interim
1141 1568 1204 1633 fuit
1231 1587 1346 1632 eornm
1398 1569 1489 1652 quasi
1511 1567 1588 1634 fidei
1610 1589 1689 1634 suae
1711 1569 1831 1654 pignus
1853 1569 1888 1634 in
1910 1568 2054 1634 medinm
2086 1569 2253 1652 deponunt
2283 1568 2359 1652 quod

373 1653 570 1737 conspiratio
602 1673 667 1737 qua
698 1653 837 1720 coeleste
867 1652 1033 1720 decretum
1062 1661 1209 1720 evertere
1238 1652 1346 1720 conati
1397 1653 1540 1720 maxime
1562 1654 1687 1720 habent
1710 1655 1900 1738 pretiosum.
1945 1655 2018 1721 Hoc
2040 1655 2136 1721 modo
2164 1674 2230 1720 nou
2261 1662 2358 1719 trans·

374 1751 508 1806 suntne
531 1741 642 1824 iugum
661 1738 817 1806 subirent.
848 1738 904 1806 Sic
916 1739 1081 1806 Dominus
1099 1741 1132 1805 vi
1150 1740 1346 1824 praefractos
1399 1741 1501 1805 fertur
1529 1741 1569 1806 ad
1600 1739 1765 1805 hominem
1794 1741 1963 1806 mortalem
1995 1741 2060 1806 Dei
2091 1741 2263 1806 maiestas:
2295 1741 2361 1823 quia

374 1827 475 1910 cogit:
499 1845 564 1891 non
587 1845 680 1892 secus
708 1845 745 1891 ac
771 1824 894 1890 feroces
916 1826 989 1908 equi
1011 1833 1044 1891 et
1066 1825 1262 1905 refractarii,
1284 1845 1347 1908 quo
1398 1825 1495 1909 longe
1524 1827 1612 1891 aliud
1641 1833 1690 1890 est
1718 1847 1793 1891 eum
1822 1827 1923 1892 citare
1957 1835 2072 1892 testem
2101 1828 2155 1911 qni
2185 1827 2236 1892 ins
2272 1826 2361 1890 habet

376 1912 480 1996 magis
500 1910 696 1977 calcitrando
718 1911 896 1988 luctantur,
919 1933 957 1976 eo
980 1911 1094 1977 durius
1116 1921 1149 1977 et
1171 1911 1347 1978 violentius
1399 1911 1595 1992 ulciscendi,
1624 1932 1721 1994 quam
1748 1933 1807 1994 per
1829 1934 1898 1977 rem
1921 1913 2064 1976 maxime
2091 1933 2201 1979 caram
2225 1932 2362 1977 asserere

375 1999 511 2064 tractari
544 1999 659 2063 solent.
704 1996 815 2079 Quare
842 1997 926 2062 nihil
960 1996 1076 2062 melius
1106 2017 1204 2082 quam
1238 2017 1273 2063 se
1305 1995 1347 2060 ad
1398 2017 1516 2062 verum
1538 1997 1716 2080 essequod
1738 1997 1885 2064 dicimus.
1916 1996 1972 2064 Sic
1985 1999 2094 2063 Moses
2116 2017 2218 2082 quum
2242 1998 2361 2062 coelum

374 2083 660 2149 mansuetudinem
678 2082 804 2166 placide
820 2104 890 2149 com
915 2104 1023 2162 onere,
1036 2090 1075 2148 ut
1095 2105 1189 2149 snam
1212 2084 1347 2167 quisque
1399 2092 1432 2147 et
1454 2093 1576 2148 terram
1595 2085 1629 2148 in
1652 2083 1874 2148 testimonium
1898 2083 2035 2150 advocat
2053 2083 2164 2171 (Dent.
2176 2084 2229 2162 32,
2243 2083 2286 2171 l),
2304 2102 2362 2148 non

374 2177 505 2248 sortem,
527 2168 604 2236 licet
624 2169 733 2234 minus
754 2105 968 2252 splendidam,
979 2170 1073 2252 aequi
1090 2168 1167 2234 boni
1189 2168 1346 2236 consulat.
1400 2168 1555 2235 adscribit
1576 2169 1642 2234 illis
1664 2168 1833 2248 deitatem,
1858 2179 1896 2234 ut
1918 2167 2054 2236 fabricet
2075 2190 2161 2236 nove
2186 2170 2290 2236 idola:
2313 2167 2362 2234 sed

375 2255 566 2324 Absurdum
589 2264 698 2320 tamen
720 2255 849 2321 videtur
871 2254 956 2338 quod
983 2263 1062 2321 tunc
1084 2275 1142 2320 sua
1163 2257 1290 2321 somnia
1311 2255 1346 2319 in
1399 2275 1462 2338 quo
1481 2255 1608 2338 plenior
1629 2254 1694 2339 legi
1717 2263 1844 2320 constet
1870 2256 2037 2336 autoritas,
2060 2256 2226 2340 significat
2247 2255 2362 2321 nullam

375 2342 566 2407 memoriam
589 2341 792 2406 revocaverit
802 2339 931 2424 Ioseph,
944 2343 1035 2424 quasi
1053 2341 1247 2406 intermedio
1263 2349 1346 2406 tem·
1399 2341 1468 2406 fore
1490 2340 1606 2405 mundi
1629 2349 1754 2424 partem
1777 2361 1859 2423 quae
1882 2361 1946 2407 non
1969 2341 2055 2424 apud
2078 2341 2141 2407 Dei
2165 2341 2307 2407 tribunal
2329 2340 2363 2404 de

373 2427 461 2510 poris
480 2434 587 2493 tractu
609 2426 728 2492 oblitus
750 2426 847 2492 leret:
867 2427 951 2509 quod
969 2428 1040 2493 lieri
1059 2448 1124 2493 non
1144 2427 1252 2510 potnit
1268 2426 1346 2509 quin
1398 2426 1510 2511 populi
1542 2425 1779 2512 ingratitudine
1813 2426 1942 2512 clamet,
1977 2427 2006 2492 si
2038 2427 2154 2494 salutis
2188 2427 2362 2494 doctrinam

373 2512 424 2577 illi
446 2511 627 2578 exciderint
654 2513 716 2578 Dei
739 2513 980 2597 promissiones.
1023 2511 1238 2596 Respondeo,
1263 2510 1347 2577 nihil
1399 2521 1537 2595 respuat.
1582 2511 1779 2596 Quanquam
1811 2513 1847 2577 in
1880 2513 1942 2578 hac
1970 2513 2101 2578 iurandi
2133 2513 2278 2578 formula
2308 2531 2365 2596 qua

376 2599 429 2664 hic
458 2597 573 2664 referri
602 2598 686 2682 quod
717 2619 781 2663 non
809 2597 946 2663 subinde
975 2597 1067 2664 nobis
1097 2598 1235 2665 accidat:
1270 2617 1345 2662 nam
1399 2599 1504 2664 utitur
1524 2597 1653 2681 Ioseph,
1679 2597 1800 2681 aliquid
1822 2618 1893 2663 esse
1916 2600 2018 2663 lateor
2047 2597 2131 2682 quod
2162 2601 2281 2664 meritc
2302 2597 2363 2663 cul·

375 2685 502 2751 etiamsi
523 2683 673 2750 cordibus
701 2685 821 2749 nostris
841 2684 983 2749 insideat
1011 2683 1150 2749 verbum
1177 2684 1256 2764 Dei,
1279 2705 1347 2748 non
1400 2691 1510 2766 petur:
1538 2683 1600 2749 fuit
1627 2685 1715 2749 enim
1738 2684 1874 2767 profana
1899 2683 2043 2749 adulatio
2065 2684 2151 2768 apud
2179 2685 2364 2769 Aegyptios,

375 2781 486 2836 tamen
503 2769 632 2836 assidue
654 2769 804 2851 occurrit,
827 2770 906 2853 quin
929 2771 1036 2853 potius
1056 2770 1223 2836 interdum
1246 2769 1345 2836 suffo-
1398 2771 1507 2836 iurare
1528 2791 1588 2852 per
1610 2771 1709 2835 vitam
1733 2768 1829 2854 regis.
1862 2769 1969 2837 Sicuti
1991 2792 2050 2855 per
2067 2772 2200 2855 genium
2214 2769 2366 2854 principis

375 2863 483 2936 catur,
512 2865 550 2920 ut
581 2854 687 2921 videri
710 2864 809 2939 queat
830 2857 1046 2922 exstinctum:
1070 2857 1261 2938 praesertim
1290 2854 1347 2921 ubi
1398 2857 1539 2922 Romani
1561 2856 1728 2933 iurabant,
1750 2863 1920 2938 postquam
1949 2856 2134 2922 invaluerat
2154 2857 2314 2934 servitus,
2333 2861 2366 2919 nt

375 2941 588 3008 afflictionum
618 2941 756 3027 caligine
783 2942 977 3026 opprimitur
1006 2942 1095 3007 fides.
1140 2943 1243 3008 Porro
1265 2940 1347 3007 nihil
1399 2941 1556 3009 Caesares
1585 2961 1662 3008 euos
1692 2940 1755 3006 diis
1782 2948 1969 3024 aequarent.
2014 2941 2112 3008 Certe
2139 2943 2365 3009 iusiurandum

375 3029 496 3092 mirum
514 3029 541 3091 si
554 3027 651 3110 longa
668 3027 829 3092 malorum
847 3029 1013 3112 congeries
1025 3027 1167 3111 quadam
1184 3027 1347 3094 oblivione
1398 3027 1460 3095 hoc
1489 3028 1658 3094 asinoera
1690 3027 1812 3110 pietate
1844 3027 2007 3094 abhorret.
2058 3026 2155 3096 Unde
2187 3028 2365 3113 perspicere

376 3113 547 3195 sepelierat
580 3114 743 3178 contraria
776 3115 845 3178 eius
878 3114 1013 3178 somnia.
1058 3112 1149 3179 Deus
1182 3114 1218 3179 in
1255 3133 1346 3197 spem
1397 3113 1482 3190 lieet,
1514 3113 1596 3178 nihil
1622 3133 1692 3178 esse
1722 3113 1886 3179 difficilius
1909 3114 2032 3179 sanctis
2054 3114 2117 3180 Dei
2137 3115 2245 3180 serris
2276 3133 2367 3198 quam

376 3219 516 3282 magnae
528 3210 561 3262 et
579 3198 743 3280 preclarae
762 3198 992 3265 dominationis
1010 3220 1085 3264 eum
1104 3201 1278 3265 extulerat.
1304 3197 1347 3262 In
1397 3219 1496 3281 puros
1520 3199 1642 3264 versari
1661 3199 1746 3263 inter
1768 3198 1882 3264 mundi
1905 3199 2026 3276 sordes,
2045 3211 2080 3264 ut
2097 3200 2183 3265 nihil
2205 3200 2286 3266 inde
2307 3220 2367 3263 ma·

376 3284 502 3348 foveam
514 3283 662 3367 sepulcro
673 3305 738 3348 non
751 3283 931 3351 absimilem
943 3285 1124 3351 coniicitur.
1147 3285 1230 3351 Inde
1240 3284 1347 3368 pretio
1397 3285 1490 3352 culae
1511 3285 1717 3351 contrahant.
1762 3283 1869 3350 Nullis
1892 3285 2022 3367 quidem
2052 3287 2147 3350 aulae
2176 3285 2369 3370 corruptelis

377 3369 547 3447 venditur,
576 3370 703 3452 rapitur
724 3370 760 3434 in
781 3367 993 3454 longinquam
1019 3377 1155 3436 terram:
1177 3391 1214 3437 ac
1240 3371 1269 3436 si
1290 3391 1347 3454 pa·
1397 3370 1444 3435 ita
1466 3391 1609 3454 unquam
1625 3370 1764 3436 infectus
1782 3370 1983 3454 iuitIcseph,
2002 3372 2078 3456 quin
2103 3392 2206 3454 purus
2222 3377 2369 3437 maneret

376 3476 451 3520 rum
475 3455 558 3521 dura
579 3475 638 3538 per
658 3477 694 3521 se
716 3457 801 3521 foret
822 3457 977 3538 servitus,
997 3457 1032 3521 in
1055 3475 1219 3524 carcerem
1241 3457 1346 3522 occlu·
1399 3457 1461 3522 Dei
1483 3457 1602 3522 cultor:
1634 3455 1783 3522 videmus
1805 3464 1915 3521 tamen
1938 3456 2017 3522 dum
2039 3479 2074 3523 se
2101 3457 2142 3524 ad
2166 3478 2306 3540 pravam
2327 3457 2369 3520 lo·

376 3540 473 3606 ditur.
519 3541 565 3606 Ει
591 3562 777 3624 quanquam
807 3541 956 3606 nonnihil
983 3543 1154 3628 mitigatur
1181 3560 1346 3620 aerumna,
1398 3541 1521 3627 quendi
1537 3542 1804 3608 consuetudinem
1821 3542 2050 3622 accommodat,
2063 3542 2173 3628 aliqua
2186 3543 2264 3610 labe
2276 3545 2372 3608 fuisse

377 3625 454 3692 dum
477 3627 591 3692 ferreis
621 3626 829 3710 compedibus
851 3629 987 3708 eruitur,
1007 3649 1082 3714 spes
1105 3637 1213 3694 tamen
1237 3628 1348 3694 exitus
1398 3649 1576 3712 aspersum.
1616 3627 1780 3711 Repetitio
1803 3629 1900 3693 etiam
1923 3629 2074 3709 ostendit,
2096 3629 2152 3694 ubi
2175 3631 2253 3714 quis
2277 3625 2372 3696 semel

377 3712 554 3792 valcalla,
577 3713 629 3778 vel
655 3715 774 3797 exigua
796 3723 875 3779 erat.
921 3714 1034 3864 Nepae
1062 3723 1173 3780 temen
1195 3713 1348 3779 existimo
1399 3715 1484 3779 malo
1507 3714 1661 3794 assuevit,
1683 3712 1766 3779 nihil
1789 3734 1861 3780 esse
1878 3715 2054 3798 proclivius
2077 3736 2175 3798 quarn
2192 3715 2372 3782 identidem

376 3819 465 3881 apem
490 3799 530 3864 ab
553 3820 590 3864 eo
612 3809 799 3882 conceptam
819 3820 951 3883 prorsus
991 3801 1108 3866 eletam
1126 3798 1275 3881 esae‚sed
1293 3799 1348 3865 ob·
1398 3821 1541 3884 peceare.
1585 3798 1746 3865 Videmus
1775 3819 1831 3865 eos
1859 3799 1916 3884 qui
1944 3800 2005 3866 sibi
2028 3809 2151 3866 temere
2179 3801 2318 3868 iurandi
2337 3800 2373 3863 li·

378 3884 508 3950 ductam
527 3884 689 3962 nebulam,
707 3905 790 3968 quae
812 3886 1040 3952 consolationis
1061 3887 1169 3952 lucem
1189 3885 1348 3952 subduce·
1399 3887 1541 3952 centiam
1561 3884 1662 3951 semel
1684 3895 1903 3970 sumpserunt,
1922 3887 2021 3952 etiam
2039 3908 2138 3970 quum
2162 3907 2215 3953 res
2241 3885 2375 3953 frivolae

377 3981 435 4036 ret.
466 3969 649 4054 Sequatum
672 3980 722 4035 est
741 3969 904 4036 diversum
922 3992 1027 4055 genus
1046 3973 1253 4038 tentationis:
1272 3973 1349 4055 quia
1400 3979 1591 4050 tractantur,
1604 3971 1701 4036 tertio
1717 3993 1845 4055 quoque
1867 3971 1968 4037 verbo
1989 3973 2219 4038 iusiurandum
2246 3967 2375 4057 aliquod

378 4056 461 4122 nihil
488 4056 664 4140 proclivius
692 4067 742 4121 est
770 4077 867 4138 quam
894 4066 931 4121 ut
960 4079 1088 4124 summa
1117 4068 1149 4122 et
1180 4060 1349 4142 insperata
1400 4057 1538 4124 effutire.
1584 4055 1660 4138 Quo
1689 4058 1793 4123 maior
1815 4056 2000 4124 adhibenda
2028 4069 2078 4124 est
2099 4061 2221 4138 cautio,
2249 4081 2296 4126 ne
2317 4078 2377 4142 qua

378 4142 517 4208 felicitas
547 4163 622 4208 suoa
655 4141 803 4207 alumnos
833 4142 980 4208 inebriet.
1030 4143 1139 4227 Atque
1166 4142 1200 4208 id
1227 4145 1349 4211 factum
1400 4144 1475 4209 talis
1492 4142 1585 4208 indul
1609 4143 1698 4208 entia
1715 4165 1774 4209 nos
1796 4144 1831 4208 in
1850 4163 1952 4228 prava
1969 4143 2206 4211 consuetudine
2230 4145 2377 4211 obduret.

379 4248 449 4293 esse
479 4249 583 4310 nuper
612 4228 759 4312 legimus,
789 4236 825 4292 ut
854 4237 964 4295 sancto
994 4229 1064 4294 viro
1093 4229 1265 4312 obreperet
1292 4250 1348 4312 pa·
1488 4231 1537 4296 17.
1572 4165 1829 4313 Deonyrepouit
1856 4249 1906 4296 ece
1934 4231 1970 4296 ic
1993 4230 2173 4296 caraea
2219 4231 2294 4299 Hic
2316 4249 2378 4294 non

378 4323 493 4378 ternae
516 4313 631 4379 domus
660 4312 789 4378 oblivio.
834 4314 908 4378 Non
936 4315 998 4379 fuit
1020 4315 1121 4400 igitur
1149 4317 1349 4380 somniorum
1400 4315 1509 4384 verbis
1532 4315 1636 4394 modo,
1659 4326 1697 4379 nt
1718 4327 1823 4394 antea,
1837 4315 1893 4381 sed
1917 4316 2035 4399 reipsa
2052 4315 2210 4384 iratribus
2230 4339 2270 4382 se
2294 4337 2380 4400 aspe

378 4419 506 4464 memor
527 4414 684 4482 quantum
708 4398 849 4464 decebat.
884 4400 1065 4468 Probabilis
1087 4400 1186 4465 etiam
1207 4400 1270 4466 alia
1293 4423 1349 4466 ex·
1400 4422 1475 4468 rum
1498 4401 1630 4486 praebet
1652 4401 1780 4485 Ioseph,
1804 4401 1882 4466 dum
1905 4402 1940 4466 in
1963 4422 2126 4469 carcerem
2156 4419 2281 4470 omnes
2311 4423 2380 4470 eon·

378 4485 503 4551 cusatio
525 4485 635 4550 afferri
664 4492 787 4566 potest,
811 4485 892 4569 qnod
922 4488 1033 4551 statim
1056 4505 1129 4551 cum
1152 4487 1200 4550 rei
1227 4497 1349 4552 eventu
1400 4487 1678 4570 cludit,tanquam
1696 4508 1774 4552 mox
1793 4486 1834 4552 ad
1852 4488 2047 4573 supplicium
2065 4499 2237 4571 rapturus:
2264 4510 2306 4556 ao
2328 4507 2380 4571 per

379 4571 507 4636 somnia
534 4571 717 4636 contulerit.
763 4571 807 4634 Et
835 4581 923 4638 certe
950 4572 1032 4636 haec
1060 4573 1165 4638 virtus
1193 4571 1255 4636 fuit
1284 4593 1349 4637 non
1401 4573 1547 4639 triduum
1577 4580 1667 4638 metu
1697 4593 1752 4638 eos
1779 4573 1911 4640 cruciat.
1957 4573 2112 4640 Diximus
2140 4585 2257 4642 autern
2288 4573 2382 4659 paule

378 4657 536 4740 vulgaris,
559 4655 644 4739 quod
667 4657 820 4722 cernebat
841 4676 917 4721 mox
940 4658 1072 4723 trabere
1090 4657 1130 4723 ad
1153 4659 1350 4724 confirman·
1401 4669 1478 4725 antc
1500 4681 1541 4724 ex
1563 4660 1634 4725 eins
1656 4657 1741 4725 facto
1764 4681 1830 4724 non
1853 4680 1923 4725 esse
1940 4659 2115 4743 petendam
2136 4681 2260 4727 severe
2280 4683 2320 4728 ac
2341 4659 2380 4724 ri·

380 4742 457 4806 dam
491 4742 594 4809 divini
627 4742 747 4808 oraculi
777 4743 885 4808 fidem.
929 4743 1015 4809 Nam
1049 4743 1141 4810 facile
1175 4743 1350 4830 colligitur,
1400 4743 1476 4830 gide
1494 4744 1613 4830 agendi
1634 4745 1797 4827 regulam:
1821 4745 1897 4828 quia
1919 4744 2052 4810 dubium
2070 4755 2121 4812 est
2137 4755 2280 4814 rectene
2303 4749 2381 4814 fece

379 4837 541 4894 vetustate
564 4829 720 4912 temporis
742 4829 876 4893 minime
899 4828 1094 4895 obsolevisse
1115 4831 1250 4908 somnia,
1274 4851 1352 4913 quo·
1401 4833 1445 4896 rit
1466 4851 1509 4895 an
1531 4851 1633 4896 secus.
1663 4829 1801 4910 Deinde,
1821 4831 2004 4896 timendum
2021 4839 2070 4898 eet
2093 4853 2134 4897 ne
2151 4831 2258 4917 longe
2278 4835 2383 4900 absint

380 4935 455 4978 rum
479 4923 546 4978 tam
574 4925 724 4997 prompta
752 4915 909 4980 memoria
931 4916 1130 4999 suggeritur.
1178 4913 1234 4982 Sic
1255 4914 1351 4981 disci·
1401 4916 1442 4981 ab
1460 4918 1529 4982 eius
1547 4915 1866 5000 mansuetudinequi
1884 4917 1954 4982 eins
1972 4918 2161 5001 exemplum
2179 4919 2381 4986 obtendant:

379 4998 448 5083 puli
473 4999 644 5065 verborum
667 5000 801 5064 Domini
830 5000 990 5067 recordati
1019 5012 1107 5080 sunt,
1135 5009 1307 5084 postquam
1331 5022 1352 5065 a
1403 5012 1527 5067 utnon
1549 5010 1615 5067 tam
1638 5002 1707 5069 veri
1725 5003 1905 5070 imitatores
1922 5003 2023 5068 futuri
2041 5004 2109 5070 sint
2128 5023 2233 5087 quam
2260 5007 2384 5074 simiae.

378 5101 485 5151 morte
516 5095 755 5150 resurrexerat:
778 5084 904 5171 (Ioann.
926 5087 956 5160 2,
979 5088 1037 5165 22ς
1062 5087 1112 5166 12,
1137 5085 1190 5174 16)
1212 5088 1288 5171 quia
1310 5107 1352 5152 ex
1403 5088 1533 5153 Interea
1544 5089 1641 5173 plane
1652 5089 1754 5172 liquet
1763 5109 1917 5173 quorsum
1936 5089 2149 5172 spectaverit:
2162 5111 2282 5174 neque
2299 5093 2381 5157 enim

379 5172 429 5235 rei
447 5181 620 5254 conspectu
638 5172 765 5253 plenior
783 5173 898 5238 notitia
916 5174 1053 5238 affulsit:
1078 5194 1179 5256 quum
1196 5177 1351 5239 obscurae
1402 5195 1542 5258 poenam
1565 5175 1705 5260 mitigat,
1729 5193 1767 5240 ac
1789 5175 1818 5240 si
1840 5175 1949 5240 triduo
1967 5175 2117 5258 placatus
2137 5176 2245 5242 foret:
2274 5199 2384 5244 verum

379 5263 509 5322 tantum
533 5255 694 5324 scintillae
715 5257 806 5339 prius
828 5259 862 5320 in
884 5279 996 5324 eorum
1014 5259 1164 5325 cordibus
1183 5259 1350 5326 micarent.
1403 5271 1439 5325 ut
1462 5260 1501 5325 de
1522 5260 1712 5327 redimendo
1735 5260 1843 5338 fratre,
1867 5282 1962 5344 quem
1981 5263 2052 5344 ipse
2074 5262 2229 5329 obsidem
2256 5269 2385 5340 retinet,

468 5341 518 5408 15.
555 5342 619 5408 Per
638 5343 735 5408 uitam
759 5341 946 5410 Pharaonis.
986 5345 1041 5410 Ex
1062 5345 1203 5410 formula
1224 5365 1351 5429 qnoque
1403 5347 1508 5432 magis
1540 5345 1655 5411 reddet
1685 5344 1849 5414 sollicitos.
1902 5347 2076 5414 Caeterum
2107 5371 2149 5415 ne
2181 5351 2386 5420 immodicus
