5022 6192
201 382 223 448 9
867 383 1198 453 Assenserunt
1216 385 1267 453 IN
1289 383 1503 454 euenum.
2148 384 2191 450 10

200 573 362 640 creeverit
379 591 476 657 quem
492 574 541 640 ite
551 573 661 640 visum
679 579 737 642 est.
774 573 878 642 Porro
895 593 995 657 quum
1007 573 1077 639 eius
1098 573 1249 640 volunt-es
1270 573 1387 659 regule
1408 573 1451 640 sit
1471 570 1578 638 omnis
1599 569 1787 655 sapientise,
1806 589 1845 636 ee
1860 591 1927 636 une
1943 591 2002 638 nos
2020 578 2190 638 contentos

199 681 384 750 eseedecet.
416 683 621 751 Reoteerum
639 684 846 770 Augustinus
864 683 1018 750 iniurium
1028 684 1102 750 Deo
1120 684 1353 752 uMuniuheeis
1371 684 1443 758 fieri
1460 683 1539 750 dicit
1549 682 1583 770 ¹),
1602 681 1689 767 quod
1706 681 1908 765 superiorum
1929 682 2000 749 eius
2024 683 2196 760 vuluntete

156 825 160 830 ·
199 813 333 860 uuusem
355 794 513 880 flagitent.
549 794 736 862 Prudenter
756 794 843 862 idem
865 794 1029 875 udmonet,
1050 815 1118 860 non
1140 796 1245 886 magis
1268 793 1307 861 de
1328 795 1470 861 infinitis
1498 803 1684 878 temporum
1706 813 1804 877 quem
1821 791 1965 859 locomm
1987 793 2100 877 spatiis
2118 813 2189 861 esse

198 904 438 987 inquirendum.
482 905 551 972 Noe
572 914 660 974 uerte
682 927 748 973 nou
770 906 960 992 ignoramus
980 906 1112 972 finitum
1133 927 1204 974 esse
1225 905 1306 974 coeli
1327 906 1515 986 circuitum,
1536 913 1570 970 et
1590 911 1713 970 terrum
1740 905 1845 970 inster
1873 902 1997 990 globuli
2017 906 2054 971 in
2081 905 2189 971 medio

198 1014 338 1083 locutum
360 1035 439 1082 esee.
483 1014 550 1098 Qui
570 1038 638 1114 non
666 1018 764 1084 citius
781 1026 926 1084 ereetum
948 1017 1047 1084 luisse
1069 1014 1230 1084 mundum
1261 1016 1395 1102 indigne
1416 1015 1544 1096 ferunt,
1566 1015 1774 1099 expostulent
1799 1016 1898 1081 etiem
1918 1036 1993 1082 unm
2015 1016 2086 1083 Deo
2103 1015 2188 1100 quod

197 1145 268 1192 nun
288 1127 543 1195 innumerabiles
566 1126 705 1195 mundos
727 1129 848 1195 lecerit
893 1127 965 1195 Imu
988 1128 1148 1212 quiahoc
1177 1126 1356 1195 absurdum
1389 1128 1528 1208 duuuut,
1558 1127 1659 1192 multe
1679 1125 1810 1194 seeuule
1836 1127 2043 1212 praeteriisse
2067 1127 2188 1210 ubsque

197 1236 332 1320 mundo,
355 1245 535 1324 agnoscent
556 1239 617 1307 hoc
637 1259 796 1325 magnum
817 1259 890 1306 esee
906 1248 1042 1306 ueturee
1060 1259 1138 1306 suee
1155 1238 1281 1317 vitium,
1299 1239 1384 1324 quod
1402 1259 1480 1324 pree
1499 1238 1828 1330 immensenveetitute
1846 1258 1929 1322 quee
1945 1258 2051 1304 uscue
2067 1246 2187 1318 menet,

198 1349 354 1434 exiguum
372 1350 515 1433 spetium
543 1350 669 1418 coelum
688 1360 722 1418 et
749 1358 838 1418 terre
864 1360 1032 1435 occupent.
1085 1349 1188 1417 Nobis
1214 1371 1311 1431 vero,
1337 1347 1414 1434 quie
1443 1359 1476 1415 et
1503 1357 1686 1434 tempomm
1714 1349 1907 1428 aeternitas,
1929 1357 1963 1416 et
1983 1349 2106 1434 gloriee
2121 1349 2187 1416 Dei

196 1459 362 1540 infinitus,
385 1460 507 1544 duplex
528 1470 616 1529 esset
631 1461 859 1547 labyrinthus,
882 1462 961 1528 huuc
983 1462 1143 1529 modestis
1163 1460 1300 1545 pleceet,
1322 1483 1365 1527 ne
1386 1461 1515 1546 longius
1532 1460 1686 1546 progredi
1703 1469 1894 1545 oppetemus
1916 1461 2013 1544 quem
2025 1459 2187 1526 Dominus

196 1590 335 1655 opernm
356 1593 490 1639 suorum
513 1572 612 1639 ductu
631 1594 669 1640 eu
686 1573 871 1671 directionet
886 1593 946 1640 noe
967 1575 1096 1640 invitet.
1140 1570 1238 1654 Quod
1260 1581 1369 1638 eutem
1393 1571 1553 1638 muudum
1575 1573 1667 1656 qussi
1685 1572 1850 1657 speculum
1872 1571 2043 1650 constituo,
2066 1573 2101 1636 in
2123 1592 2186 1654 quo

195 1682 306 1748 Deum
327 1683 448 1749 intueri
459 1694 699 1767 oporteat,ncn
727 1685 859 1752 itevclo
878 1685 979 1768 accipi
996 1685 1088 1768 quesi
1111 1684 1164 1750 vel
1186 1682 1372 1751 nohissetis
1389 1685 1592 1768 perspicaces
1617 1683 1685 1749 siut
1701 1683 1785 1748 oculi
1807 1681 1848 1748 ed
1875 1680 2071 1749 cernendum
2100 1680 2186 1766 quod

194 1791 277 1860 uoeli
294 1815 331 1860 eu
354 1803 462 1860 terroe
489 1794 612 1861 fuhrioe
640 1804 880 1878 repraesentet:
918 1795 970 1862 vel
992 1783 1135 1880 cognitio
1164 1794 1270 1879 qualis
1287 1795 1395 1892 (inde,
1411 1793 1523 1860 heberi
1552 1802 1668 1877 potest,
1695 1793 1836 1864 sufficiet
1856 1794 1892 1859 in
1921 1793 2069 1860 sulutem.
2113 1792 2185 1857 Imo

193 1905 272 1987 quie
292 1904 383 1971 nullo
399 1905 546 1989 profectu
565 1923 624 1972 noe
642 1904 807 1973 Dominus
817 1929 876 1991 per
892 1917 1058 1973 creaturus
1077 1905 1117 1972 ed
1135 1927 1170 1973 se
1187 1906 1317 1984 invitet,
1335 1905 1398 1972 nisi
1418 1905 1502 1990 quod
1519 1905 1596 1994 inde
1613 1903 1850 1972 inexcusabiles
1867 1903 2049 1971 reddimur:
2062 1923 2185 1969 novum

193 2013 375 2081 remedium
397 2015 448 2102 (ut
468 2038 549 2099 opus
570 2017 655 2104 eret)
672 2017 807 2100 eddidit,
830 2019 880 2085 vel
904 2018 1019 2087 sellem
1043 2017 1108 2083 elio
1129 2015 1273 2084 subsidio
1294 2015 1422 2082 adiuvit
1439 2017 1561 2102 ingenii
1579 2017 1682 2082 nostri
1700 2016 1885 2082 ruditatem.
1921 2017 2006 2081 Nem
2024 2017 2186 2098 scripture

193 2125 276 2192 duee
290 2134 325 2193 et
335 2129 499 2212 magistre,
512 2148 595 2211 quee
607 2129 727 2212 alioqui
738 2150 798 2196 nos
808 2131 968 2214 fugerent,
986 2149 1053 2194 non
1064 2129 1159 2194 modo
1178 2128 1388 2208 demonstret,
1400 2128 1457 2194 sed
1468 2128 1712 2212 propemodum
1723 2126 1890 2212 adspicere
1900 2127 2003 2210 cogit:
2015 2146 2081 2191 non
2091 2145 2185 2192 secus

192 2257 231 2303 ee
253 2235 387 2303 hebetes
408 2239 493 2305 oculi
515 2240 656 2322 specillis
679 2241 884 2307 adiuventur.
923 2243 1031 2324 Atque
1053 2241 1089 2304 iu
1111 2239 1172 2306 hou
1189 2237 1241 2326 (ut
1260 2242 1326 2305 ium
1348 2237 1470 2305 dictum
1488 2237 1551 2325 est)
1568 2239 1678 2305 Muses
1699 2238 1866 2305 incumbit.
1902 2237 1987 2304 Num
2008 2237 2036 2303 si
2054 2241 2184 2301 mutum

191 2348 275 2414 eceli
297 2357 330 2414 et
355 2359 462 2414 terree
489 2351 712 2436 magisterium
741 2351 923 2430 sufficeret,
945 2335 1147 2435 supervacue
1169 2361 1255 2418 esset
1281 2351 1388 2418 Musis
1413 2348 1567 2416 doctrine.
1612 2349 1748 2416 Accedit
1768 2350 1871 2434 igitur
1892 2349 1945 2415 hic
1974 2369 2105 2432 preeco,
2127 2345 2183 2430 qui

190 2459 406 2525 attentionem
429 2470 576 2527 nostrum
598 2463 730 2544 excitet,
752 2449 790 2528 ut
805 2463 946 2528 sciemus
963 2481 1022 2528 uus
1040 2462 1082 2529 ud
1099 2460 1362 2545 conspiciendum
1380 2462 1443 2527 Dei
1465 2461 1603 2546 glorium
1620 2461 1656 2525 in
1677 2460 1739 2526 hou
1760 2461 1888 2527 theatro
1909 2481 1980 2527 esee
1997 2459 2181 2524 collocutos:

189 2552 297 2654 neque
317 2581 356 2636 ut
377 2581 476 2638 testes
497 2573 603 2653 modo,
624 2572 682 2640 sed
705 2575 805 2640 etium
822 2583 860 2639 ut
877 2573 1000 2640 divitiis
1018 2571 1168 2639 omnibus
1185 2593 1268 2656 quse
1286 2571 1341 2640 hiu
1359 2581 1438 2639 suut
1466 2573 1631 2656 expositee
1647 2573 1810 2638 fruemur:
1834 2573 1931 2641 sicuti
1949 2591 2003 2639 ees
2022 2569 2184 2637 Dominus

189 2681 266 2748 ueni
287 2692 400 2748 nostm
423 2681 598 2750 destinavit
619 2705 657 2752 ee
679 2685 823 2752 subiecit.
862 2685 932 2752 Neo
953 2691 1083 2750 tentum
1100 2685 1136 2752 in
1153 2704 1273 2770 genere
1291 2685 1399 2750 Deum
1422 2683 1538 2750 mundi
1559 2705 1630 2750 esse
1652 2685 1866 2752 architectum
1895 2684 2101 2768 pronuntiet:
2124 2679 2182 2746 sed

188 2799 258 2858 toto
279 2791 434 2860 historiue
455 2791 611 2861 contextu
640 2795 781 2863 ostendit
803 2817 900 2882 quem
924 2796 1125 2886 admirabilis
1152 2798 1195 2863 sit
1216 2797 1286 2860 eius
1307 2805 1378 2860 tum
1407 2795 1569 2880 potentie,
1591 2803 1660 2860 tum
1685 2795 1862 2879 sepientis,
1884 2803 1955 2860 tum
1979 2795 2121 2870 bonitus,
2143 2813 2181 2859 uu

187 2903 383 2986 praesertim
393 2925 523 2971 summe
540 2927 618 2992 erge
635 2907 817 2974 humanum
834 2929 938 2993 genus
956 2905 1148 2974 sollicitudo.
1182 2908 1358 2974 Preeteree
1377 2927 1476 2992 quum
1497 2915 1650 2974 aeternus
1662 2907 1726 2972 Dei
1744 2927 1860 2988 sermo,
1879 2908 1958 2974 vive
1978 2915 2011 2972 et
2028 2923 2183 2988 expresse

189 3015 235 3080 sit
255 3014 343 3083 illius
364 3015 504 3102 effigies,
526 3017 591 3084 huc
624 3039 685 3086 nos
713 3028 853 3086 reveunt.
907 3019 961 3085 Ite
988 3020 1129 3085 efficitur
1162 3019 1247 3104 quod
1277 3019 1371 3086 dccet
1398 3017 1584 3102 Apostolus,
1606 3038 1671 3083 non
1701 3017 1797 3084 aliter
1825 3039 1921 3102 quem
1949 3017 2013 3084 fide
2041 3014 2181 3100 intelligi

189 3138 302 3210 eptete
323 3127 424 3194 luisse
447 3129 546 3195 verbo
562 3119 641 3204 ¹Dei
662 3131 799 3198 saecule.
844 3130 941 3217 (Heb.
967 3131 1016 3210 11,
1045 3131 1090 3218 3.)
1145 3132 1282 3214 Proprie
1301 3131 1389 3197 euim
1412 3152 1454 3196 ex
1487 3151 1525 3196 eo
1557 3131 1705 3197 nescitur
1732 3131 1828 3210 fides,
1847 3129 1931 3214 quod
1949 3129 2053 3196 edocti
2078 3125 2179 3193 Musis

187 3238 372 3304 ministerio
405 3260 472 3305 nou
505 3241 570 3306 iem
598 3261 759 3326 ungemur
780 3242 815 3306 in
843 3242 1117 3326 speculationibus
1145 3243 1255 3309 stultis
1284 3251 1318 3308 et
1349 3241 1515 3308 evanidie:
1549 3242 1605 3308 ssd
1637 3261 1754 3308 verum
1787 3251 1820 3308 et
1848 3243 1982 3307 unicum
2008 3239 2117 3305 Deum
2143 3238 2178 3302 in

188 3349 333 3434 genuine
355 3371 416 3416 suu
437 3349 580 3437 imagine
602 3353 869 3436 contemplemur.
914 3352 1021 3420 Obiioi
1049 3365 1160 3420 temen
1181 3362 1305 3438 potest,
1328 3353 1380 3421 his
1402 3353 1507 3420 videri
1529 3365 1784 3420 consentaneum
1808 3351 1893 3436 quod
1915 3351 2041 3418 Peulus
2062 3348 2179 3415 trudit:

187 3460 369 3545 Postquam
391 3462 427 3527 in
445 3463 607 3546 sepientis
627 3464 693 3530 Dei
714 3485 781 3532 uon
803 3466 957 3550 cognovit
979 3455 1123 3531 mundus
1145 3485 1204 3548 per
1229 3465 1427 3550 sapientiem
1449 3463 1578 3544 Deum,
1601 3465 1709 3529 visum
1730 3464 1896 3530 Decesse
1918 3485 1976 3549 per
2005 3462 2180 3530 stultitiam

185 3571 437 3656 praedicationis
456 3574 564 3642 sulvus
586 3573 692 3643 iuuere
720 3557 913 3644 credentes.
943 3575 986 3662 (1.
1016 3576 1092 3643 (lor.
1123 3578 1152 3654 1,
1186 3575 1254 3664 21.)
1296 3576 1382 3642 Num
1412 3576 1461 3641 ite
1489 3576 1612 3652 innuit,
1641 3577 1763 3642 frustra
1788 3574 1897 3640 Deum
1927 3573 2039 3658 queeri
2066 3592 2177 3638 rerum

185 3683 366 3750 visibilium
388 3683 501 3752 ductu:
524 3707 587 3754 neu
619 3709 698 3753 vero
732 3688 819 3755 eliud
848 3696 971 3755 restere
994 3688 1057 3754 nisi
1081 3698 1117 3753 ut
1149 3697 1238 3754 recte
1272 3708 1329 3753 nos
1362 3687 1404 3754 ed
1437 3687 1606 3754 Christum
1644 3687 1856 3753 conferemus.
1900 3687 1974 3753 Non
2008 3685 2107 3769 igitur
2138 3683 2179 3750 eb

185 3793 357 3862 elementis
378 3797 494 3862 mnudi
514 3796 626 3879 huius,
649 3799 705 3866 sed
727 3800 769 3866 eh
791 3799 961 3885 evangelio
984 3798 1169 3867 leniendum
1192 3809 1242 3866 est
1264 3799 1451 3879 exordium,
1473 3797 1559 3882 quod
1588 3819 1692 3863 unum
1713 3798 1885 3864 Christum
1914 3797 2008 3864 nubis
2029 3795 2179 3879 proponit

185 3928 263 3973 cum
285 3927 345 3972 sne
362 3926 467 3988 eruce,
496 3917 530 3975 et
557 3909 592 3974 in
615 3899 653 3976 eo
681 3931 743 3977 nos
772 3911 905 3977 detinet.
949 3909 1162 3996 Respondeo,
1191 3911 1313 3976 trustra
1340 3910 1470 3992 quidem
1493 3910 1528 3974 in
1557 3909 1672 3974 mundi
1701 3910 1828 3993 opificio
1855 3908 2093 3993 philosophari,
2115 3907 2180 3973 nisi

84 4037 92 4052 ·
183 4018 243 4102 qui
264 4017 428 4104 evangelii
455 4019 694 4102 preediueticne
723 4024 789 4087 iem
817 4023 998 4101 humilieti,
1020 4031 1122 4088 totum
1149 4021 1270 4087 mentis
1297 4041 1377 4087 enee
1405 4021 1638 4104 perspicaciam
1667 4021 1772 4087 crucis
1800 4020 1959 4086 stultitiae
1985 4018 2036 4106 (ut
2057 4017 2179 4084 Peulus

184 4131 333 4196 nominet
351 4131 379 4195 1.
392 4128 467 4197 (ior.
491 4132 520 4211 1,
539 4131 595 4219 21)
615 4133 774 4200 sublinere
792 4133 980 4201 didicerint:
1003 4153 1143 4213 sumum,
1161 4132 1305 4216 inquem,
1316 4139 1351 4196 et
1372 4131 1523 4198 deorsum
1542 4131 1623 4197 nihil
1635 4133 1835 4216 reperiemus
1845 4130 1930 4215 quod
1948 4151 2007 4196 nos
2018 4129 2058 4194 ed
2070 4130 2180 4195 Deum

183 4261 288 4324 nsque
309 4241 454 4322 attollet,
477 4240 578 4310 donec
599 4244 635 4308 in
657 4265 716 4312 sus
737 4244 848 4312 schole
869 4265 929 4311 nos
952 4243 1107 4311 Ohristus
1129 4243 1295 4309 erudierit.
1340 4242 1380 4308 Id
1405 4262 1504 4328 porro
1526 4243 1597 4308 fieri
1627 4263 1691 4308 nou
1720 4254 1826 4327 potest
1855 4242 1983 4308 nisiex
2010 4240 2180 4325 profundis

131 4439 141 4452 ι
182 4349 301 4418 inieris
321 4353 438 4419 emersi
468 4355 572 4420 crucis
594 4357 664 4422 eius
693 4357 844 4423 vehiculo
873 4376 974 4440 supre
1001 4356 1108 4424 coelos
1136 4375 1250 4421 omnes
1279 4353 1450 4419 tollemur:
1479 4361 1518 4419 ut
1545 4353 1614 4422 illic
1657 4352 1722 4420 fide
1757 4354 2070 4438 comprehendemus
2097 4373 2179 4435 quue

182 4462 299 4529 oculus
321 4484 489 4548 uunquam
512 4465 611 4546 vidit,
633 4466 723 4533 suris
745 4489 912 4552 uuuquem
934 4466 1077 4545 endivit,
1100 4477 1134 4534 et
1154 4486 1237 4549 quse
1257 4465 1354 4551 longe
1372 4464 1470 4533 eorde
1491 4473 1680 4550 mentesque
1707 4473 1835 4534 noshes
1856 4476 2019 4548 superent.
2064 4463 2178 4546 Neque

183 4557 275 4641 enim
297 4573 364 4641 illic
385 4583 475 4642 terre
492 4577 585 4644 nobis
605 4578 758 4645 obiicitur
779 4600 862 4663 quue
883 4581 993 4664 fruges
1018 4580 1107 4646 velut
1129 4581 1164 4644 in
1183 4577 1337 4644 diurnum
1360 4577 1552 4643 elimentum
1575 4577 1775 4661 suppeditet,
1799 4576 1856 4643 sed
1877 4575 2031 4642 Ohristus
2053 4575 2179 4656 ipsein

183 4687 287 4750 vitem
316 4695 481 4752 eeternem
504 4709 540 4755 se
574 4689 668 4756 uobis
688 4689 801 4755 offert:
832 4711 892 4757 neu
919 4691 1045 4758 coelum
1072 4690 1151 4756 solis
1172 4711 1210 4757 ec
1238 4687 1410 4755 stellarum
1438 4688 1565 4774 fulgore
1593 4689 1703 4755 oculos
1730 4688 1913 4772 corporales
1934 4685 2089 4764 illustret,
2120 4685 2176 4750 sed

180 4797 273 4864 idem
294 4796 463 4879 Ohristus,
487 4799 545 4865 lux
572 4800 688 4866 mundi
709 4811 742 4867 et
770 4800 818 4867 sol
847 4802 1005 4883 iustitiee,
1026 4802 1062 4868 in
1084 4801 1203 4869 animis
1230 4799 1352 4867 nostris
1376 4799 1533 4884 refulget:
1556 4817 1617 4865 neu
1639 4821 1695 4866 eer
1722 4800 1821 4866 inune
1849 4799 1990 4882 spatium
2024 4795 2115 4863 nohis
2137 4796 2178 4862 ed

180 4907 375 4994 spirandum
400 4911 549 4996 porrigit,
572 4909 629 4978 sed
646 4914 716 4998 ipse
739 4913 803 4979 Dei
820 4913 955 4998 spiritus
979 4934 1038 4980 nos
1056 4917 1198 4999 vegetet'
1216 4923 1248 4978 et
1265 4913 1417 4979 vivificet.
1461 4907 1614 4994 Denique
1630 4910 1698 4977 illio
1715 4909 1878 4977 invisibile
1895 4908 2021 4975 Ohristi
2039 4929 2177 4992 reguum

178 5021 296 5089 umnie
316 5031 462 5105 occupet,
485 5032 518 5087 et
539 5023 720 5106 spiritualis
741 5024 813 5092 eius
835 5025 941 5111 gretie
963 5047 1021 5109 per
1042 5025 1153 5091 omniu
1174 5024 1296 5092 diffuse
1316 5030 1375 5090 est
1419 5023 1546 5088 Verum
1570 5022 1630 5089 huc
1653 5041 1719 5087 non
1741 5022 1847 5087 obstot
1868 5022 2040 5104 quominus
2062 5043 2177 5087 sensus

338 5261 368 5332 1)
384 5263 425 5318 De
442 5261 542 5320 Gened
559 5268 655 5322 uentre
672 5263 851 5321 hleuieheeus.
886 5265 947 5320 Irib.
965 5265 1001 5321 ll.
1019 5264 1054 5322 de
1072 5263 1190 5318 (liritste
1207 5261 1267 5318 Dei.
