4988 6192
129 424 192 492 esc
724 377 727 386 ’
789 422 1159 492 couusursruus
1179 424 1230 489 ru
1253 421 1467 490 auresue.
1629 497 1632 504 ,
2059 424 2126 490 reo

129 614 231 680 fuisse
253 613 383 697 Ioseph.
434 611 545 694 Quum
574 633 652 679 vero
688 634 707 678 a
735 610 926 677 Madianitis
954 609 1104 694 neglecta
1154 612 1303 691 firmitas,
1333 633 1416 695 quae
1445 634 1480 678 se
1505 611 1667 677 interdum
1700 611 1735 676 in
1768 611 1866 679 rebus
1899 633 1965 676 non
1995 613 2125 696 magnis

129 700 243 766 fuisset
271 699 409 782 emptio,
439 699 539 766 fuisse
569 698 745 765 Ismaelitis
771 696 954 762 venditum.
998 697 1103 763 Porro
1154 696 1277 780 prodit:
1313 696 1401 764 unde
1433 699 1531 764 etiam
1565 697 1696 775 accidit,
1729 705 1766 763 ut
1798 698 1854 781 qui
1885 697 1983 781 longo
2016 706 2125 765 tractu

128 805 229 868 quum
253 787 371 851 merito
400 791 534 868 possent
560 791 726 868 suspectos
756 783 874 850 habere
903 783 1004 868 plagii
1026 805 1104 849 ven·
1154 782 1326 849 assuefacti
1349 784 1485 849 suntad
1504 804 1643 862 crucem,
1666 804 1703 850 ac
1721 790 1875 866 tanquam
1892 785 2041 849 veterani
2063 784 2124 848 mi·

129 871 260 949 ditores,
291 872 367 936 fecit
394 880 505 937 tamen
534 870 619 938 lucri
641 869 801 953 cupiditas
826 891 867 935 ne
889 869 1103 952 inquirerent.
1154 868 1237 944 lites,
1261 870 1393 952 quosvis
1410 869 1551 936 insultus
1568 869 1695 934 fortiter
1713 870 1862 951 excipere
1880 867 2051 949 debebant,
2072 870 2125 934 in-

126 956 224 1022 Adde
253 956 341 1040 quod
367 955 535 1040 probabile
561 963 627 1035 est,
656 956 690 1021 in
719 955 838 1022 itinere
868 955 982 1022 saltem
1005 955 1104 1020 fuisse
1155 961 1225 1020 star
1246 963 1402 1038 tyronum
1423 954 1588 1020 labascent
1609 956 1643 1018 in
1666 955 1730 1022 levi
1752 954 1859 1038 aliqua
1880 975 2001 1039 pugna.
2041 953 2125 1035 Quis

127 1043 311 1110 sciscitatos
340 1043 490 1125 quisnam
519 1053 604 1110 esset
627 1041 757 1125 Ioseph.
810 1039 878 1107 Sed
907 1042 992 1106 tanti
1016 1040 1103 1124 apud
1154 1060 1232 1124 crgo
1254 1047 1401 1105 nostrum
1421 1041 1568 1106 sibinen
1591 1040 1712 1119 timeat,
1731 1041 1786 1106 ubi
1805 1039 1953 1106 videmus
1975 1047 2125 1107 sanctum

127 1149 183 1194 eos
206 1128 356 1194 nonfuit
378 1147 549 1194 commune
571 1147 686 1212 genus,
708 1127 786 1210 quin
808 1149 850 1192 ex
872 1149 911 1192 eo
932 1135 1102 1210 quaestum
1153 1125 1251 1192 Iacob
1269 1135 1340 1208 post
1357 1126 1532 1192 innumera
1553 1125 1729 1210 patientiae
1741 1126 1934 1193 documenta
1952 1124 2121 1192 diffluere?

126 1214 244 1298 cupide
266 1213 421 1280 facerent.
470 1213 644 1280 Caeterum
675 1213 770 1280 docet
793 1212 846 1279 hic
868 1212 958 1280 locus
979 1222 1103 1295 quanto
1239 1211 1290 1276 35.
1314 1211 1359 1276 Et
1379 1212 1582 1277 crcrrece'rurtt
1597 1232 1700 1276 omues
1718 1211 1781 1292 fittt
1802 1213 1879 1277 eice.
1913 1211 2044 1278 (flarius
2062 1212 2125 1277 hac

124 1301 352 1384 praestiterint
373 1299 519 1366 carnalos
541 1299 694 1365 Abrahae
716 1299 774 1365 filii
796 1299 919 1366 electae
940 1298 1044 1380 stirpi,
1067 1297 1102 1363 in
1153 1297 1400 1362 circumstantia
1421 1296 1616 1380 exprimitur
1643 1297 1794 1362 tristitiae
1828 1297 1937 1376 moles,
1967 1297 2052 1380 quod
2083 1296 2124 1362 ad

125 1407 192 1470 qua
213 1396 411 1469 tamenspes
433 1385 729 1452 futuraeecolesiae
750 1385 877 1452 inclusa
899 1393 978 1449 erat.
1000 1383 1101 1448 Vide-
1154 1403 1227 1448 eam
1247 1382 1420 1450 levandam
1438 1385 1639 1448 conveniunt
1660 1403 1773 1448 omnes
1792 1383 1851 1448 filii
1873 1391 1904 1448 et
1921 1382 2019 1449 filiae.
2043 1382 2123 1448 Sur·

124 1493 203 1537 mus
231 1493 273 1537 ex
303 1471 428 1536 duobus
457 1471 534 1536 filiis
555 1469 709 1538 Abrahae
731 1472 778 1537 sic
801 1477 1013 1554 propagatam
1033 1489 1103 1535 csse
1153 1467 1251 1553 gandi
1287 1469 1374 1534 enim
1411 1467 1510 1535 verbo
1543 1468 1725 1536 communis
1761 1467 1949 1534 deliberatio
1982 1477 2125 1547 notatur,

125 1558 284 1636 sobolem,
297 1557 417 1622 atinde
425 1555 575 1622 huoilluc
587 1566 769 1623 commeent
780 1557 1013 1642 negotiatores:
1026 1574 1103 1638 pars
1152 1554 1237 1638 quod
1260 1576 1301 1620 ex
1319 1563 1484 1637 compacto
1505 1555 1661 1632 venerint,
1684 1555 1762 1637 quia
1779 1553 1916 1639 urgebat
1937 1554 2124 1622 necessitas.

125 1653 239 1708 autem
269 1664 366 1726 quam
395 1643 456 1707 sibi
480 1643 643 1708 Dominus
671 1643 823 1726 elegerat,
854 1641 960 1707 adhuc
982 1643 1103 1724 exigua
1154 1639 1221 1706 sec
1244 1640 1321 1706 binc
1342 1649 1434 1725 patet
1456 1661 1552 1722 quam
1575 1640 1744 1723 multiplex
1767 1639 1953 1706 hominibus
1975 1639 2124 1724 ingenita

124 1741 187 1795 eet.
232 1728 299 1796 Sed
317 1729 364 1793 ita
386 1728 444 1793 filii
467 1729 597 1807 saeculi,
619 1727 755 1811 perinde
773 1749 810 1794 ac
828 1730 952 1794 fructus
970 1747 1101 1811 praeco·
1155 1727 1198 1791 sit
1220 1726 1400 1792 simulatio:
1430 1727 1491 1792 filii
1517 1724 1615 1791 Iacob
1646 1746 1820 1808 personam
1851 1726 2035 1810 suscipiunt
2063 1726 2124 1790 mi·

125 1835 192 1893 ces,
216 1816 279 1880 cito
301 1815 342 1880 ad
365 1833 512 1879 summas
540 1835 618 1897 opes
639 1822 673 1880 et
694 1815 858 1880 felicitatis
881 1814 1011 1880 culmen
1032 1833 1103 1896 per·
1154 1815 1245 1877 nime
1265 1811 1326 1877 sibi
1349 1821 1596 1895 congruentem:
1627 1813 1757 1896 pietatis
1783 1811 1886 1891 enim,
1914 1833 1935 1876 a
1961 1833 2025 1895 qua
2047 1811 2125 1876 alie·

122 1901 282 1966 veniunt:
316 1921 415 1983 quum
449 1901 584 1966 ecclesia
612 1922 671 1983 per
700 1901 862 1966 maximas
895 1897 1102 1964 difficultates
1155 1897 1378 1978 nissimisunt,
1401 1897 1710 1981 officiofunguntur.
1735 1895 1772 1963 Si
1788 1895 1898 1962 Deum
1915 1897 2123 1980 respicerent,

123 1988 251 2054 sensim
273 1985 447 2069 reptando,
475 1985 517 2050 ad
538 1985 734 2052 mediocrem
756 1993 879 2052 statum
900 1986 997 2068 longo
1020 1991 1101 2048 tem-
1155 1985 1267 2068 agnita
1288 1985 1391 2067 culpa,
1421 1983 1549 2048 etiamsi
1571 1982 1698 2047 nullum
1720 1990 1903 2048 occurreret
1925 1983 2002 2048 mali
2020 2003 2124 2048 rome-

121 2095 204 2158 pore
223 2073 280 2137 vix
302 2073 482 2152 perveniat.
1154 2069 1256 2149 dium,
1285 2069 1505 2153 poenitentiae
1530 2077 1639 2133 tamen
1667 2068 1810 2133 fructum
1839 2068 1978 2152 aliquem
2002 2069 2123 2151 profer·

213 2158 267 2224 30.
290 2157 335 2222 Et
354 2177 498 2222 reversus
515 2160 559 2222 est
575 2155 709 2222 Reabere
741 2156 905 2240 Colligere
926 2156 1004 2222 hinc
1025 2154 1103 2221 licet
1152 2164 1243 2220 rent:
1271 2176 1358 2220 nunc
1384 2155 1475 2220 inani
1502 2153 1722 2220 satisfactione
1750 2175 1817 2219 non
1844 2176 1936 2221 secus
1966 2174 2003 2220 ac
2025 2161 2125 2219 vento

121 2243 267 2322 Ruben,
296 2242 450 2310 simulato
488 2242 595 2324 aliquo
624 2243 769 2326 negotio,
807 2244 920 2309 furtim
953 2241 1102 2323 elapsum
1153 2247 1341 2325 pascuntur.
1397 2241 1470 2307 Hoc
1496 2238 1644 2322 exemplo
1672 2237 1825 2306 docemur
1853 2247 2052 2322 quantopere
2074 2239 2125 2303 fu-

122 2351 199 2396 esse
219 2329 415 2408 afratribus,
437 2335 474 2394 ut
484 2327 595 2394 insciis
607 2328 759 2393 omuibus
772 2329 908 2396 fratrem
926 2351 944 2394 e
961 2327 1103 2393 cisterna
1153 2325 1271 2411 giendc
1293 2327 1336 2392 sit
1358 2326 1451 2392 nobis
1468 2325 1642 2406 simulatio,
1664 2345 1747 2409 quae
1764 2324 1914 2392 homines
1932 2326 2025 2390 novis
2047 2324 2123 2389 sub-

121 2415 281 2481 eductum
309 2415 397 2498 patri
424 2412 584 2493 redderet,
613 2412 750 2496 ideoque
772 2423 850 2481 tunc
878 2413 1018 2479 abfuisse
1039 2433 1102 2495 quo
1153 2413 1230 2478 inde
1252 2412 1377 2495 laqueis
1398 2411 1554 2495 implicat.

121 2509 275 2584 tempore
295 2499 447 2568 venditus
468 2508 526 2566 cst·
539 2498 668 2582 Ioseph.
711 2499 780 2566 Nec
802 2521 879 2566 vero
900 2501 1021 2565 mirum
1043 2508 1102 2575 cst,
1239 2497 1284 2561 Et
1303 2498 1402 2564 uoluit
1422 2497 1656 2563 cmuobtc’onem
1677 2496 1845 2562 admittere.
1879 2493 2060 2576 Quaeritur
2081 2516 2125 2560 an

121 2588 240 2671 ipsum
262 2587 362 2652 fuisse
372 2592 598 2669 praeventum,
620 2606 722 2668 quum
743 2607 779 2651 se
801 2586 836 2650 in
850 2585 1017 2651 diversum
1040 2585 1102 2648 iter
1153 2603 1287 2668 prorsus
1317 2605 1336 2649 a
1365 2583 1557 2650 tolerantiae
1586 2583 1707 2647 virtute
1736 2581 1892 2647 exciderit
1920 2580 2033 2648 Iacob:
2063 2581 2127 2648 hoo

120 2675 292 2752 vertisset,
321 2680 361 2738 ut
388 2692 447 2754 per
476 2669 630 2755 ambages
662 2669 703 2735 ad
736 2673 911 2738 cisternam
944 2670 1101 2736 tenderet.
1153 2669 1243 2735 enim
1265 2669 1418 2735 videntur
1439 2689 1556 2734 sonare
1578 2668 1647 2733 eius
1670 2667 1777 2734 verba
1833 2665 1926 2732 Adde
1948 2665 2033 2750 quod
2056 2686 2125 2746 gra·

120 2760 227 2826 Nunc
255 2779 332 2826 vero
361 2756 493 2822 demum
521 2757 656 2834 Ruben,
690 2778 748 2840 spe
780 2757 897 2834 ablata,
931 2755 1102 2824 consilium
1154 2757 1231 2822 vius
1253 2764 1380 2838 peccat,
1414 2752 1544 2839 quando
1578 2755 1683 2820 sciens
1705 2761 1738 2817 et
1759 2752 1870 2818 volens
1894 2751 1995 2818 dolori
2016 2751 2126 2817 indul-

120 2865 225 2912 suum
248 2844 352 2927 aperit
368 2842 542 2909 fratribus:
572 2842 657 2925 quod
685 2843 778 2926 prius
798 2843 894 2908 fateri
915 2863 1013 2908 ausus
1034 2862 1102 2906 non
1154 2849 1218 2927 get,
1247 2842 1309 2907 boc
1334 2841 1422 2906 enim
1450 2850 1502 2906 est
1529 2841 1622 2923 quasi
1650 2839 1726 2903 data
1754 2858 1852 2923 opera
1882 2837 2034 2918 dolorem,
2069 2837 2125 2922 qui

120 2933 245 3008 fuerat,
267 2951 309 2994 ue
331 2929 442 2996 statim
464 2927 669 3012 iugularetur
690 2949 782 3010 puer.
1153 2927 1227 3011 plus
1248 2927 1329 2993 setis
1350 2935 1401 2993 est
1421 2926 1551 2992 rebellis
1568 2926 1649 3004 Deo,
1672 2924 1880 2992 exacerbare:
1904 2922 1962 2989 sed
1982 2945 2043 3009 ego
2064 2923 2127 2990 hoc

216 3015 269 3082 31.
292 3015 337 3080 Et
361 3014 498 3080 tuleram
525 3014 664 3079 tunicam
685 3013 808 3098 Ioseph.
858 3012 1015 3079 Redeunt
1034 3013 1100 3077 iam
1153 3012 1196 3079 ad
1222 3013 1420 3080 levationem
1450 3012 1579 3090 doloris,
1607 3031 1691 3094 quae
1713 3019 1841 3094 poterat
1862 3010 2054 3075 humanitus
2076 3007 2125 3073 af·

119 3102 165 3170 ad
191 3103 339 3186 primum
360 3099 442 3165 illud
463 3107 692 3166 commentum.
722 3100 774 3165 No
793 3099 872 3182 quid
896 3100 936 3164 de
956 3100 1102 3181 ipsorum
1152 3099 1241 3178 ferri,
1270 3099 1441 3182 restringo.
1499 3097 1592 3164 Nihil
1620 3097 1708 3162 enim
1736 3096 1844 3161 minus
1870 3105 2126 3162 cousentaneum

118 3189 267 3258 crimine
296 3186 478 3269 suspicetur
504 3194 611 3269 pater,
640 3186 924 3270 sanguinolentam
956 3184 1101 3250 tunicam
1153 3193 1204 3251 est
1221 3205 1317 3268 quam
1341 3192 1490 3250 sanctum
1511 3184 1635 3262 virum,
1660 3181 1715 3265 qui
1737 3189 1831 3246 tanta
1852 3181 1953 3246 animi
1973 3201 2126 3246 mansue·

117 3277 275 3352 mittunt,
310 3272 397 3338 unde
428 3272 579 3337 coniiciat
608 3271 767 3337 laniatum
795 3272 896 3337 fuisse
922 3270 963 3336 ab
993 3269 1102 3353 aliqua
1153 3270 1268 3336 tudine
1300 3270 1413 3354 iugum
1443 3269 1507 3334 Dei
1541 3277 1610 3334 tota
1642 3270 1711 3335 vita
1743 3268 1871 3345 tulerat,
1906 3287 1994 3332 nuuc
2021 3267 2127 3332 instar

118 3361 244 3428 bestia.
293 3356 490 3441 Quanquam
520 3365 630 3423 autem
658 3356 801 3424 breviter
828 3357 889 3423 hoc
909 3355 1104 3441 perstringit
1152 3357 1227 3440 equi
1248 3356 1409 3434 indomiti,
1431 3356 1579 3420 fraenum
1601 3352 1817 3420 mordendum
1840 3352 1992 3434 arripere,
2014 3363 2052 3417 ut
2070 3351 2126 3418 do·

116 3448 250 3524 Moses,
280 3465 340 3529 ego
367 3451 476 3509 tamen
505 3442 658 3508 existimo
685 3443 811 3526 aliquos
840 3441 948 3525 potius
975 3442 1103 3507 misisse
1152 3442 1255 3508 iorem
1267 3448 1382 3525 sponte
1403 3440 1531 3519 alendo,
1553 3461 1588 3506 se
1607 3439 1649 3505 ad
1658 3438 1852 3504 indomitam
1875 3437 2027 3504 ferociam
2050 3458 2126 3503 con·

117 3556 164 3600 ex
190 3530 313 3609 servis,
343 3530 398 3613 qui
426 3528 558 3596 sceleris
580 3528 701 3595 conscii
727 3549 793 3594 non
816 3538 943 3608 essent,
965 3548 1103 3611 quame
1153 3530 1272 3594 firmet.
1327 3527 1400 3611 Ego
1431 3527 1544 3610 itaque
1576 3546 1642 3591 non
1676 3524 1787 3590 dubito
1818 3523 1895 3608 quin
1922 3544 1956 3589 se
1984 3521 2128 3587 Domino

118 3640 186 3687 suo
209 3635 358 3682 numero.
404 3615 501 3681 Dicet
529 3615 616 3680 enim
640 3614 737 3699 paulo
765 3625 840 3698 post
860 3615 945 3680 filios
967 3623 1000 3680 et
1019 3614 1103 3680 filias
1154 3635 1243 3680 nunc
1272 3635 1335 3696 qno
1357 3633 1398 3677 ue
1427 3612 1631 3691 submiserit,
1661 3611 1810 3694 quamvis
1837 3609 1982 3673 humana
2010 3606 2127 3674 solatia

117 3703 263 3772 venisse
284 3709 321 3766 ut
343 3700 466 3785 aliquid
487 3700 597 3766 solatii
618 3701 777 3767 moerenti
800 3701 966 3766 afferrent.
989 3699 1103 3782 Quan-
1154 3707 1296 3783 respuat.
1379 3697 1488 3764 idctur
1516 3697 1616 3764 etiam
1646 3696 1754 3762 odiose
1784 3696 2006 3778 perstringere
2029 3693 2125 3774 filios,

118 3809 230 3875 quam
253 3795 361 3853 autem
379 3788 414 3852 in
437 3787 545 3853 verbis
566 3785 675 3868 aliqua
697 3786 828 3853 videtur
848 3784 980 3853 subesse
1001 3786 1103 3852 insul·
1153 3807 1290 3869 quorum
1310 3782 1469 3850 invidiam
1491 3792 1525 3849 et
1536 3781 1735 3849 malevolum
1752 3782 1898 3846 animum
1917 3800 1996 3864 erga
2005 3778 2125 3862 Ioseph

117 3877 220 3954 tatio,
244 3873 326 3938 mihi
349 3881 460 3939 temen
478 3872 688 3940 verisimilius
709 3884 761 3938 est
777 3873 841 3938 hoc
861 3871 1043 3952 mandasse,
1066 3881 1105 3938 ut
1154 3879 1367 3956 cognoverat,
1390 3889 1427 3936 ac
1449 3869 1478 3934 si
1499 3869 1682 3953 exprobret,
1705 3867 1809 3952 pluris
1830 3866 1893 3932 sibi
1914 3885 2016 3931 unum
2038 3865 2127 3932 hunc

115 3961 348 4044 suspicionem
378 3979 398 4023 a
425 3979 460 4025 se
490 3965 686 4024 averterent.
741 3959 892 4043 Fingunt
924 3959 1011 4023 enim
1042 3959 1105 4025 sibi
1155 3979 1227 4025 esse
1249 3957 1316 4024 illis
1338 3955 1506 4022 omnibus:
1540 3955 1617 4039 quia
1650 3954 1773 4020 mortui
1800 3973 1835 4019 sc
1859 3950 1985 4018 ulorum
2020 3951 2127 4034 magis

115 4045 303 4114 confusum
332 4066 402 4112 cese
430 4043 587 4125 animum,
619 4053 657 4108 ut
684 4045 720 4110 in
746 4043 844 4110 rebus
871 4045 1007 4129 trepidis
1033 4046 1104 4110 fieri
1155 4052 1288 4128 appetat
1321 4061 1420 4126 quam
1456 4041 1520 4107 frui
1553 4040 1790 4107 consuetudins
1828 3973 1939 4103 decem
1972 4037 2125 4101 vivorum

115 4133 220 4200 solet.
272 4129 439 4215 Quidquid
467 4137 579 4196 tamen
608 4130 802 4215 excogitent,
830 4130 895 4195 huc
924 4149 979 4197 eos
1001 4129 1105 4215 adigit
1154 4150 1234 4213 quos
1256 4128 1398 4194 habebat
1419 4128 1627 4212 superstites:
1650 4148 1726 4192 nam
1752 4124 1927 4208 parvulum
1949 4122 2126 4188 Beniamin

115 4239 226 4287 suum
252 4216 366 4297 scelus,
387 4225 425 4283 ut
445 4236 533 4281 nuno
560 4217 662 4299 patris
683 4217 829 4282 animum
858 4215 973 4281 lethali
995 4214 1104 4283 dolore
1154 4213 1298 4298 excipio,
1318 4213 1445 4279 interea
1467 4233 1534 4278 non
1555 4232 1673 4278 excuso
1696 4210 1815 4277 doloris
1836 4229 2006 4275 excessum
2028 4227 2125 4290 quem

115 4305 314 4373 vulnerent
357 4302 431 4368 Hoc
447 4302 570 4368 scilicet
590 4302 765 4383 proficiunt
782 4302 851 4368 suis
867 4302 1105 4388 integumentis
1153 4320 1261 4385 nuper
1282 4298 1447 4366 damnavi.
1496 4299 1543 4364 Et
1569 4307 1656 4364 certe
1677 4295 1828 4363 obrutum
1857 4315 1893 4360 se
1917 4293 2049 4359 tristitia
2069 4291 2126 4358 de·

117 4389 328 4475 hypocritae,
359 4388 437 4454 dum
460 4387 589 4472 culpam
618 4409 718 4453 unam
747 4388 891 4472 effirgere
913 4389 1041 4468 volunt,
1068 4397 1105 4454 ut
1154 4392 1325 4467 monstrat,
1344 4384 1385 4450 de
1405 4383 1556 4467 sepulcro
1576 4380 1711 4466 perinde
1740 4383 1875 4465 loquens
1904 4401 1942 4446 ac
1970 4380 1998 4443 si
2020 4387 2125 4443 morte

115 4483 324 4544 coacervent
346 4482 516 4558 peccatum
537 4482 679 4556 peccato.
715 4472 811 4555 Quod
831 4473 873 4539 ad
894 4472 991 4541 laceb
1013 4493 1104 4559 spec·
1155 4494 1221 4538 non
1243 4471 1458 4538 concederent
1484 4468 1545 4534 filii
1565 4469 1632 4535 Dei
1652 4468 1694 4533 ad
1715 4467 1883 4533 meliorem
1905 4466 2019 4531 vitam.
2064 4466 2125 4528 At·

116 4571 188 4640 tat,
221 4569 394 4644 postquam
433 4566 482 4625 tot
514 4557 619 4625 modis
657 4567 802 4625 tentatus
841 4579 971 4644 semper
1002 4560 1106 4627 victor
1156 4578 1218 4643 que
1240 4555 1318 4624 hinc
1339 4556 1494 4623 discimus
1521 4575 1619 4638 quam
1641 4573 1736 4621 caeca
1759 4552 1802 4618 sit
1824 4551 1943 4617 doloris
1965 4551 2125 4632 intempe-

116 4652 323 4714 emerserat:
341 4646 462 4712 mirum
480 4653 531 4711 est
541 4665 630 4710 nunc
650 4643 755 4710 dolori
766 4644 984 4712 succumbere.
1007 4645 1106 4712 Oerte
1154 4645 1221 4709 ries
1249 4663 1333 4726 quae
1354 4640 1431 4708 fidei
1452 4641 1564 4706 lumen
1591 4641 1661 4706 fere
1682 4639 1716 4703 in
1738 4637 1860 4705 sanctis
1881 4636 2032 4703 suffocat:
2062 4656 2126 4718 quo

114 4741 272 4802 mortem
304 4731 364 4796 filii
396 4732 471 4815 plus
502 4731 551 4795 illi
583 4730 741 4796 moeroris
772 4731 890 4797 afferre
921 4751 1018 4814 quam
1053 4733 1104 4797 iu·
1154 4728 1345 4814 diligentius
1368 4726 1409 4794 ad
1438 4748 1510 4793 eam
1533 4723 1748 4791 fraenandam
1776 4745 1835 4790 nos
1858 4722 1938 4788 eniti
1960 4719 2123 4788 convenit.

115 4829 316 4888 aestuosum
334 4819 447 4884 uxoris
465 4825 626 4900 stuprum,
649 4825 682 4882 et
701 4815 865 4883 Sichimae
883 4815 1008 4883 cladem
1030 4839 1106 4885 cum
1155 4815 1215 4882 Iob
1236 4813 1390 4880 excelluit
1410 4832 1540 4879 summa
1559 4813 1696 4896 pietate:
1721 4808 1870 4876 videmus
1893 4816 2013 4887 tamen,
2034 4812 2125 4890 post·

113 4907 216 4974 filiae
240 4910 335 4986 raptu
359 4905 582 4983 coniunctam,
612 4902 712 4968 nimis
737 4902 914 4968 absurdum
936 4911 995 4968 cst.
1038 4902 1105 4970 Ubi
1156 4921 1253 4984 quam
1276 4897 1503 4983 magnitudine
1525 4897 1645 4964 doloris
1662 4916 1835 4980 oppressus
1852 4904 1911 4973 est,
1934 4913 2032 4977 quam
2050 4911 2125 4975 pro·

114 4993 291 5059 invictum
318 4988 399 5054 illud
430 4990 547 5068 robur,
580 5005 645 5072 qao
675 4988 775 5054 etiam
807 4995 920 5054 contra
951 4989 1105 5071 angelum
1156 4988 1233 5052 fano
1254 5005 1344 5050 more
1365 4985 1514 5051 homines
1535 5005 1603 5050 non
1624 5004 1719 5050 secus
1741 5003 1778 5048 ao
1799 4979 1939 5064 pecudes
1960 4979 1995 5044 in
2018 4985 2126 5043 morte

113 5073 337 5164 praevaluit?
361 5073 416 5140 ubi
434 5082 484 5140 tot
499 5072 1008 5158 patientiaedocumentaquibus
1029 5096 1105 5140 eum
1156 5072 1361 5156 permisceat.
1413 5069 1450 5138 Si
1481 5070 1616 5136 tristitia
1649 5089 1750 5153 usquc
1783 5066 1862 5133 cdeo
1894 5063 2127 5131 obtenebratae

113 5160 271 5231 subinde
293 5171 484 5227 exercuerat
501 5161 592 5227 Deus
614 5182 657 5225 ne
675 5179 820 5243 unquam
843 5157 1017 5227 deficeret?
1040 5160 1105 5225 Hic
1154 5159 1287 5225 fuorunt
1308 5155 1473 5240 angelicae
1492 5155 1626 5222 illorum
1648 5164 1835 5222 sanctorum
1864 5152 2012 5217 virorum
2034 5169 2126 5215 men·

110 5249 275 5336 profecto
296 5245 405 5313 luctus
426 5266 487 5312 nos
509 5245 672 5327 admonet,
693 5246 858 5311 neminem
885 5255 954 5311 tam
974 5244 1106 5312 heroica
1155 5253 1214 5324 tes,
1237 5251 1359 5327 quanto
1382 5240 1511 5308 densior
1532 5242 1636 5326 caligo
1658 5239 1751 5307 nobis
1771 5237 1949 5318 incumbet,
1967 5235 2032 5302 nisi
2053 5256 2125 5300 cam

110 5337 254 5404 virtute
276 5332 484 5413 instructum,
514 5333 547 5398 iu
576 5353 640 5417 quo
666 5353 732 5398 non
759 5330 902 5400 resideat
922 5332 1031 5399 carnis
1051 5331 1102 5398 in·
1155 5331 1318 5397 Dominus
1347 5327 1439 5396 verbi
1466 5335 1498 5394 et
1520 5327 1655 5411 spiritus
1682 5327 1734 5393 sui
1760 5325 1888 5410 fulgore
1905 5322 2070 5403 discutiat,
2093 5327 2127 5386 et
