4988 6192
132 455 191 520 501
794 456 1153 525 COMMENTARIUS
1177 458 1227 524 IN
1249 456 1462 524 GENESIN.
2063 459 2129 525 502

129 654 161 712 et
190 645 311 728 publici
341 646 439 710 etiam
467 645 608 728 exempli
636 645 802 724 interfuit,
831 647 991 730 flagitium
1018 644 1101 710 illud
1153 652 1181 712 et
1200 646 1390 724 clamassem,
1413 645 1543 726 reliquit
1562 645 1774 710 uestimmtum
1795 665 1888 711 saum
1909 647 1996 728 apud
2016 667 2073 726 me,
2096 653 2125 712 et

130 739 261 797 aeterna
290 731 425 796 infamia
454 731 571 796 notari.
615 729 657 796 In
678 732 789 799 verbis
819 731 1003 798 obstetriois
1033 752 1101 795 am·
1151 734 1243 816 fuqit,
1265 751 1463 815 epressttsqaa
1484 735 1529 796 est
1548 731 1645 812 foras.
1681 731 1731 796 16.
1756 730 1899 798 Ratiauit
1916 737 2018 798 autera
2034 735 2124 798 uesti-

129 818 247 902 biguus
269 825 319 882 est
341 837 466 896 sensus,
490 817 622 901 quidam
645 825 817 900 rupturam
834 837 894 900 pro
915 815 1102 883 secundinis
1152 823 1287 883 madum
1309 818 1377 883 eius
1398 817 1484 900 apud
1505 837 1553 893 se,
1579 817 1673 881 donea
1693 818 1809 884 amirei
1830 818 1976 884 elmuinus
1993 819 2061 884 eius
2082 818 2126 883 ad

128 903 307 986 aaoipiunt,
331 902 447 986 quibus
469 905 574 986 ruptis
595 902 764 986 egreditur
784 904 897 968 foetus.
943 903 1011 967 Alii
1033 922 1101 968 reo·
1152 905 1278 970 domum
1299 924 1400 968 suam.
1447 903 1497 967 17.
1521 901 1566 966 Et
1587 902 1712 984 loquuta
1734 909 1779 967 est
1799 904 1843 969 ad
1864 924 1934 968 eum
1955 904 2126 970 secuudum

127 990 201 1068 tius,
222 988 307 1072 quod
325 989 463 1053 miretur
479 988 637 1054 obstetrix
656 987 814 1073 quomodo
831 989 1101 1072 perruptointer-
1152 989 1243 1054 uerba
1264 991 1341 1069 ista,
1363 987 1510 1055 diceudo:
1533 989 1703 1071 Iapressus
1728 994 1774 1054 est
1800 990 1841 1054 ad
1862 1009 1910 1054 rrae
1930 1009 2040 1054 seruus
2061 989 2125 1054 He-

126 1075 226 1155 stitio,
245 1074 371 1140 Pheres
389 1074 478 1157 prior
495 1095 647 1160 egressus
665 1075 770 1152 luerit,
789 1096 865 1140 nam
884 1073 1100 1157 irateripsum
1152 1076 1264 1140 braeas
1281 1081 1316 1140 ut
1336 1076 1479 1140 illuderet
1495 1073 1583 1138 mibi.
1620 1074 1668 1138 18.
1692 1074 1737 1138 ut
1755 1075 1826 1155 fuit,
1849 1095 1944 1156 quum
1960 1075 2125 1142 elevassem

124 1181 354 1246 praegressus,
383 1159 485 1226 instar
515 1162 601 1226 mari
623 1160 809 1226 intermedii
831 1162 998 1243 oppositus
1019 1169 1099 1224 erat.
1151 1181 1252 1226 uocem
1268 1177 1377 1238 meam,
1402 1165 1428 1224 et
1445 1161 1637 1237 clamassera,
1659 1160 1788 1242 reliquit
1802 1161 2014 1226 uestimentum
2031 1181 2126 1227 suum

124 1246 302 1312 Nonnullis
334 1245 464 1311 videtur
497 1249 566 1312 esse
605 1246 809 1329 imprecatio:
853 1247 944 1328 quasi
978 1245 1100 1310 dietum
1151 1249 1238 1329 apud
1270 1267 1332 1324 me,
1367 1251 1395 1310 et
1424 1245 1507 1330 sapit
1537 1246 1635 1327 foras.
1688 1246 1736 1311 19.
1766 1245 1843 1310 Fuit
1877 1251 1996 1325 eruum,
2030 1267 2127 1328 quum

124 1343 218 1412 esset,
242 1332 352 1415 Super
373 1339 406 1396 te
426 1339 560 1398 maneat
581 1342 727 1416 ruptura.
764 1330 832 1398 Sed
853 1332 972 1411 Moses,
996 1352 1099 1415 quan·
1151 1334 1292 1398 audisset
1313 1333 1458 1398 mutuus
1479 1332 1548 1397 eius
1563 1331 1658 1396 uerba
1677 1333 1788 1396 uxoris
1805 1352 1883 1397 suae
1902 1353 1982 1414 quae
1998 1332 2125 1414 uquam

124 1429 193 1483 tum
217 1439 279 1502 ego
300 1417 415 1494 indiae,
436 1438 502 1483 non
524 1417 613 1482 alind
635 1428 750 1484 notare
773 1417 876 1483 voluit
893 1439 990 1501 quam
1009 1437 1099 1482 mon·
1150 1422 1195 1483 est
1210 1419 1254 1484 ad
1272 1439 1349 1497 eum,
1372 1417 1516 1482 diceudo:
1540 1416 1714 1483 Secundum
1735 1417 1808 1482 baec
1827 1418 1901 1500 feeit
1917 1417 1996 1482 milei
2017 1437 2129 1484 seruas

122 1513 228 1570 strum
251 1501 515 1570 animadversum
537 1504 638 1570 luisse
660 1506 694 1569 in
717 1514 825 1588 parta.
1150 1508 1241 1569 tuus:
1270 1505 1373 1568 iratas
1400 1507 1444 1568 est
1462 1503 1554 1585 furor
1575 1503 1652 1601 eius.
1697 1503 1748 1568 20.
1766 1501 1817 1601 ‘Et
1838 1505 1953 1585 aoaepit
1979 1504 2126 1602 domiuus

1151 1589 2068 1758 {tlttttlltt’tittttltlttttt‘tl
2088 1609 2125 1742 ii

1149 1761 1239 1826 dano
1259 1762 1404 1827 carceris.
1448 1760 1500 1824 21.
1524 1759 1603 1824 Fuit
1624 1781 1695 1825 uera
1717 1759 1833 1826 Ieboaa
1854 1780 1923 1825 aem
1945 1759 2073 1843 Ioseph,
2096 1766 2125 1826 et

436 1844 587 1911 CAPUT
608 1843 777 1910 XXXIX.
1149 1847 1312 1912 iaaliuaait
1327 1847 1372 1912 ad
1387 1866 1458 1911 eum
1474 1846 1733 1924 miserebardiam,
1752 1853 1781 1911 et
1797 1846 1880 1912 dedit
1899 1847 2038 1928 qratiam
2055 1849 2123 1914 aius

1149 1934 1183 1996 iu
1216 1932 1312 1998 omlis
1339 1932 1499 2014 principis
1531 1932 1641 1996 domus
1676 1933 1817 1998 carueris.
1874 1932 1925 1997 22.
1960 1931 2005 1996 Et
2036 1933 2124 2000 dedit

208 2019 237 2083 l.
263 2015 376 2098 Ioseph
398 2020 501 2080 autem
520 2016 630 2082 duatus
652 2021 697 2081 est
714 2015 749 2080 iu
766 2014 951 2100 Aaqpptum,
974 2024 1003 2084 et
1023 2020 1097 2084 erait
1141 2019 1294 2099 princeps
1311 2018 1422 2083 domus
1438 2018 1574 2083 carceris
1591 2019 1625 2082 iu
1642 2037 1739 2084 mauu
1757 2017 1871 2100 Ioseph
1888 2038 1991 2084 munes
2007 2020 2124 2086 uiuatas

116 2126 189 2172 euru
210 2102 365 2187 Potipbar
379 2102 529 2183 princeps
548 2101 737 2180 Pharaonis,
754 2103 903 2184 priuaeps
918 2105 1094 2184 satellitum,
1147 2105 1204 2185 qui
1225 2109 1315 2170 eraut
1336 2104 1371 2169 iu
1392 2104 1480 2170 doura
1501 2104 1653 2170 adramis:
1678 2110 1707 2167 et
1728 2106 1832 2168 arania
1861 2124 1940 2184 quae
1964 2105 2122 2185 faa-iebant

115 2195 169 2256 vir
192 2189 384 2272 Aeqpptius,
407 2208 423 2256 a
443 2207 539 2252 mauu
561 2187 796 2252 Ismaeliauum
822 2190 878 2270 qui
903 2191 1096 2258 deduxerum
1146 2189 1227 2269 illia,
1251 2191 1319 2272 ipse
1338 2189 1477 2270 smubat.
1522 2189 1573 2254 23.
1600 2189 1705 2271 Neque
1718 2191 1870 2271 priueeps
1889 2191 2001 2256 domus
2021 2211 2123 2256 auree·

115 2297 189 2345 erem
210 2275 296 2342 illua.
332 2274 362 2338 2.
385 2272 431 2338 Et
445 2272 510 2354 fuit
531 2273 646 2339 Ieboua
664 2293 734 2338 eum
757 2273 886 2354 Iasepb:
907 2276 1012 2356 itaque
1031 2278 1096 2360 fuit
1145 2275 1195 2339 ris
1215 2276 1337 2340 uidebat
1357 2276 1528 2357 quidqwam
1550 2275 1651 2341 exiis
1673 2277 1729 2358 qni
1751 2288 1846 2340 orant
1868 2276 1903 2340 iu
1924 2296 2020 2341 mauu
2042 2278 2119 2355 eius,

113 2365 168 2430 air
202 2381 355 2450 prospere
394 2379 504 2442 aperus,
542 2360 662 2441 fuitque
693 2360 727 2423 iu
764 2359 852 2425 dorm
890 2362 1010 2427 domiui
1041 2365 1095 2429 sui
1146 2362 1285 2443 eoquod
1308 2360 1421 2426 Ieboua
1451 2367 1521 2426 arat
1549 2381 1620 2427 eum
1641 2381 1688 2440 ea,
1721 2366 1750 2426 at
1774 2361 1856 2444 quad
1883 2362 1951 2443 ipse
1976 2362 2118 2444 secubat,

113 2447 277 2533 Aeqyptii.
312 2447 341 2511 3.
366 2444 410 2509 Et
429 2445 510 2510 uidit
527 2446 675 2510 domiuus
695 2445 764 2509 eius
784 2447 865 2526 qaod
882 2447 997 2514 Ieboua
1018 2455 1097 2514 esset
1146 2445 1260 2512 Iebaaa
1281 2447 1474 2512 secundabat.

110 2557 186 2604 mem
208 2537 309 2599 emet
336 2531 441 2597 amaia
470 2551 551 2612 quae
572 2531 641 2612 ipse
660 2530 808 2613 faciebat,
830 2530 945 2598 Ichana
960 2555 1091 2616 prospe·

110 2623 207 2688 rabat
234 2619 270 2683 iu
296 2637 394 2683 mauu
420 2616 498 2681 aius
543 2616 572 2680 4.
601 2614 645 2681 Et
672 2618 788 2682 iuaeuit
807 2617 921 2700 Iasepl
948 2622 1086 2703 qratiam
1232 2618 1259 2682 1.
1284 2617 1327 2682 Et
1344 2616 1457 2700 Ioseph
1473 2617 1622 2683 deductus
1638 2622 1690 2684 ast.
1723 2617 1768 2683 Ut
1786 2616 1945 2700 reliquam
1963 2616 2117 2685 historiae

109 2711 148 2775 iu
171 2705 273 2771 uadis
293 2704 376 2782 aas,
405 2707 433 2768 el
461 2702 662 2768 ministrabat
682 2705 728 2767 ei:
758 2709 787 2769 at
807 2707 993 2786 praeposuit
1021 2727 1092 2772 eum
1143 2709 1272 2786 partem
1304 2711 1458 2770 contexat
1491 2703 1615 2782 Moses,
1655 2702 1739 2787 quod
1773 2702 1918 2768 breviter
1950 2705 2115 2788 attigerat,

108 2793 329 2866 domuisuae:
351 2789 501 2854 domnia
523 2809 603 2870 quae
624 2789 778 2869 orantei,
799 2789 884 2855 dedit
904 2793 939 2857 iu
960 2812 1091 2857 manum
1142 2789 1261 2854 iterum
1295 2790 1429 2872 repetit,
1462 2789 1632 2855 venditum
1661 2789 1762 2854 fuisse
1791 2787 1910 2872 Ioseph
1940 2789 2117 2873 Putiphari

107 2887 192 2954 aas.
240 2876 270 2942 b.
300 2874 380 2940 Fuit
407 2879 510 2940 aedem
538 2895 575 2938 ea
604 2895 638 2940 aa
666 2879 798 2955 tempore
825 2895 885 2957 quo
904 2880 1091 2958 praeposuit
1141 2873 1323 2958 Aegyptio:
1347 2874 1464 2941 deinde
1485 2875 1617 2940 subiicit
1638 2874 1746 2940 Deum
1768 2874 1867 2940 fuisse
1888 2896 1963 2940 eum
1985 2874 2116 2960 Ioseph,

106 2992 186 3038 eum
206 2962 422 3035 domuimus,
449 2965 477 3025 et
498 2959 639 3025 omuibus
659 2980 738 3042 quae
758 2966 847 3026 aaut
867 2962 911 3041 ei,
934 2963 1090 3029 benedixit
1142 2961 1218 3044 quia
1246 2981 1400 3046 prospere
1429 2963 1463 3027 in
1487 2961 1638 3026 omnibus
1666 2961 1695 3026 ei
1724 2960 1919 3028 sueoederet.
1970 2959 2116 3028 Tametsi

106 3057 234 3124 Ielraaa
261 3047 369 3114 domui
390 3047 539 3130 Aeqpptii
559 3050 689 3129 propter
708 3045 838 3130 Iosepb:
869 3053 897 3113 et
920 3049 985 3131 fuit
1005 3049 1089 3116 bene-
1141 3047 1229 3111 enim
1248 3067 1345 3131 saepe
1363 3048 1472 3131 impiis
1489 3047 1597 3112 fluunt
1614 3047 1725 3112 omnia
1742 3068 1782 3112 ex
1800 3053 1885 3126 voto,
1905 3067 1986 3130 quos
2005 3056 2115 3113 tamen

105 3142 207 3211 dictio
231 3137 363 3203 Iebouae
384 3133 419 3196 ia
448 3131 589 3197 omuibus
617 3151 696 3214 quae
720 3137 809 3198 eraut
830 3134 860 3199 ei
886 3135 922 3199 iu
951 3137 1089 3203 mauu
1141 3132 1232 3198 Deus
1250 3134 1363 3199 lavore
1380 3155 1439 3200 suo
1457 3154 1522 3199 non
1540 3135 1762 3218 prosequitur:
1786 3154 1865 3199 vera
1881 3134 2046 3200 sententia
2063 3141 2115 3201 est

104 3233 143 3296 iu
176 3245 263 3310 aqre.
309 3223 339 3288 6.
369 3217 511 3300 Reliquit
536 3237 606 3302 erqo
633 3218 739 3285 amaia
767 3239 827 3285 sua
855 3221 890 3285 iu
918 3241 1016 3287 mauu
1038 3221 1089 3288 Io-
1141 3238 1178 3283 aa
1199 3221 1332 3302 propria
1353 3219 1508 3302 loquutio,
1532 3239 1700 3303 nunquam
1718 3220 1802 3284 bene
1823 3239 1895 3284 esse
1915 3219 2112 3298 hominibus,

103 3313 205 3398 seph,
236 3316 342 3376 arou
363 3305 500 3388 aequavit
520 3323 590 3370 uem
612 3323 645 3370 eo
666 3305 854 3386 quidquam,
883 3307 949 3371 uisi
969 3327 1088 3389 pamm
1139 3304 1203 3370 nisi
1233 3313 1394 3388 quatenus
1422 3305 1601 3390 benignum
1629 3325 1664 3372 se
1692 3305 1759 3370 illie
1780 3306 1944 3371 Dominus
1972 3307 2113 3373 exhibet.

102 3421 203 3487 quem
217 3397 288 3480 ipse
304 3389 489 3462 comedebat:
505 3395 573 3456 erat
589 3394 692 3456 auteru
703 3391 816 3474 Iosepb
826 3392 959 3473 pulaber
972 3393 1087 3475 famma,
1139 3389 1172 3454 N
1173 3411 1226 3456 am
1255 3391 1566 3475 reprobos-qaoque
1595 3391 1713 3474 quibus
1741 3391 1858 3456 merito
1883 3391 2032 3458 infensus
2054 3402 2113 3473 est,

102 3494 133 3554 et
150 3483 291 3570 pulcher
311 3480 444 3563 aspectu.
482 3478 511 3541 7.
534 3476 578 3542 ut
597 3476 671 3558 suit,
687 3481 762 3558 post
780 3477 855 3544 laea
877 3479 989 3544 leuauit
1007 3501 1087 3546 uxor
1139 3495 1197 3540 sue
1226 3476 1450 3543 benedictione
1477 3476 1549 3543 ideo
1577 3477 1619 3542 ad
1647 3484 1778 3560 tempus
1807 3475 1977 3562 dignatur,
2012 3486 2049 3544 ut
2071 3477 2113 3543 ad

100 3571 236 3642 dormiat
257 3568 326 3634 eius
354 3565 456 3632 oculas
486 3583 560 3629 utos
581 3583 676 3645 super
697 3563 823 3644 Iasepl,
845 3568 873 3627 et
893 3565 987 3631 dixit:
1010 3565 1086 3632 0οη-
1137 3563 1372 3644 poeniteutiam
1390 3563 1477 3647 ipsos
1495 3564 1630 3629 comiter
1650 3563 1778 3643 invitet,
1800 3563 1866 3628 imo
1889 3563 2020 3642 alliaiat,
2044 3584 2113 3629 ma·

100 3657 218 3729 cumbe
240 3672 366 3718 aueum.
407 3651 436 3717 8.
461 3649 505 3713 Et
524 3649 643 3728 reuuit,
665 3652 694 3712 et
715 3648 797 3714 dimit
817 3650 861 3714 ad
880 3670 1010 3716 uaorera
1029 3653 1085 3718 do·
1138 3648 1251 3732 gisque
1274 3648 1510 3716 inexcusabiles
1529 3648 1659 3729 reddat,
1683 3649 1761 3714 dum
1783 3656 1917 3714 manent
1938 3650 2110 3716 obstinati:

99 3743 192 3812 mirri
215 3740 285 3818 sui,
308 3737 403 3816 ane,
433 3736 578 3802 domiuus
606 3753 692 3798 maes
717 3753 781 3799 aaa
808 3737 945 3819 aequauit
965 3757 1084 3804 meeum
1137 3733 1264 3801 interea
1292 3757 1405 3802 eorum
1436 3734 1583 3802 lelioitati
1612 3734 1787 3800 malediait.
1831 3734 1946 3818 Itaque
1975 3734 2051 3801 dnm
2075 3758 2110 3804 se

98 3830 188 3916 quid
211 3826 257 3892 sit
276 3825 312 3890 iu
332 3823 439 3889 dorae:
465 3826 493 3886 at
518 3819 625 3887 amaia
650 3839 731 3902 quae
758 3826 847 3886 eram
867 3822 912 3899 ei,
944 3821 1030 3889 dedit
1049 3825 1085 3889 iu
1136 3820 1178 3886 ed
1195 3843 1359 3888 summum
1377 3822 1527 3888 fortunae
1541 3821 1668 3888 venisse
1686 3828 1812 3904 putant,
1830 3821 1865 3884 in
1888 3821 2026 3888 exitium
2044 3823 2110 3890 illis

97 3932 243 3984 mamam
263 3929 374 3975 meam.
419 3907 449 3972 9.
475 3906 547 3972 Nou
568 3911 613 3970 est
633 3906 736 3970 maiar
760 3926 810 3970 me
830 3908 866 3971 iu
893 3908 981 3975 domo
1009 3909 1084 3974 baa:
1136 3908 1277 3972 vertitur
1303 3909 1500 3992 prosperitas
1516 3908 1562 3972 ‘in
1593 3928 1657 3991 qua
1684 3907 1746 3972 sibi
1779 3906 1959 3990 placebant.
2003 3908 2108 3974 Porro

96 4011 127 4070 m
150 4019 222 4067 neu
244 3993 408 4080 prohibuit
428 4014 450 4058 a
470 4012 519 4057 me
547 3991 719 4073 quidquam
739 3992 804 4057 uisi
824 3997 868 4071 te,
891 4013 925 4056 ea
945 3995 1028 4075 quad
1049 3999 1083 4061 tu
1135 3995 1262 4076 quoties
1284 3991 1507 4061 benedietione
1529 4013 1589 4060 soa
1611 3991 1760 4058 destituit
1785 3993 1934 4058 homines
1956 3993 2026 4059 sive
2048 4015 2107 4060 ex-

94 4091 149 4157 eis
174 4103 262 4150 uuor
282 4082 368 4147 aius:
390 4083 419 4143 et
438 4077 586 4160 quamdo
605 4077 726 4159 faciam
746 4079 865 4142 malum
883 4080 1003 4162 prande
1018 4080 1082 4162 lae,
1134 4087 1267 4145 traneos
1289 4080 1360 4144 sive
1383 4078 1585 4160 domestioos,
1607 4099 1754 4146 aresoere
1775 4078 1862 4162 ipsos
1884 4099 2015 4146 neeesse
2039 4089 2105 4146 est:

94 4181 135 4242 ut
154 4189 286 4256 pensem
306 4170 413 4232 matra
431 4162 559 4229 Deum?
598 4163 647 4227 10.
670 4161 715 4226 Et
733 4163 807 4245 fuit,
829 4183 925 4245 quum
946 4166 1081 4247 loquere-
1133 4164 1210 4246 quia
1230 4166 1363 4230 nonnisi
1384 4187 1426 4230 ex
1448 4166 1537 4232 fonte
1558 4165 1615 4231 illo
1637 4163 1813 4249 quidquam
1842 4164 1998 4229 bonorum
2022 4166 2104 4233 fluit.

94 4273 157 4328 tur
182 4260 260 4338 ipsa
288 4254 330 4318 ad
353 4247 467 4332 Ioseplt
499 4249 650 4331 quotidie,
676 4267 730 4314 aea
761 4249 791 4313 a*
822 4269 938 4315 marera
963 4258 1081 4336 pareret
1131 4249 1246 4334 Fingit
1266 4249 1398 4333 quidem
1420 4251 1482 4316 ribi
1503 4250 1646 4316 mundas
1667 4251 1847 4329 fortunam,
1881 4270 1963 4333 quae
1992 4251 2106 4319 volvat

92 4352 134 4414 ut
159 4362 239 4409 aum
258 4360 296 4405 ea
317 4335 529 4413 eoruumberet,
552 4338 581 4400 et
600 4340 636 4400 ut
657 4338 734 4401 esset
754 4353 825 4400 uem
846 4355 898 4401 ea:
927 4338 978 4402 11.
1001 4337 1080 4404 Fuit
1130 4356 1183 4402 res
1206 4335 1383 4415 humanas,
1408 4337 1459 4402 vel
1481 4337 1617 4421 quisque
1639 4335 1834 4402 industriam
1856 4356 1949 4402 snam
1972 4335 2102 4404 adorat:

90 4438 251 4514 inquam,
271 4423 439 4492 saeurtdum
459 4422 542 4486 diem
563 4419 642 4488 baua
661 4421 822 4505 inpressas
842 4427 886 4488 est
906 4423 1030 4489 mmmm
1046 4429 1080 4490 ut
1131 4441 1249 4488 verum
1288 4423 1449 4505 seriptura
1481 4421 1522 4490 ab
1553 4423 1611 4487 illa
1642 4441 1745 4504 prava
1776 4421 2011 4505 imaginatione
2043 4445 2104 4490 nos

87 4519 222 4606 faceret
252 4530 332 4593 optes
357 4529 466 4574 summ
496 4511 525 4574 et
552 4527 614 4572 aaa
640 4512 710 4572 erat
738 4508 906 4590 quisquam
934 4529 973 4574 ea
999 4511 1080 4576 viris
1130 4507 1320 4587 retrahens,
1342 4529 1396 4573 res
1418 4507 1571 4574 adversas
1593 4508 1724 4592 signum
1748 4527 1818 4572 esse
1841 4507 2007 4572 absentiae
2029 4510 2103 4590 Dei,

85 4609 215 4675 domus
237 4597 303 4663 illia
323 4596 359 4660 iu
379 4593 481 4659 doum
525 4593 575 4658 12.
602 4592 689 4658 Taua
710 4593 911 4675 approbmdit
930 4615 1001 4661 eam
1016 4617 1078 4677 per
1130 4592 1289 4660 seeundas
1311 4614 1389 4659 vero
1409 4595 1627 4678 praesentiae,
1649 4599 1796 4659 testatur.
1842 4592 2017 4658 Caeterum
2040 4595 2103 4658 mi·

85 4689 320 4760 vestimentum
341 4681 426 4759 eius,
459 4679 602 4744 diomede:
625 4678 793 4744 Gmreumbe
818 4700 944 4745 meeum.
989 4679 1077 4766 Erpa
1128 4680 1218 4745 nime
1240 4678 1376 4745 dubium
1398 4688 1448 4745 est
1469 4681 1549 4764 quin
1570 4679 1742 4763 peoulieris
1759 4687 1793 4744 et
1815 4699 1909 4744 rarus
1922 4677 1985 4743 Dei
2008 4679 2102 4745 favor

83 4773 235 4857 reliquit
264 4767 476 4834 sulimatum
506 4784 600 4830 sumu
628 4765 663 4828 iu
689 4784 787 4831 mauu
818 4766 899 4846 eius,
931 4766 1074 4850 atfuqit,
1128 4786 1207 4848 erga
1228 4765 1347 4849 Ioseph
1378 4766 1580 4849 apparuerit,
1613 4775 1651 4831 ut
1680 4763 1773 4830 iaaile
1802 4771 1966 4831 eonsteret
1987 4783 2007 4829 a
2029 4765 2101 4832 Deo

82 4874 306 4950 egressumque
323 4857 367 4919 est
384 4852 483 4934 foras.
520 4849 569 4914 13.
594 4847 638 4913 Et
652 4850 723 4932 fuit,
746 4871 841 4932 quum
857 4851 986 4917 uidisset
1002 4854 1074 4933 ipsa
1127 4850 1283 4918 benediai.
1346 4850 1487 4918 Subiioit
1525 4860 1635 4918 tamen
1675 4851 1830 4917 eontinuo
1870 4857 1942 4934 post
1981 4849 2101 4934 Moses,

82 4945 183 5037 quod
213 4941 391 5024 reliquisset
415 4936 628 5002 omanadum
655 4955 749 5001 suum
770 4937 806 5002 ia
826 4957 923 5003 amau
943 4957 1019 5017 aaa,
1047 4943 1076 5003 et
1126 4935 1247 5020 Ioseph
1270 4938 1369 5003 fuisse
1391 4938 1478 5018 apud
1499 4938 1658 5004 dmuiuum
1677 4957 1786 5015 sum,
1809 4943 1847 5002 ut
1870 4936 2011 5002 seiamus
2034 4958 2099 5003 non

78 5033 236 5122 fuqisset
264 5028 369 5110 fuas:
424 5022 474 5088 14.
515 5021 643 5088 Vooaait
671 5019 757 5087 oir'os
788 5022 898 5090 domm
928 5043 1018 5103 suae,
1047 5028 1076 5088 et
1125 5021 1274 5111 protinus
1299 5030 1447 5089 eventum
1476 5023 1577 5090 faisse
1605 5024 1640 5087 in
1668 5023 1822 5101 sublime,
1856 5030 1894 5088 nt
1922 5022 2101 5090 honorifica

79 5121 183 5191 dimit
212 5115 257 5181 ad
282 5131 347 5190 eas,
375 5109 516 5175 amum:
544 5107 662 5187 Videte,
696 5107 830 5174 amarit
857 5108 945 5174 uobis
970 5109 1075 5174 airum
1125 5116 1211 5174 esset
1242 5110 1312 5174 eius
1350 5108 1499 5174 penditio.
1555 5109 1724 5174 Libertate
1755 5107 1838 5174 nihil
1871 5115 1951 5172 tnno
1983 5107 2100 5173 fnisset

80 5207 282 5278 Hebraeum
301 5202 339 5262 ut
354 5195 498 5262 iduderet
527 5194 630 5260 mbis:
657 5195 818 5277 iuprarsas
842 5200 889 5260 est
907 5196 951 5260 ad
972 5215 1019 5259 me
1040 5199 1075 5260 ut
1125 5193 1316 5278 optabilius:
1355 5195 1446 5278 etqui
1481 5201 1634 5260 oensetur
1665 5195 1752 5259 inter
1786 5194 1963 5277 manoipia,
2002 5193 2100 5276 quasi

78 5285 308 5366 combiberet
334 5300 466 5359 meeum,
495 5285 524 5344 et
543 5279 678 5345 clamavi
697 5299 767 5344 aare
787 5301 910 5364 maqua.
957 5280 1006 5346 lb.
1031 5276 1076 5346 Et
1124 5279 1273 5363 preoario
1301 5278 1401 5359 vivit,
1434 5300 1535 5363 quum
1565 5278 1688 5346 domini
1717 5279 1852 5346 arbitrio
1880 5279 2027 5345 sabieota
2055 5279 2100 5345 sit

76 5382 171 5469 supp,
195 5393 295 5457 quum
316 5367 455 5436 audisset
474 5366 543 5447 ipse
564 5365 645 5447 qaod
665 5365 831 5432 derasam
848 5385 948 5433 mera
963 5386 1073 5447 mauu,
1126 5366 1195 5432 eius
1216 5365 1296 5432 vita.
1341 5366 1515 5432 Diseamns
1538 5385 1615 5451 ergo
1641 5367 1741 5433 etiam
1768 5365 2014 5522 inteanostrus
2036 5366 2102 5432 mi·
