5000 6208
139 404 199 469 201
792 402 1162 472 COMMENTARIUS
1186 404 1235 470 IN
1262 403 1474 470 GENESIN.
2064 402 2127 468 202

136 611 237 675 quum
255 592 379 658 Abram
399 591 469 674 ipse
489 593 544 674 qui
563 612 603 655 ex
626 611 725 656 sacro·
738 611 858 676 genere
877 590 954 658 Sem
973 600 1006 658 et
1024 593 1112 658 lllber
1162 591 1250 658 idem
1271 613 1330 677 per
1357 613 1475 659 manus
1504 592 1569 658 iam
1592 591 1668 658 olim
1691 591 1876 674 apatribus
1903 589 2062 656 traditum
2082 592 2129 655 fo·

137 676 294 743 oriundus
323 686 409 754 erat,
438 677 475 741 in
503 676 662 760 profundo
690 676 959 760 superstitionum
982 678 1112 763 gurgite
1161 687 1221 743 ret.
1272 679 1412 744 Summa
1440 689 1505 756 cst,
1528 678 1701 747 Christum
1723 679 1770 742 ita
1803 680 1871 742 fore
1903 675 2083 742 secuudum
2110 695 2130 740 a

136 783 209 830 cum
233 773 327 845 patre
347 783 406 827 suo
427 771 461 827 ct
479 781 541 829 aro
570 762 737 828 demersus
766 762 872 828 fuerit.
917 761 996 829 Ideo
1016 764 1111 829 multi
1160 763 1232 828 Deo
1254 783 1364 848 regem
1385 771 1424 830 ut
1446 765 1543 829 etiam
1565 765 1598 829 iu
1620 763 1819 830 sacerdotem
1839 770 1991 846 ungatur,
2009 769 2041 827 et
2062 761 2129 844 qui·

135 847 237 913 fuisse
261 846 337 914 Sem
367 847 533 913 divinant:
562 847 679 930 quibus
708 868 750 912 ne
777 847 978 915 subscribam
1000 849 1111 915 multis
1161 846 1232 914 dem
1256 859 1459 933 perpetuum,
1481 848 1566 934 quod
1589 847 1682 914 nobis
1704 850 1834 932 cognitu
1856 849 2027 932 plusquam
2049 846 2130 912 utile

134 932 243 1000 causis
260 933 433 1016 impedior:
452 952 556 1016 neque
573 933 660 998 enim
672 931 835 999 Dominus
852 935 960 1000 virum
978 945 1112 1000 aeterna
1159 942 1223 1014 est,
1245 942 1283 999 ut
1305 935 1466 1002 discamus
1487 935 1612 1020 regiam
1634 934 1760 1000 Christi
1787 936 1964 1018 potentiam
1993 933 2128 999 coniun-

135 1020 294 1083 memoria
324 1018 460 1104 dignum
488 1039 574 1085 noro
602 1028 730 1083 tantum
753 1030 788 1085 et
811 1019 948 1085 obscuro
977 1022 1111 1085 nomine
1160 1039 1237 1103 gere
1258 1041 1334 1086 cum
1356 1019 1531 1087 sacerdotis
1551 1019 1667 1086 officio.
1710 1018 1802 1085 Idem
1829 1039 1907 1104 ergo
1929 1020 1984 1103 qui
2013 1019 2129 1084 unicus

133 1104 330 1184 indicasset,
360 1113 398 1169 ut
425 1114 574 1170 maneret
601 1105 738 1186 ignotus.
788 1103 918 1170 Deinde
944 1104 1110 1189 probabile
1159 1114 1193 1171 et
1223 1115 1377 1172 aeternus
1405 1107 1600 1173 constitutus
1627 1113 1678 1171 est
1706 1104 1872 1183 sacerdos,
1903 1113 1941 1169 ut
1966 1125 2026 1168 nce
2056 1102 2128 1167 Deo

133 1210 199 1255 non
217 1199 284 1272 ,eet
299 1211 353 1256 cx
387 1190 512 1255 oriente
548 1190 708 1274 migrasse
734 1191 768 1255 in
797 1190 968 1269 Iudaeam,
1002 1203 1036 1256 et
1067 1213 1108 1257 ex
1158 1191 1390 1272 reconciliaret,
1412 1213 1450 1258 ao
1470 1199 1603 1276 peracta
1625 1191 1810 1274 expiatione
1830 1188 2047 1256 intercederet
2071 1207 2129 1272 pro

132 1276 228 1341 Mose
249 1275 332 1340 nihil
355 1276 420 1340 tale
440 1274 613 1360 colligitur.
653 1276 764 1340 'fertio
781 1277 810 1342 si
827 1275 1006 1342 habitasset
1027 1276 1108 1342 Sem
1158 1277 1261 1358 nobis,
1283 1299 1342 1342 rcx
1362 1278 1461 1343 etiam
1478 1279 1639 1342 immensa
1655 1278 1778 1343 virtute
1796 1276 1896 1360 pollet
1913 1274 1954 1340 ad
1972 1273 2128 1340 tuendam

132 1362 168 1425 in
191 1371 281 1426 terra
303 1360 480 1440 Ohanaan,
502 1381 567 1426 non
591 1360 637 1425 ita
658 1362 814 1427 flexuosis
836 1362 1026 1446 ambagibus
1047 1383 1107 1428 va·
1157 1362 1298 1428 salutem
1329 1373 1489 1441 nostram,
1528 1382 1652 1446 nosque
1683 1383 1741 1429 suo
1756 1393 1760 1404 ·
1778 1360 1941 1446 praesidio
1980 1359 2128 1426 tuendos.

131 1454 231 1530 gatus
251 1454 337 1512 esset
358 1446 491 1524 Abram,
515 1455 552 1511 ut
572 1447 712 1513 antchac
733 1447 847 1512 retulit
864 1447 983 1528 Moses,
1004 1448 1107 1514 donec
1156 1446 1209 1512 Ita
1225 1449 1264 1513 lit
1280 1459 1318 1513 ut
1335 1449 1405 1515 eius
1423 1449 1600 1532 patrocinio
1620 1448 1697 1513 freti
1716 1446 1879 1530 intrepida
1895 1467 1955 1512 uas
1972 1445 2128 1512 sistamus

131 1553 231 1597 suum
252 1541 384 1597 emaum
414 1533 597 1598 salutasset.
642 1533 829 1598 Plurimum
850 1554 929 1600 vero
953 1534 1106 1616 ponderis
1156 1547 1265 1600 coram
1283 1534 1348 1600 Dei
1367 1533 1458 1613 facie,
1480 1555 1576 1617 quem
1594 1535 1715 1600 scimus
1732 1533 1800 1598 t'ore
1817 1530 1912 1598 nobis
1932 1532 2126 1616 propitium:

129 1616 232 1682 habet
263 1617 348 1700 quod
383 1617 537 1684 admonet
565 1617 728 1702 apostolus
755 1618 853 1705 (Hah.
889 1620 918 1694 t,
948 1618 982 1706 3)
1019 1618 1105 1686 hunc
1156 1630 1190 1683 et
1228 1619 1350 1686 invicto
1384 1621 1455 1686 eius
1485 1620 1618 1687 brachio
1649 1620 1761 1685 confisi
1794 1637 1908 1684 secure
1947 1617 2126 1703 gloriemur

129 1701 350 1770 Melchisedec
378 1704 526 1787 quisquis
546 1703 660 1783 luerit,
691 1705 782 1770 nobis
804 1707 875 1769 sinc
893 1705 962 1769 ulla
979 1705 1105 1789 origine
1155 1711 1269 1770 centn
1308 1725 1405 1771 omne
1432 1705 1575 1772 hostium
1608 1725 1720 1789 genus.
1774 1703 1842 1784 Qui
1875 1725 1952 1771 vero
1984 1703 2126 1769 alterum

128 1791 223 1871 quasi
243 1788 420 1854 anubibus
442 1788 593 1872 delapsus
615 1798 710 1868 csset,
731 1790 768 1853 in
790 1788 934 1855 medium
955 1791 1103 1874 proferri,
1155 1811 1277 1856 munus
1314 1800 1467 1875 separant
1498 1792 1538 1858 ab
1571 1791 1687 1869 altero,
1727 1789 1898 1856 Christum
1936 1789 2125 1866 lacerantes,

128 1883 162 1940 ct
185 1876 257 1939 sine
285 1875 451 1940 mentione
479 1875 548 1939 ulla
576 1875 690 1940 mortis
719 1877 848 1959 sepeliri
876 1876 946 1941 eius
974 1896 1103 1942 nomeu.
1154 1874 1253 1941 fidem
1292 1875 1426 1943 dimidia
1459 1896 1519 1942 sua
1556 1876 1679 1941 fultura
1716 1876 1880 1960 privatam
1918 1873 2123 1941 labefactant.

126 1959 171 2024 Iu
199 1960 332 2025 hemina
360 1969 471 2026 autem
500 1961 610 2044 ignoto
642 1961 763 2026 clarius
795 1961 936 2046 refulget
966 1961 1105 2028 mirifica
1154 1960 1343 2028 Notandum
1364 1965 1461 2028 etiam
1483 1961 1570 2045 quod
1598 1983 1657 2028 rex
1678 1970 1832 2028 aeternus
1851 1965 1988 2028 vocatur
2009 1959 2125 2025 Obsis-

125 2045 194 2110 Dei
217 2046 339 2129 gratia,
369 2045 453 2129 quod
475 2046 562 2110 inter
583 2046 697 2110 mundi
719 2045 920 2130 cormptclas
948 2047 1036 2113 solus
1068 2048 1102 2111 in
1155 2053 1210 2113 tus
1248 2049 1353 2114 instar
1394 2046 1618 2114 Melchisedec.
1672 2045 1761 2112 Nam
1792 2067 1892 2130 quum
1925 2047 1995 2110 eius
2034 2046 2124 2112 vitae

124 2141 218 2196 tarra
240 2130 296 2196 illa
320 2131 450 2216 integer
469 2151 507 2197 ao
535 2131 683 2197 sincerus
712 2132 812 2197 luerit
839 2133 969 2216 pietatis
998 2132 1104 2198 cultor
1154 2132 1283 2198 nullum
1306 2134 1452 2218 assignet
1473 2135 1573 2198 finem
1596 2134 1772 2217 scriptura,
1802 2131 1896 2216 quasi
1914 2131 2124 2214 superstitem

123 2225 298 2316 etcustos.
334 2215 459 2282 Omitto
478 2215 592 2282 deliria
613 2239 697 2318 quae
716 2217 938 2318 Hieronymus
956 2217 997 2283 ad
1014 2218 1104 2284 Elua-
1154 2218 1305 2284 omnibus
1337 2219 1474 2318 saeculis
1503 2219 1674 2302 relinquit,
1708 2226 1795 2318 certe
1827 2237 1893 2319 non
1926 2216 2123 2299 temporalis,

123 2302 1103 2474 attestatis..¹⁰t‘.tt¹⁸,..⁵.¹t..ltt¹.t⁰t⁸.tt
1153 2302 1628 2473 atttltttlttttt
1646 2302 1739 2455 tlt
1749 2301 2124 2454 stultiut:

122 2473 269 2538 libenter
290 2472 395 2553 credo,
417 2485 515 2556 atque
536 2474 615 2540 hasa
637 2475 746 2559 opinio
768 2475 873 2558 magis
894 2485 1025 2558 recepta
1042 2483 1100 2541 cst.
1152 2495 1272 2541 munus
1293 2476 1468 2550 sacerdotis
1489 2475 1668 2560 peregerit,
1691 2476 1838 2556 sequitur
1858 2494 1923 2539 uno
1944 2473 2001 2539 illo
2022 2475 2123 2540 eacu-

122 2559 326 2642 Quanquam
348 2560 375 2624 si
394 2561 465 2641 quis
488 2560 581 2626 malit
597 2560 794 2626 contrariam
818 2561 1014 2626 sententiam
1031 2580 1100 2625 am·
1152 2560 1225 2628 ficio
1253 2561 1354 2626 semel
1383 2563 1547 2647 placetum
1575 2581 1646 2627 esec
1672 2561 1797 2637 Deum,
1829 2570 1867 2624 ut
1895 2579 1960 2624 non
1989 2558 2122 2625 aliunde

120 2645 242 2728 plecti,
270 2643 354 2728 quod
375 2643 532 2727 oppidum
553 2646 710 2711 fueritin
733 2645 867 2728 planitie
888 2647 1004 2725 situm,
1033 2666 1101 2710 non
1151 2647 1217 2711 iam
1246 2646 1388 2730 petenda
1415 2648 1459 2712 sit
1487 2646 1714 2714 reconciliatio.
1766 2643 1876 2727 Quare
1904 2653 2047 2712 atrocem
2074 2644 2123 2710 illi

120 2750 284 2814 repugno.
339 2730 561 2814 Hieronymus
593 2729 655 2797 hac
687 2731 721 2796 in
754 2741 845 2815 parte
883 2733 995 2798 vanus
1033 2739 1098 2797 est:
1151 2731 1305 2797 iniuriam
1327 2732 1470 2812 faciunt,
1500 2752 1538 2797 ac
1560 2733 1716 2798 honorem
1744 2730 1902 2796 divinitus
1923 2730 1972 2795 illi
2001 2731 2121 2796 iureiu-

121 2816 211 2900 quod
236 2825 345 2881 mmen
367 2815 487 2882 alicubi
509 2831 630 2895 namet,
653 2825 761 2883 aetate
782 2837 841 2882 sua
861 2816 1020 2900 quaedam
1042 2816 1099 2881 ad·
1151 2816 1253 2883 rande
1275 2818 1389 2884 datum
1410 2819 1549 2885 nefando
1571 2817 1741 2902 sacrilegio
1769 2816 1914 2900 eripiunt
1937 2815 2121 2899 quicunque

119 2901 190 2967 huo
212 2901 352 2985 vestigia
373 2902 485 2985 palatii
506 2901 726 2969 Melchisedec
747 2902 955 2985 superfuisse,
978 2923 1019 2968 ex
1041 2923 1099 2968 ve·
1151 2903 1202 2968 vel
1232 2902 1297 2968 alis
1328 2904 1460 2990 erigunt
1490 2903 1649 2971 saemfleia
1679 2900 1848 2986 expiandis
1880 2902 2033 2984 pcccatis,
2068 2899 2121 2967 vel

119 2986 250 3055 teribus
272 2987 378 3052 ruinis
396 2986 477 3051 mihi
496 3008 562 3052 non
587 2989 624 3052 fit
642 2988 828 3054 verisimile.
865 2989 962 3054 Nunc
984 2987 1097 3054 videu-
1150 2987 1230 3054 alios
1258 2988 1442 3057 sacerdotes
1469 2988 1640 3056 fabricant.
1689 2988 1797 3072 Atque
1825 2987 1953 3052 utinam
1982 2985 2015 3051 id
2041 3009 2121 3071 pru·

120 3073 204 3138 dum
225 3081 376 3156 superest
397 3072 558 3156 quomodo
574 3073 679 3140 inscul
705 3083 771 3139 tam
791 3074 941 3139 hebuerit
959 3073 1097 3140 Melchi-
1149 3074 1265 3139 denter
1291 3094 1473 3157 expensum
1501 3077 1614 3144 luisset
1636 3096 1656 3140 a
1676 3074 1816 3140 vetustis
1844 3073 1997 3140 ecclesiae
2018 3073 2120 3156 sarip-

118 3157 219 3226 scdec
252 3159 391 3242 figurem
429 3157 570 3239 Dhristi,
606 3165 639 3224 et
673 3094 775 3224 Nucrit
805 3160 899 3242 quasi
931 3158 1096 3232 ἀντίτυπος.
1149 3158 1283 3225 toribus.
1326 3160 1440 3243 Neque
1462 3161 1550 3226 enim
1572 3168 1638 3226 tam
1662 3159 1794 3245 frigide,
1822 3159 1887 3224 imo
1916 3169 1982 3224 tam
2005 3159 2120 3224 inscite

118 3245 239 3310 Verba
260 3255 338 3309 sunt
359 3244 498 3309 Doridis
520 3244 606 3311 Psel.
639 3245 717 3324 110,
744 3245 780 3310 4;
824 3245 955 3310 Iuravit
981 3246 1098 3310 Domi·
1148 3244 1394 3312 transtulissent
1427 3245 1468 3311 ad
1501 3266 1620 3330 panem
1652 3253 1686 3312 et
1716 3246 1832 3311 vinum
1871 3242 2120 3310 similitudinem

117 3351 199 3408 nus,
230 3339 263 3395 ct
284 3349 351 3394 uon
373 3329 551 3414 poenitebit
572 3351 664 3395 eum:
686 3332 738 3396 Tu
758 3353 794 3398 es
817 3330 965 3398 sacerdos
986 3332 1020 3396 in
1043 3351 1098 3396 ae-
1149 3330 1275 3396 Ohristi
1302 3339 1336 3397 et
1364 3330 1598 3412 Melchisedec,
1630 3351 1712 3414 quae
1739 3331 1836 3415 longe
1863 3330 1899 3394 in
1922 3329 1995 3395 aliis
2022 3328 2119 3396 rebus

117 3427 256 3482 ternum
274 3413 455 3480 secundum
473 3415 620 3481 ordinem
641 3416 869 3484 Melchisedec.
905 3417 1005 3483 Prius
1023 3438 1097 3482 cum
1149 3417 1305 3482 consistit.
1346 3417 1513 3483 Putarunt
1539 3417 1716 3500 imaginem
1740 3437 1811 3482 csse
1832 3415 1959 3482 Ohristi
1980 3413 2119 3481 Melchi-

117 3503 154 3567 in
175 3501 255 3566 sede
276 3501 366 3586 regia
387 3495 559 3580 locaverat,
582 3502 636 3568 oui
653 3523 741 3570 nuno
757 3502 909 3569 vendicat
926 3502 1097 3568 sacerdotii
1148 3500 1242 3568 sedec
1270 3503 1345 3585 quia
1374 3523 1492 3586 panem
1515 3512 1548 3568 et
1568 3503 1684 3568 vinum
1707 3501 1832 3567 obtulit.
1872 3499 2010 3567 Addunt
2030 3500 2119 3564 enim

118 3589 294 3652 honorem.
349 3586 486 3652 Constat
521 3596 630 3653 autem
662 3588 724 3654 sub
756 3590 828 3674 lege
860 3591 906 3655 sio
945 3588 1098 3654 distincta
1149 3587 1318 3654 Christum
1341 3610 1458 3673 corpus
1487 3609 1598 3664 suum,
1628 3590 1683 3671 qui
1707 3588 1800 3671 panis
1823 3596 1873 3652 est
1893 3587 2057 3664 vivificus,
2088 3594 2121 3650 et

117 3675 226 3738 fuisse
244 3671 308 3737 duo
326 3671 407 3737 haec
422 3673 537 3752 officia,
559 3682 596 3738 ut
617 3674 750 3758 regibus
770 3677 862 3740 nefas
883 3682 970 3740 essct
991 3692 1097 3739 sacer·
1148 3673 1352 3756 sauguinem,
1374 3676 1430 3758 qui
1449 3673 1630 3758 spiritualis
1649 3681 1700 3740 est
1720 3681 1827 3756 potus,
1849 3670 2014 3738 obtulisse.
2059 3673 2121 3736 At-

117 3757 249 3824 dotium
282 3759 434 3841 arripere.
489 3759 536 3824 Ut
569 3758 684 3824 demus
723 3781 837 3826 verum
876 3761 975 3826 luisse
1011 3758 1095 3843 quod
1147 3760 1203 3843 qui
1213 3761 1378 3842 apostolus
1395 3758 1472 3824 dum
1486 3761 1521 3825 iu
1540 3759 1678 3843 epistola
1695 3758 1736 3822 ad
1746 3758 1915 3824 Hebraeos
1932 3755 2029 3844 (ch.
2044 3757 2073 3836 t,
2087 3755 2121 3908 lg

116 3851 237 3909 namet
258 3843 365 3922 Plato,
387 3853 420 3908 et
438 3845 557 3925 passim
579 3845 721 3911 occurrit
737 3843 820 3929 apud
844 3855 963 3928 poetas,
985 3865 1096 3928 recep·
1147 3844 1352 3911 exactissime
1368 3845 1501 3930 colligit,
1522 3852 1555 3910 et
1572 3844 1739 3930 sigillatim
1757 3843 1945 3927 exsequitur
1963 3843 2097 3926 quidqui

116 3939 192 3995 tum
211 3928 291 3993 olim
309 3929 409 3994 fluisse
430 3931 597 3995 communi
619 3931 765 4014 gentium
785 3953 854 4009 usu,
877 3939 916 3995 ut
933 3951 994 3995 rex
1010 3929 1097 3996 idem
1147 3930 1254 3995 simile
1276 3951 1351 3996 cum
1374 3931 1506 3997 Christo
1528 3930 1645 3996 habuit
1666 3928 1897 4008 Melchisedec,
1918 3929 1958 3994 dc
1980 3949 2065 4012 pane
2087 3936 2121 3993 et

115 4024 207 4082 essct
225 4033 264 4080 aa
283 4014 448 4080 sacerdos:
471 4015 505 4080 in
523 4016 685 4081 Davidem
704 4026 738 4083 et
756 4016 825 4082 eius
843 4025 988 4100 posteros
1005 4015 1097 4081 nullo
1148 4017 1225 4082 vino
1252 4016 1389 4082 verbum
1417 4038 1482 4082 non
1510 4017 1597 4082 lacit.
1643 4014 1681 4082 si
1713 4036 1789 4080 vera
1819 4026 1905 4081 esset
1924 4014 2121 4080 Tertulliani

115 4101 219 4166 modo
250 4098 445 4184 quadrabat,
477 4121 558 4183 quos
581 4102 634 4166 lex
656 4103 787 4168 vetabat
816 4103 955 4168 alterum
976 4120 1097 4167 munus
1148 4108 1182 4165 et
1213 4101 1371 4166 similium
1403 4102 1548 4186 argutia,
1587 4101 1707 4166 nimiae
1738 4101 1958 4186 negligentiae
1995 4100 2119 4177 fuisset,

115 4206 259 4270 prorsus
280 4186 451 4270 attingere.
495 4187 586 4270 Ergo
608 4185 698 4270 quod
715 4189 818 4254 veteri
839 4189 911 4272 lege
940 4187 1097 4253 divinitus
1148 4186 1296 4270 singulas
1328 4198 1437 4269 partes
1470 4207 1554 4271 quae
1586 4187 1670 4252 levis
1701 4187 1858 4252 momenti
1894 4192 1989 4250 erant
2020 4204 2118 4250 exou-

116 4272 339 4339 constitutum
361 4271 483 4349 luerat,
506 4273 540 4336 in
564 4274 661 4339 huius
684 4273 860 4340 sacerdotis
882 4293 1020 4356 persona
1041 4271 1096 4336 ab·
1148 4270 1274 4350 tiendo,
1307 4273 1517 4356 praecipuum
1544 4279 1642 4356 eaput
1670 4291 1711 4336 ne
1737 4293 1805 4338 una
1832 4268 1962 4355 quidem
1991 4269 2119 4354 syllaba

116 4359 231 4442 rogari
259 4358 410 4440 oportuit.
455 4357 524 4424 Nec
547 4359 604 4425 abs
627 4379 663 4423 rc
691 4359 855 4442 apostolus
880 4359 1095 4425 sacerdotium
1147 4356 1285 4442 dignari.
1337 4355 1390 4424 De
1419 4357 1598 4424 sacerdotio
1627 4365 1736 4423 autem
1763 4377 1865 4440 quum
1892 4363 1960 4422 tam
1992 4355 2119 4438 prolixe

115 4451 253 4510 vetereto
269 4441 326 4510 illo
350 4451 383 4508 et
403 4442 569 4509 umbratili
591 4445 812 4527 praestantius
834 4446 942 4510 notari
963 4451 1095 4511 conten·
1148 4451 1181 4508 et
1208 4451 1360 4509 accurate
1389 4442 1532 4527 disputet
1565 4441 1745 4528 apostolus,
1778 4461 1875 4525 quam
1903 4460 2013 4507 crassa
2033 4449 2120 4506 esset

115 4530 184 4610 dit,
219 4527 307 4611 quod
338 4527 547 4594 iureiurando
579 4530 732 4596 sancitur.
784 4531 888 4596 Porro
921 4530 1022 4597 donee
1055 4529 1096 4594 ad
1146 4530 1211 4595 ista
1243 4527 1377 4609 oblivio,
1412 4529 1542 4614 insigne
1572 4529 1781 4608 escutiolam,
1814 4527 1848 4592 in
1878 4546 1943 4610 quo
1970 4533 2039 4591 tota
2065 4526 2118 4592 vis

115 4615 295 4682 Christum
317 4621 453 4679 ventum
474 4614 574 4680 fuerit
595 4636 661 4681 non
690 4617 873 4700 reperietur
894 4617 956 4682 iste
977 4635 1037 4680 rex
1058 4635 1096 4681 ac
1146 4614 1317 4682 sacerdotii
1345 4615 1473 4682 inclusa
1501 4623 1587 4694 erat,
1621 4635 1687 4680 non
1721 4611 1907 4699 attingere?
1938 4611 1993 4676 Ex
2019 4611 2117 4676 bene-

114 4698 282 4777 sacerdoe,
304 4701 360 4783 qui
380 4700 468 4765 iuter
488 4721 599 4768 omncs
622 4703 772 4768 emineat.
812 4700 1096 4784 Quemadmodum
1146 4700 1288 4766 dictim
1316 4709 1349 4766 et
1376 4700 1513 4766 decimis
1541 4701 1699 4766 honorem
1728 4700 1799 4765 eius
1827 4697 1955 4782 probat:
1993 4703 2117 4780 quanto

114 4794 232 4852 autem
251 4806 347 4850 nemo
369 4785 505 4864 exstitit,
527 4799 657 4870 practer
676 4787 857 4868 Ohristum,
879 4789 935 4871 qui
957 4786 1095 4853 Melchi·
1144 4785 1227 4852 illud
1262 4785 1303 4852 ad
1336 4806 1407 4852 rem
1437 4787 1545 4869 aptius
1573 4783 1769 4870 quadrabat,
1804 4804 1870 4849 non
1904 4803 2021 4868 agnos,
2058 4791 2117 4850 aut

115 4871 216 4938 sedec
250 4871 411 4954 dignitate
439 4881 609 4955 aequaret,
641 4873 762 4938 nedum
791 4873 1015 4956 praecelleret:
1048 4873 1096 4937 ita
1145 4872 1281 4950 vitulos,
1311 4872 1368 4937 sed
1397 4872 1513 4937 mundi
1540 4873 1644 4938 ritem
1673 4868 1748 4956 (hoo
1776 4879 1826 4936 est
1848 4868 1973 4935 Ohrieti
2001 4888 2117 4951 corpus

114 4959 199 5024 binc
234 4957 431 5040 colligimus,
464 4959 500 5022 in
531 4957 620 5024 illius
651 4979 791 5041 persona
821 4959 963 5025 oblatam
996 4958 1095 5024 fuisse
1144 4966 1179 5024 et
1204 4956 1414 5044 sanguinem)
1441 4957 1477 5022 in
1505 4959 1610 5041 figura
1638 4955 1818 5020 obtulisse?
1844 4955 1909 5020 His
1934 4953 2117 5020 rationibus

113 5043 270 5129 patribus
298 5042 424 5107 Ohristi
452 5042 602 5128 effigiem.
646 5043 715 5110 Nec
744 5065 823 5110 sane
844 5044 951 5110 David
979 5043 1094 5110 simili·
1144 5041 1274 5109 abunde
1295 5043 1455 5109 refellitur
1475 5053 1622 5109 veterum
1646 5043 1876 5108 commentum.
1921 5038 2116 5122 Quanquam

114 5128 269 5195 tudinem
288 5145 308 5191 a
324 5148 360 5194 se
382 5129 553 5194 confictam
575 5131 712 5212 profert:
735 5129 792 5196 scd
814 5149 915 5213 quare
937 5131 1095 5197 divinitus
1144 5150 1187 5194 ex
1212 5129 1323 5195 verbis
1345 5129 1447 5195 Masis
1470 5130 1549 5194 satis
1578 5127 1746 5194 luculenta
1772 5126 1925 5193 refutatio
1952 5127 2038 5191 sami
2060 5145 2116 5208 po-

113 5215 307 5281 ordinatum
328 5213 426 5278 fuerit
446 5213 570 5280 Christi
591 5235 743 5300 regnum,
767 5225 800 5282 et
820 5215 951 5300 quidem
971 5215 1093 5280 iureiu-
1144 5222 1217 5280 test.
1261 5214 1376 5298 Neque
1395 5215 1483 5281 enim
1504 5213 1571 5280 illie
1592 5214 1712 5298 legitur
1739 5212 1914 5297 quidquam
1938 5211 2038 5277 baisse
2059 5211 2115 5276 ob·

112 5299 223 5368 raudo
252 5300 460 5384 interposito,
489 5311 643 5381 testatur,
675 5321 736 5367 neo
768 5300 906 5368 dubium
933 5310 983 5369 eat
1014 5300 1093 5384 quin
1144 5301 1247 5366 latum
1270 5297 1359 5380 Dco,
1388 5300 1445 5367 sed
1476 5320 1541 5366 una
1568 5308 1725 5366 contextu
1754 5299 1801 5364 sio
1825 5297 1979 5364 habetur:
2010 5295 2116 5364 Obtu-
