4962 6192
125 427 181 489 613
773 426 1143 494 COMMENTARIUS
1164 429 1216 495 IN
1239 426 1454 496 anasum.
2049 435 2118 500 614

9 597 10 622 ’
122 613 204 678 illius
224 612 332 697 gentis
353 611 528 697 praecipue
550 613 778 680 memorandas
800 621 980 680 recensent.
1013 613 1086 679 Da·
1139 617 1205 682 imo
1230 615 1315 700 quod
1345 615 1467 701 passim
1496 617 1653 697 invaluit,
1683 637 1749 682 non
1779 636 1872 682 secus
1901 639 1939 684 ac
1968 619 2118 688 violente

122 699 203 765 bium
225 699 356 781 quidem
387 720 453 763 non
482 707 533 766 est
554 698 605 785 (at
625 699 702 766 alibi
724 696 881 784 diximus)
903 699 981 781 quin
1004 700 1087 766 ritus
1140 701 1332 781 exundatio,
1365 701 1467 767 trahit
1495 723 1609 769 omues
1638 702 1699 768 sibi
1728 701 1848 768 obvios.
1894 701 2114 790 Septuaginta

122 784 292 867 sepeliendi
320 794 465 850 mortuos
494 805 515 848 a
543 787 665 851 sanctis
692 785 843 869 patribus
869 785 1020 863 fluxerit,
1049 793 1087 851 ut
1140 789 1209 854 dies
1245 809 1326 872 quos
1361 789 1470 854 Moses
1507 789 1658 872 praefinit
1702 787 1743 852 ad
1777 788 1945 854 solennem
1985 791 2113 859 luctum

122 870 279 953 speculum
305 880 390 937 esset
412 871 656 936 resurrectionis
678 871 822 936 futurae:
852 870 909 936 sed
932 871 1086 954 quemad·
1139 875 1326 940 Herodotus
1348 873 1430 939 libro
1453 872 1594 939 secundo
1617 873 1808 940 conditurae
1831 875 1984 960 assignat.
2029 877 2111 944 Dio·

121 955 243 1020 modum
266 977 396 1039 semper
424 956 456 1020 iu
485 957 699 1024 eaeremoniis
729 957 834 1040 magis
860 957 986 1040 operosi
1008 965 1086 1022 sunt
1139 959 1325 1025 dorusvero
1342 960 1512 1025 salituram
1532 961 1669 1044 triginta
1682 960 1795 1025 diebus
1813 962 1967 1042 compleri
1986 963 2110 1030 scribit.

122 1041 305 1128 hypocritae
335 1062 433 1124 quam
468 1043 524 1124 qui
556 1042 692 1108 solidam
725 1063 837 1108 rerum
868 1043 1086 1108 substantiam
1140 1045 1323 1111 Gondiendi
1352 1066 1430 1110 vero
1458 1043 1590 1110 modum
1613 1057 1751 1127 uterque
1774 1045 1888 1111 sedulo
1910 1049 2110 1131 exsequitur.

121 1136 240 1192 tenent:
272 1129 395 1194 factum
425 1137 475 1193 est
502 1139 540 1192 nt
562 1129 618 1212 qui
640 1149 659 1192 a
682 1148 761 1194 vera
782 1127 846 1192 fide
869 1127 1084 1206 desciverant,
1138 1131 1183 1197 Et
1212 1133 1359 1215 quamvis
1393 1152 1544 1196 successu
1579 1131 1734 1215 temporis
1767 1131 1932 1198 solertiam
1968 1136 2110 1202 crevisse

121 1213 210 1298 longe
232 1213 307 1298 plus
329 1213 553 1279 ostentationis
575 1213 637 1280 sibi
655 1214 830 1280 asciverint
848 1233 945 1296 quam
963 1213 1085 1294 fideles,
1138 1239 1205 1283 non
1234 1237 1368 1302 negem:
1398 1216 1602 1299 disciplinam
1633 1227 1743 1282 tamen
1773 1216 1905 1282 illama
1933 1220 2110 1288 maioribus

120 1300 229 1382 quihus
254 1299 423 1365 constabat
444 1299 583 1384 symboli
604 1300 726 1366 veritas
748 1309 781 1364 et
797 1315 906 1365 rectus
924 1320 1013 1365 usus.
1047 1299 1086 1366 si
1138 1303 1237 1370 fuisse
1260 1304 1413 1370 traditam
1435 1303 1516 1367 mihi
1544 1303 1720 1367 verisimile
1740 1311 1800 1368 est.
1884 1341 1886 1348 .

119 1385 311 1450 conferimus
322 1385 461 1450 Iudaeos
479 1385 657 1466 nobiscum,
676 1384 866 1451 umbratiles
884 1385 960 1450 illae
978 1406 1085 1452 caere-
1224 1389 1268 1455 Et
1298 1391 1441 1472 lepardus
1467 1394 1512 1454 est
1534 1388 1665 1470 Ioseph.-
1707 1388 1871 1454 Inseritur
1903 1390 2011 1456 brevis
2033 1413 2109 1456 nar

118 1472 259 1549 monice,
294 1472 326 1535 in
360 1471 475 1554 quibus
507 1492 562 1537 eos
595 1472 758 1537 Dominus
790 1471 941 1555 occupari
974 1471 1085 1552 voluit,
1138 1477 1221 1540 ratio
1244 1473 1283 1539 de
1304 1477 1477 1558 impetrato
1499 1482 1698 1551 commeatu,
1730 1482 1766 1538 ut
1786 1474 1906 1558 Ioseph
1929 1499 2001 1542 cum
2025 1477 2110 1542 bona

117 1555 305 1624 immodicae
326 1555 423 1622 hodie
443 1557 566 1622 forent:
589 1579 726 1640 quarum
745 1571 854 1622 tamen
873 1578 951 1642 pree
969 1557 1085 1624 vicinis
1138 1561 1226 1645 regis
1255 1581 1333 1644 pace
1363 1572 1394 1626 et
1425 1561 1521 1625 venie
1544 1570 1720 1644 paternum
1742 1561 1843 1625 funus
1864 1563 1899 1624 in
1923 1562 2110 1644 sepulcrum

117 1642 265 1726 gentibus
283 1641 461 1708 tolerabihs
479 1643 542 1707 fuit
561 1643 647 1726 apud
665 1664 720 1709 eos
733 1643 947 1710 mediocritas.
978 1642 1084 1725 Quor·
1139 1646 1276 1728 duplicis
1298 1645 1472 1729 speluncae
1495 1646 1643 1711 deferret.
1688 1643 1885 1728 Quanquam
1909 1657 2021 1713 autem
2044 1669 2111 1713 non

117 1739 316 1794 sumentem
340 1738 469 1794 tautum
497 1730 617 1794 laboris
646 1729 851 1812 susciperent
879 1731 1003 1812 profani
1025 1727 1084 1793 ho·
1139 1731 1267 1816 vulgari
1290 1733 1396 1816 gratia
1416 1731 1574 1814 pollebat,
1609 1731 1731 1796 aulicos
1754 1741 1864 1796 temen
1887 1733 2020 1802 adhibet
2041 1732 2112 1798 suf·

116 1816 224 1896 mines,
248 1821 439 1898 tantumque
457 1812 691 1899 profunderent
701 1817 868 1898 pecuniae,
887 1814 1083 1882 nesciebant.
1137 1819 1329 1902 fragatores.
1367 1815 1437 1882 (tur
1453 1815 1496 1896 id,
1518 1817 1580 1880 nisi
1602 1817 1677 1900 qaia
1699 1836 1752 1880 res
1774 1817 1884 1882 odiosa
1906 1818 1999 1883 erat?
2018 1818 2110 1886 Nihil

115 1901 198 1966 Hinc
220 1901 406 1983 colligimus
437 1922 533 1984 qaam
556 1899 666 1966 inanis
694 1923 732 1966 ac
756 1901 931 1985 nugatoria
959 1922 1010 1966 res
1033 1902 1084 1980 sit,
1138 1904 1225 1969 enim
1249 1901 1299 1990 (ιιι
1321 1901 1398 1967 alibi
1427 1900 1584 1988 diximus)
1606 1901 1779 1986 Aegyptiis
1806 1903 1916 1969 minus
1950 1904 2012 1968 fuit
2033 1904 2113 1971 tole·

115 1987 260 2053 externis
294 1993 424 2052 tantum
456 1987 559 2070 signis
593 1984 778 2063 attendere,
813 1985 866 2050 ubi
900 2006 965 2051 non
995 1987 1084 2068 viget
1137 1988 1240 2057 rabile
1263 2009 1358 2072 quam
1382 2008 1495 2052 eorum
1517 1996 1639 2053 terram
1662 1986 1787 2070 sperni,
1814 1987 1855 2053 de
1875 1988 1967 2054 cuius
1990 1990 2110 2056 sancti·

115 2074 240 2138 sincera
261 2071 423 2151 doctrina,
453 2093 537 2155 quae
559 2093 750 2157 germanam
773 2072 949 2155 originem,
979 2071 1084 2156 legiti-
1138 2085 1205 2141 tate
1226 2075 1275 2139 illi
1297 2077 1332 2138 in
1354 2072 1469 2156 primis
1497 2073 1730 2158 gloriabantur.
1775 2073 1891 2157 Itaque
1912 2074 2049 2158 Ioseph,
2072 2084 2112 2142 ut

115 2180 267 2240 mumque
288 2160 387 2223 finem
409 2157 570 2224 ostendat.
609 2157 758 2240 Sepelire
776 2165 931 2233 mortuos,
953 2158 1085 2241 pietatis
1138 2163 1297 2227 offensam
1319 2159 1383 2224 alio
1406 2158 1548 2236 derivet,
1578 2158 1802 2224 necessitatem
1832 2159 1990 2225 obtendit:
2022 2183 2060 2226 aa
2081 2163 2110 2228 si

114 2245 304 2311 exercitium
327 2251 385 2310 est.
422 2243 564 2310 Condire
584 2243 770 2310 aromaticis
792 2243 968 2326 unguentis
989 2239 1084 2309 eada·
1139 2246 1269 2324 diceret,
1288 2245 1498 2310 noncssesai
1516 2245 1642 2311 arbitrii
1660 2243 1780 2328 eligere
1794 2246 1895 2328 patris
1913 2246 2110 2329 sepulcrum,

114 2350 189 2396 vera
212 2331 293 2394 olim
317 2330 471 2395 vitiosum
494 2329 661 2407 nonfuit,
684 2349 801 2413 nempe
824 2327 1011 2412 utaliquod
1035 2330 1084 2393 fu·
1137 2333 1214 2416 quia
1242 2333 1425 2397 iuramento
1453 2331 1647 2415 interposito
1674 2329 1772 2395 fidem
1794 2330 1844 2394 illi
1873 2351 1965 2396 suam
1988 2331 2111 2416 obliga·

114 2427 203 2481 turae
215 2416 473 2501 incorruptionis
485 2414 668 2500 symbolum
682 2414 789 2498 palam
809 2422 960 2480 exstaret.
993 2413 1086 2479 Fieri
1140 2418 1232 2484 verit.
1279 2416 1390 2497 Quare
1411 2415 1560 2481 videmus
1582 2416 1692 2481 servili
1717 2417 1833 2481 timore
1854 2417 1954 2482 fuisse
1976 2437 2111 2500 oppres·

114 2504 196 2567 enim
220 2521 290 2566 non
313 2513 417 2586 potest
441 2503 519 2584 quin
542 2502 687 2586 graviter
709 2521 769 2566 nos
789 2499 945 2584 percellat
965 2500 1086 2565 mortui
1139 2506 1221 2584 sum,
1243 2503 1415 2586 quominus
1437 2513 1551 2584 sponte
1568 2513 1600 2566 et
1617 2502 1720 2567 libere
1737 2501 1835 2566 fidem
1854 2523 1947 2568 suam
1963 2503 2112 2586 profiteri

113 2589 257 2654 hominis
287 2597 493 2671 conspectus,
521 2606 559 2653 ac
580 2587 608 2652 si
637 2607 724 2652 unus
753 2585 902 2668 idemque
931 2586 1086 2652 interitus
1139 2587 1282 2668 auderet,
1303 2585 1431 2670 quando
1449 2587 1583 2653 alterius
1603 2607 1773 2670 personam
1792 2588 1957 2672 suscipere
1973 2591 2110 2672 cogitur,

113 2696 170 2739 nos
192 2695 262 2739 una
285 2695 357 2740 cum
380 2672 484 2739 brutis
517 2671 694 2756 pecudibus
723 2672 793 2738 sine
822 2669 1007 2739 discrimine
1029 2672 1085 2736 ab·
1138 2684 1176 2739 ut
1208 2674 1242 2738 in
1276 2681 1440 2738 mortuum
1477 2674 1652 2738 transferat
1683 2672 1839 2756 quidquid
1872 2680 1923 2737 est
1953 2673 2109 2742 invidiae.

112 2760 252 2826 sorbeat.
308 2759 418 2825 Hodie
451 2758 545 2824 nohis
578 2757 703 2824 Christi
743 2759 938 2823 resurrectio
974 2767 1086 2823 contra
1139 2759 1250 2840 Quum
1280 2759 1458 2842 simplicior
1486 2759 1656 2842 magisque
1681 2758 1811 2840 integra
1832 2779 1852 2824 s
1874 2758 1949 2825 filiis
1970 2759 2035 2825 Dei
2057 2781 2109 2826 re-

111 2845 194 2913 hanc
224 2847 440 2912 tentationem
471 2846 551 2908 satis
579 2847 676 2910 firma
698 2851 748 2908 est
768 2841 901 2908 fultura.
947 2843 1085 2909 Veteres
1138 2847 1287 2929 quiratur
1316 2843 1490 2925 confessio,
1524 2865 1618 2910 nemo
1641 2865 1676 2909 se
1699 2843 1818 2910 talibus
1847 2844 1929 2909 velis
1950 2845 2108 2911 occultet:

112 2943 230 3013 autem,
255 2932 373 3015 quibus
395 2930 538 2996 nondum
557 2929 714 2996 illuxerat
730 2929 846 3012 plenus
870 2929 947 3009 dies,
971 2929 1086 3014 figuris
1138 2934 1217 3015 quin
1245 2931 1354 3015 potius
1381 2941 1493 3014 petere
1516 2950 1535 2995 a
1556 2930 1699 2996 Domino
1726 2930 1879 3013 spiritum
1908 2929 2110 2998 fortitudinis

110 3017 215 3084 adiuti
242 3019 392 3084 fuerunt:
424 3015 481 3081 sed
513 3014 630 3098 quibus
653 3013 694 3080 ad
720 3034 810 3097 spem
832 3013 975 3079 melioris
997 3015 1085 3080 vitae
1139 3028 1172 3083 ct
1193 3016 1394 3084 constantiae
1423 3015 1583 3083 discamus
1605 3016 1660 3098 qui
1686 3035 1746 3080 nos
1767 3015 1809 3080 ad
1836 3016 2019 3081 testandam
2043 3018 2109 3100 pie·

109 3125 175 3170 non
193 3107 329 3170 fuerunt
347 3115 474 3169 erectae
492 3110 628 3178 mentes,
648 3099 731 3165 nihil
749 3098 837 3165 aliud
856 3120 954 3182 quam
973 3101 1087 3185 nugati
1139 3111 1241 3168 tatem
1265 3103 1396 3186 dirigat.
1442 3101 1538 3183 Quod
1561 3103 1589 3168 si
1611 3101 1715 3167 libera
1736 3100 1830 3166 nobis
1851 3111 1901 3166 est
1922 3121 1982 3184 per
2003 3101 2110 3168 homi·

109 3199 202 3272 sant,
235 3190 398 3273 stulteque
428 3187 583 3253 aemulati
612 3195 741 3252 sanctos
770 3193 888 3268 patres.
933 3186 1086 3270 Denique
1138 3210 1198 3255 nes
1225 3189 1357 3271 pictatis
1386 3187 1557 3272 professio,
1590 3188 1711 3271 gratias
1737 3205 1882 3270 mamus.
1927 3187 1999 3252 Iam
2021 3187 2109 3271 quod

108 3275 164 3342 ubi
184 3297 254 3342 non
273 3275 410 3360 spiravit
429 3273 508 3338 odor
525 3271 610 3351 fidei,
631 3283 668 3336 ut
687 3279 919 3356 cognoscerent
937 3269 1087 3339 homines
1139 3274 1258 3357 Ioseph
1276 3274 1338 3342 nisi
1357 3275 1443 3357 regis
1460 3274 1621 3357 permissu
1639 3271 1755 3355 pedem
1767 3277 1983 3338 inoverenon
2002 3272 2109 3356 attdct,

109 3361 234 3446 aliquid
253 3363 347 3428 sibia
364 3373 474 3426 morte
493 3379 563 3424 esse
582 3357 759 3436 residuum,
777 3355 937 3439 insipidae
955 3357 1088 3423 fuerunt
1139 3360 1216 3425 hino
1238 3360 1429 3443 colligimus,
1452 3358 1622 3442 splendida
1643 3357 1701 3423 illa
1723 3357 1861 3437 fortuna,
1885 3360 1977 3441 quasi
1999 3359 2109 3425 aureis

108 3469 224 3516 omnes
247 3447 445 3514 conditurae.
482 3444 553 3510 Imo
571 3465 674 3527 quum
689 3463 778 3508 mors
794 3443 860 3508 illis
880 3452 965 3507 esset
982 3453 1085 3510 aeter·
1139 3445 1347 3529 compedibus
1379 3445 1478 3510 fuisse
1511 3444 1709 3509 devinctum.
1757 3443 1802 3508 Et
1834 3453 1920 3510 certe
1952 3445 2027 3510 talis
2059 3453 2109 3511 est

107 3555 170 3600 nus
193 3533 340 3618 corporis
362 3531 535 3609 interitus,
568 3530 604 3594 in
632 3530 809 3612 pretiosam
832 3529 1011 3594 custodiam
1034 3550 1086 3596 re·
1137 3533 1282 3598 omnium
1301 3530 1442 3598 conditio
1454 3529 1509 3612 qui
1525 3527 1648 3594 honore
1666 3540 1699 3593 ει
1716 3529 1821 3612 gratia
1837 3529 1872 3593 in
1891 3529 1975 3596 aulis
1993 3550 2108 3614 regum

107 3619 250 3686 condere
280 3617 364 3702 quod
394 3619 552 3701 perierat,
582 3617 682 3698 impia
710 3615 772 3680 fuit
800 3635 910 3680 sacrae
932 3623 965 3679 et
994 3615 1085 3680 utilis
1136 3617 1354 3701 praecellunt,
1388 3626 1425 3681 ut
1457 3615 1546 3680 sanis
1579 3614 1767 3679 hominibus
1799 3614 1880 3678 nihil
1914 3613 2031 3680 melius
2064 3615 2109 3680 sit

107 3706 334 3772 caeremoniae
356 3703 549 3788 profanatio.
585 3701 682 3766 Nunc
705 3700 788 3784 quod
810 3698 930 3784 Ioseph
948 3699 1083 3785 Aegyp-
1137 3725 1234 3786 quam
1256 3703 1384 3786 privata
1406 3709 1492 3766 sorte
1514 3708 1682 3765 contentos
1704 3719 1784 3766 esse.
1829 3700 1905 3764 Alia
1926 3701 2024 3764 etiam
2047 3700 2110 3765 oir-

106 3791 161 3856 tiis
184 3812 222 3856 se
245 3790 436 3870 conformat,
458 3808 596 3874 quorum
618 3788 784 3872 superflua
805 3787 976 3851 euriositas
997 3787 1082 3852 ludi·
1136 3791 1332 3855 eumstantia
1354 3788 1483 3870 mitigat
1510 3784 1629 3869 Ioseph
1659 3804 1755 3867 quam
1789 3784 1907 3850 metuit
1938 3785 2106 3867 offensam,

105 3877 177 3942 bric
198 3898 266 3942 non
285 3876 396 3954 caruit,
416 3889 506 3940 metu
524 3873 746 3956 potiusquam
764 3872 881 3938 iudicio
900 3871 952 3937 vel
966 3892 1082 3956 appro·
1137 3896 1236 3958 quum
1260 3873 1346 3954 dicit,
1368 3895 1434 3938 non
1456 3892 1563 3956 nuper
1586 3871 1713 3936 venisse
1730 3870 1765 3934 in
1784 3877 1926 3935 mentem
1944 3872 2029 3954 patri
2047 3891 2109 3937 suo

105 3964 241 4028 batione
274 3961 386 4027 fecisse
418 3959 571 4028 credibile
603 3966 662 4025 est.
717 3958 763 4022 Et
795 3958 877 4022 forte
908 3978 1081 4041 perperam
1136 3961 1321 4044 sepulcrum
1345 3965 1495 4042 appetere
1517 3957 1550 4021 in
1575 3967 1662 4021 terra
1683 3953 1859 4022 chanaan:
1882 3955 1958 4039 quia
1971 3954 2105 4106 Kpridem

105 4049 293 4114 aemulatus
319 4058 369 4112 est
398 4046 595 4131 Aegyptios,
625 4065 664 4109 ne
693 4042 835 4108 deterior
864 4053 950 4108 esset
978 4044 1083 4127 patris
1135 4047 1197 4111 sibi
1220 4045 1392 4110 effoderat:
1415 4043 1502 4110 unde
1524 4043 1684 4126 sequitur,
1714 4062 1779 4106 non
1805 4041 1909 4106 fuisse
1934 4041 1968 4104 in
1992 4050 2104 4108 actum

105 4135 157 4199 sui
182 4153 284 4218 quam
306 4132 444 4198 aliorum
466 4129 619 4198 conditio.
661 4129 761 4212 Atqui
783 4128 971 4212 praestabat
987 4151 1022 4195 se
1040 4130 1081 4196 ad
1135 4142 1240 4197 terrae
1260 4131 1403 4216 Aegypti
1426 4129 1564 4195 fastidio.

104 4219 272 4304 frugalem
293 4226 424 4302 patrum
450 4237 547 4282 usum
578 4215 784 4299 restringere.
829 4213 1020 4294 (laetorum,
1044 4225 1081 4281 ut
1219 4219 1249 4284 6.
1278 4216 1321 4282 Et
1352 4217 1434 4282 diest
1466 4213 1604 4280 Pharao.
1653 4211 1808 4277 Vidimus
1841 4219 1879 4276 ut
1909 4209 2017 4275 media
2048 4213 2105 4276 via

104 4305 176 4390 ipse
200 4304 396 4371 excusabilis
418 4303 532 4382 fuerit,
559 4300 652 4366 nobis
674 4299 770 4366 hodie
792 4298 877 4364 idem
901 4300 1078 4367 nonlicet:
1132 4304 1301 4369 incesserit
1322 4300 1450 4384 Ioseph.
1494 4300 1608 4383 Neque
1637 4298 1723 4363 enim
1753 4297 1882 4363 volebat
1908 4316 2039 4378 prorsus
2062 4297 2103 4363 ab

105 4392 170 4457 nisi
194 4390 284 4455 cuim
307 4388 446 4456 velimus
468 4387 593 4453 Christi
615 4386 752 4471 gloriam
776 4386 921 4465 obruere,
944 4385 1080 4453 colenda
1132 4389 1237 4454 officio
1259 4387 1410 4452 deficere:
1432 4392 1639 4469 praetextum
1662 4393 1772 4448 tamen
1790 4394 1923 4464 captans
1941 4402 1981 4446 ex
1999 4385 2103 4464 patris

104 4483 157 4544 est
179 4477 287 4542 maior
306 4476 472 4542 sobrietas.
1133 4475 1294 4554 mandato,
1311 4493 1377 4537 noa
1396 4472 1475 4537 satis
1493 4469 1624 4537 cordate
1641 4490 1676 4535 se
1696 4469 1839 4554 gerebat.
1874 4467 1948 4532 Hac
1970 4467 2101 4549 quidem

194 4563 226 4628 3.
257 4561 301 4628 Et
326 4559 464 4644 completi
490 4563 563 4624 aaut
590 4558 619 4623 ei
647 4557 858 4640 quadruplata
884 4557 962 4624 dies.
1007 4558 1076 4622 Iam
1132 4559 1288 4626 modestia
1309 4559 1395 4623 flecti
1418 4557 1525 4640 potuit
1547 4555 1689 4632 Pharao,
1713 4567 1750 4619 ut
1772 4554 1841 4620 eius
1864 4550 2011 4635 precibus
2032 4563 2100 4617 tam

103 4649 339 4714 admonuimus
372 4647 486 4712 Mosen
521 4643 560 4708 da
593 4643 821 4710 caeremoniali
857 4643 946 4708 luctu
979 4643 1079 4708 verba
1131 4643 1226 4710 facile
1248 4653 1420 4708 annueret:
1450 4662 1553 4725 neque
1582 4651 1689 4706 tamen
1712 4640 1784 4706 ideo
1816 4637 1972 4722 probatur
1993 4636 2101 4703 molli·

102 4737 234 4802 facere:
255 4731 389 4816 ideoque
412 4731 442 4797 le
466 4749 517 4797 em
540 4750 604 4794 non
626 4728 860 4811 praescribere,
891 4729 942 4793 vel
966 4749 1077 4794 exem·
1131 4732 1210 4809 ties,
1241 4739 1280 4795 ut
1301 4728 1362 4794 sihi
1384 4729 1418 4792 in
1439 4747 1478 4793 ea
1499 4725 1691 4810 indulgeant
1712 4725 1770 4790 filii
1793 4724 1870 4789 Dei:
1900 4723 2025 4807 quiesi
2048 4725 2101 4788 in·

101 4822 198 4904 plum
224 4828 364 4885 statuere
382 4753 466 4901 quod
484 4816 575 4898 sequi
594 4814 685 4881 nobis
704 4815 808 4881 liceat.
844 4814 929 4879 Nam
951 4814 1077 4895 legibus
1129 4814 1254 4899 trepide
1276 4835 1338 4898 quo
1359 4822 1455 4880 vocat
1475 4813 1572 4878 officii
1594 4813 1677 4876 ratio
1704 4821 1899 4894 sequantur,
1932 4819 2098 4888 eventum,

101 4907 187 4972 certi
212 4904 343 4989 quidam
366 4903 434 4969 dies
456 4903 592 4968 fuerunt
613 4901 759 4983 praefixi,
782 4906 818 4965 ut
839 4907 925 4964 esset
948 4899 1075 4982 aliquod
1129 4902 1235 4984 qualis
1264 4899 1426 4984 optandus
1453 4909 1516 4978 est,
1549 4905 1678 4980 praeter
1699 4917 1790 4980 spem
1813 4893 1903 4960 dabit
1924 4893 2097 4962 Dominus.

102 4999 415 5076 temperamentum:
457 4988 627 5052 ambitioni
665 4995 775 5050 tamen
805 4983 927 5068 aliquid
963 4985 1075 5051 datum
1128 4988 1214 5052 Nam
1238 4988 1299 5052 etsi
1321 4984 1510 5054 humanitus
1531 4983 1592 5066 ipsi
1616 4983 1733 5066 loseph
1755 4982 1836 5047 bene
1860 4980 1956 5046 cessit
1977 4979 2099 5046 blanda

101 5088 162 5145 est.
213 5077 287 5142 Alia
314 5085 420 5140 autem
451 5073 623 5140 cohibendi
651 5071 768 5138 doloris
794 5069 908 5154 regula
935 5070 1030 5136 nobis
1057 5092 1077 5135 a
1128 5093 1187 5138 sua
1214 5072 1403 5138 submissio:
1431 5081 1556 5136 certum
1586 5079 1696 5134 tamen
1725 5078 1775 5134 est
1801 5064 1978 5163 superbum
2009 5069 2096 5151 regis

102 5165 252 5230 Domino
274 5161 423 5226 traditur.
459 5161 506 5225 Et
522 5158 641 5242 Ioseph
663 5179 697 5223 se
719 5156 824 5240 magis
844 5155 884 5220 ad
907 5177 1077 5239 perversos
1128 5161 1274 5223 animum
1293 5181 1311 5224 a
1329 5157 1400 5222 Deo
1421 5157 1592 5222 subactum
1615 5175 1696 5234 esse,
1713 5167 1750 5219 ιιι
1770 5162 1837 5218 tam
1861 5152 2001 5234 benigne
2022 5171 2099 5218 eon-

102 5249 351 5335 Aegyptiorum
372 5266 478 5311 mores
500 5247 627 5309 inflexit
647 5265 743 5327 quam
766 5263 826 5324 par
847 5251 932 5306 erat:
956 5251 991 5306 ut
1014 5242 1075 5307 sibi
1127 5242 1256 5309 eederet
1294 5243 1378 5328 quod
1419 5251 1551 5325 rogatus
1593 5240 1707 5306 fuerat.
1770 5236 1956 5303 Notandum
1996 5237 2097 5303 etiam

100 5337 232 5404 licitum
250 5354 321 5401 csse
342 5333 437 5416 fingit
458 5330 600 5396 mundus
622 5327 776 5413 quidquid
799 5335 991 5393 consuetum
1009 5337 1074 5396 est:
1126 5339 1326 5414 quantopere
1347 5329 1492 5412 viguerit
1513 5324 1724 5394 iurisiurandi
1747 5321 1964 5478 religig9ppud
1982 5342 2105 5390 caecos
