<?xml version="1.0" encoding="UTF-8"?>
<!DOCTYPE html PUBLIC "-//W3C//DTD XHTML 1.0 Transitional//EN"
    "http://www.w3.org/TR/xhtml1/DTD/xhtml1-transitional.dtd">
<html xmlns="http://www.w3.org/1999/xhtml" xml:lang="en" lang="en">
 <head>
  <title>
</title>
<meta http-equiv="Content-Type" content="text/html;charset=utf-8" />
  <meta name='ocr-system' content='tesseract 3.04.00' />
  <meta name='ocr-capabilities' content='ocr_page ocr_carea ocr_par ocr_line ocrx_word'/>
</head>
<body>
  <div class='ocr_page' id='page_1' title='image "./ioanniscalvinio06reusgoog_0113.png"; bbox 0 0 5000 6208; ppageno 0'>
   <div class='ocr_carea' id='block_1_1' title="bbox 96 453 2076 560">
    <p class='ocr_par' dir='ltr' id='par_1_1' title="bbox 96 453 2076 560">
     <span class='ocr_line' id='line_1_1' title="bbox 96 453 2076 560; baseline 0.002 -42"><span class='ocrx_word' id='word_1_1' title='bbox 96 453 175 560; x_wconf 33' lang='lat'>153·</span> <span class='ocrx_word' id='word_1_2' title='bbox 742 457 1110 535; x_wconf 71' lang='lat' dir='ltr'><strong>COMMENTARIUS</strong></span> <span class='ocrx_word' id='word_1_3' title='bbox 1133 461 1182 526; x_wconf 90' lang='lat' dir='ltr'><strong>IN</strong></span> <span class='ocrx_word' id='word_1_4' title='bbox 1206 459 1419 526; x_wconf 84' lang='lat' dir='ltr'><strong>GENESIN.</strong></span> <span class='ocrx_word' id='word_1_5' title='bbox 1639 513 1651 556; x_wconf 46' lang='lat'>3</span> <span class='ocrx_word' id='word_1_6' title='bbox 2014 460 2076 523; x_wconf 80' lang='lat'><strong>154</strong></span> 
     </span>
    </p>
   </div>
   <div class='ocr_carea' id='block_1_2' title="bbox 85 643 2086 5175">
    <p class='ocr_par' dir='ltr' id='par_1_2' title="bbox 85 643 2086 5175">
     <span class='ocr_line' id='line_1_2' title="bbox 95 643 2083 728; baseline 0.002 -18"><span class='ocrx_word' id='word_1_7' title='bbox 95 643 325 726; x_wconf 78' lang='lat' dir='ltr'><strong>imperiumque</strong></span> <span class='ocrx_word' id='word_1_8' title='bbox 343 643 405 708; x_wconf 91' lang='lat' dir='ltr'><strong>Dei</strong></span> <span class='ocrx_word' id='word_1_9' title='bbox 424 644 458 707; x_wconf 93' lang='lat' dir='ltr'><strong>in</strong></span> <span class='ocrx_word' id='word_1_10' title='bbox 479 664 592 709; x_wconf 90' lang='lat' dir='ltr'><strong>eorum</strong></span> <span class='ocrx_word' id='word_1_11' title='bbox 615 665 751 727; x_wconf 88' lang='lat' dir='ltr'><strong>persona</strong></span> <span class='ocrx_word' id='word_1_12' title='bbox 773 645 874 710; x_wconf 82' lang='lat' dir='ltr'><strong>violat</strong></span> <span class='ocrx_word' id='word_1_13' title='bbox 896 665 978 728; x_wconf 88' lang='lat' dir='ltr'><strong>quos</strong></span> <span class='ocrx_word' id='word_1_14' title='bbox 1001 665 1060 711; x_wconf 92' lang='lat' dir='ltr'><strong>suo</strong></span> <span class='ocrx_word' id='word_1_15' title='bbox 1114 645 1213 710; x_wconf 90' lang='lat' dir='ltr'><strong>tanda</strong></span> <span class='ocrx_word' id='word_1_16' title='bbox 1240 663 1290 711; x_wconf 91' lang='lat' dir='ltr'><strong>est</strong></span> <span class='ocrx_word' id='word_1_17' title='bbox 1319 659 1445 712; x_wconf 88' lang='lat' dir='ltr'><strong>tantum</strong></span> <span class='ocrx_word' id='word_1_18' title='bbox 1469 667 1646 728; x_wconf 90' lang='lat' dir='ltr'><strong>poenarum</strong></span> <span class='ocrx_word' id='word_1_19' title='bbox 1676 655 1710 710; x_wconf 91' lang='lat' dir='ltr'><strong>et</strong></span> <span class='ocrx_word' id='word_1_20' title='bbox 1732 644 1855 727; x_wconf 87' lang='lat' dir='ltr'><strong>gratiae</strong></span> <span class='ocrx_word' id='word_1_21' title='bbox 1877 646 2083 728; x_wconf 73' lang='lat' dir='ltr'><strong>comparatio,</strong></span> 
     </span>
     <span class='ocr_line' id='line_1_3' title="bbox 95 728 2084 815; baseline -0.001 -19"><span class='ocrx_word' id='word_1_22' title='bbox 95 733 156 796; x_wconf 87' lang='lat' dir='ltr'><strong>loeo</strong></span> <span class='ocrx_word' id='word_1_23' title='bbox 178 749 329 810; x_wconf 89' lang='lat' dir='ltr'><strong>praeesse</strong></span> <span class='ocrx_word' id='word_1_24' title='bbox 351 730 453 794; x_wconf 87' lang='lat' dir='ltr'><strong>iussit.</strong></span> <span class='ocrx_word' id='word_1_25' title='bbox 1113 752 1174 815; x_wconf 91' lang='lat' dir='ltr'><strong>qua</strong></span> <span class='ocrx_word' id='word_1_26' title='bbox 1205 733 1358 797; x_wconf 91' lang='lat' dir='ltr'><strong>docemur</strong></span> <span class='ocrx_word' id='word_1_27' title='bbox 1380 734 1426 796; x_wconf 90' lang='lat' dir='ltr'><strong>sic</strong></span> <span class='ocrx_word' id='word_1_28' title='bbox 1448 733 1558 796; x_wconf 90' lang='lat' dir='ltr'><strong>Deum</strong></span> <span class='ocrx_word' id='word_1_29' title='bbox 1580 753 1652 798; x_wconf 90' lang='lat' dir='ltr'><strong>esse</strong></span> <span class='ocrx_word' id='word_1_30' title='bbox 1680 732 1801 796; x_wconf 88' lang='lat' dir='ltr'><strong>iustum</strong></span> <span class='ocrx_word' id='word_1_31' title='bbox 1831 728 1990 794; x_wconf 88' lang='lat' dir='ltr'><strong>scelernm</strong></span> <span class='ocrx_word' id='word_1_32' title='bbox 2014 732 2084 795; x_wconf 85' lang='lat' dir='ltr'><strong>vin·</strong></span> 
     </span>
     <span class='ocr_line' id='line_1_4' title="bbox 172 813 2084 900; baseline 0.001 -21"><span class='ocrx_word' id='word_1_33' title='bbox 172 813 225 880; x_wconf 81' lang='lat'><strong>25.</strong></span> <span class='ocrx_word' id='word_1_34' title='bbox 249 813 445 880; x_wconf 76' lang='lat' dir='ltr'><strong>Maledictus·</strong></span> <span class='ocrx_word' id='word_1_35' title='bbox 461 815 620 880; x_wconf 80' lang='lat' dir='ltr'><strong>Chaaeea.</strong></span> <span class='ocrx_word' id='word_1_36' title='bbox 666 814 842 895; x_wconf 79' lang='lat' dir='ltr'><strong>Quaeritur</strong></span> <span class='ocrx_word' id='word_1_37' title='bbox 864 816 969 898; x_wconf 90' lang='lat' dir='ltr'><strong>primo</strong></span> <span class='ocrx_word' id='word_1_38' title='bbox 991 815 1060 881; x_wconf 89' lang='lat' dir='ltr'><strong>loeo</strong></span> <span class='ocrx_word' id='word_1_39' title='bbox 1113 818 1226 891; x_wconf 82' lang='lat' dir='ltr'><strong>dicem,</strong></span> <span class='ocrx_word' id='word_1_40' title='bbox 1250 830 1288 881; x_wconf 90' lang='lat' dir='ltr'><strong>ut</strong></span> <span class='ocrx_word' id='word_1_41' title='bbox 1308 829 1415 882; x_wconf 89' lang='lat' dir='ltr'><strong>tamen</strong></span> <span class='ocrx_word' id='word_1_42' title='bbox 1438 818 1544 900; x_wconf 88' lang='lat' dir='ltr'><strong>magis</strong></span> <span class='ocrx_word' id='word_1_43' title='bbox 1566 819 1606 882; x_wconf 89' lang='lat' dir='ltr'><strong>ad</strong></span> <span class='ocrx_word' id='word_1_44' title='bbox 1630 813 1880 882; x_wconf 89' lang='lat' dir='ltr'><strong>misericordiam</strong></span> <span class='ocrx_word' id='word_1_45' title='bbox 1904 836 2084 899; x_wconf 89' lang='lat' dir='ltr'><strong>propensus</strong></span> 
     </span>
     <span class='ocr_line' id='line_1_5' title="bbox 96 899 2084 984; baseline 0 -19"><span class='ocrx_word' id='word_1_46' title='bbox 96 921 146 966; x_wconf 88' lang='lat' dir='ltr'><strong>our</strong></span> <span class='ocrx_word' id='word_1_47' title='bbox 163 899 259 964; x_wconf 89' lang='lat' dir='ltr'><strong>Noah</strong></span> <span class='ocrx_word' id='word_1_48' title='bbox 282 921 302 963; x_wconf 89' lang='lat' dir='ltr'><strong>a</strong></span> <span class='ocrx_word' id='word_1_49' title='bbox 322 901 388 964; x_wconf 90' lang='lat' dir='ltr'><strong>filio</strong></span> <span class='ocrx_word' id='word_1_50' title='bbox 407 900 630 966; x_wconf 89' lang='lat' dir='ltr'><strong>maledicendo</strong></span> <span class='ocrx_word' id='word_1_51' title='bbox 653 902 830 977; x_wconf 88' lang='lat' dir='ltr'><strong>abstinens,</strong></span> <span class='ocrx_word' id='word_1_52' title='bbox 853 904 1059 966; x_wconf 86' lang='lat' dir='ltr'><strong>severitatem</strong></span> <span class='ocrx_word' id='word_1_53' title='bbox 1113 904 1165 968; x_wconf 90' lang='lat' dir='ltr'><strong>sit.</strong></span> <span class='ocrx_word' id='word_1_54' title='bbox 1211 902 1344 984; x_wconf 80' lang='lat' dir='ltr'><strong>Maneat</strong></span> <span class='ocrx_word' id='word_1_55' title='bbox 1365 903 1496 968; x_wconf 81' lang='lat' dir='ltr'><strong>interim</strong></span> <span class='ocrx_word' id='word_1_56' title='bbox 1518 903 1575 967; x_wconf 91' lang='lat' dir='ltr'><strong>illa</strong></span> <span class='ocrx_word' id='word_1_57' title='bbox 1597 923 1656 968; x_wconf 90' lang='lat' dir='ltr'><strong>sua</strong></span> <span class='ocrx_word' id='word_1_58' title='bbox 1679 903 1819 978; x_wconf 76' lang='lat' dir='ltr'><strong>libertae,</strong></span> <span class='ocrx_word' id='word_1_59' title='bbox 1843 912 1879 964; x_wconf 91' lang='lat' dir='ltr'><strong>nt</strong></span> <span class='ocrx_word' id='word_1_60' title='bbox 1900 921 1991 965; x_wconf 92' lang='lat' dir='ltr'><strong>snam</strong></span> <span class='ocrx_word' id='word_1_61' title='bbox 2015 903 2084 967; x_wconf 88' lang='lat' dir='ltr'><strong>vin·</strong></span> 
     </span>
     <span class='ocr_line' id='line_1_6' title="bbox 96 986 1868 1070; baseline -0.001 -20"><span class='ocrx_word' id='word_1_62' title='bbox 96 1007 222 1070; x_wconf 89' lang='lat' dir='ltr'><strong>poenae,</strong></span> <span class='ocrx_word' id='word_1_63' title='bbox 244 1005 307 1068; x_wconf 88' lang='lat' dir='ltr'><strong>qua</strong></span> <span class='ocrx_word' id='word_1_64' title='bbox 329 986 384 1049; x_wconf 91' lang='lat' dir='ltr'><strong>ille</strong></span> <span class='ocrx_word' id='word_1_65' title='bbox 407 997 477 1051; x_wconf 90' lang='lat' dir='ltr'><strong>erat</strong></span> <span class='ocrx_word' id='word_1_66' title='bbox 500 987 634 1069; x_wconf 88' lang='lat' dir='ltr'><strong>dignus,</strong></span> <span class='ocrx_word' id='word_1_67' title='bbox 658 987 692 1050; x_wconf 93' lang='lat' dir='ltr'><strong>in</strong></span> <span class='ocrx_word' id='word_1_68' title='bbox 715 1001 865 1070; x_wconf 88' lang='lat' dir='ltr'><strong>nepotem</strong></span> <span class='ocrx_word' id='word_1_69' title='bbox 888 989 1061 1051; x_wconf 88' lang='lat' dir='ltr'><strong>innoxium</strong></span> <span class='ocrx_word' id='word_1_70' title='bbox 1112 988 1232 1054; x_wconf 90' lang='lat' dir='ltr'><strong>dictam</strong></span> <span class='ocrx_word' id='word_1_71' title='bbox 1256 1009 1420 1070; x_wconf 83' lang='lat' dir='ltr'><strong>quousque</strong></span> <span class='ocrx_word' id='word_1_72' title='bbox 1442 989 1551 1053; x_wconf 80' lang='lat' dir='ltr'><strong>visum</strong></span> <span class='ocrx_word' id='word_1_73' title='bbox 1573 987 1680 1062; x_wconf 89' lang='lat' dir='ltr'><strong>fuerit,</strong></span> <span class='ocrx_word' id='word_1_74' title='bbox 1703 987 1868 1052; x_wconf 81' lang='lat' dir='ltr'><strong>extendet.</strong></span> 
     </span>
     <span class='ocr_line' id='line_1_7' title="bbox 96 1071 2084 1155; baseline 0 -18"><span class='ocrx_word' id='word_1_75' title='bbox 96 1073 238 1155; x_wconf 88' lang='lat' dir='ltr'><strong>stringat.</strong></span> <span class='ocrx_word' id='word_1_76' title='bbox 289 1072 401 1153; x_wconf 87' lang='lat' dir='ltr'><strong>Neque</strong></span> <span class='ocrx_word' id='word_1_77' title='bbox 435 1075 522 1135; x_wconf 88' lang='lat' dir='ltr'><strong>enim</strong></span> <span class='ocrx_word' id='word_1_78' title='bbox 547 1073 608 1137; x_wconf 90' lang='lat' dir='ltr'><strong>Dei</strong></span> <span class='ocrx_word' id='word_1_79' title='bbox 638 1073 779 1137; x_wconf 87' lang='lat' dir='ltr'><strong>iustitiae</strong></span> <span class='ocrx_word' id='word_1_80' title='bbox 807 1084 1060 1138; x_wconf 88' lang='lat' dir='ltr'><strong>consentaneum</strong></span> <span class='ocrx_word' id='word_1_81' title='bbox 1199 1073 1316 1138; x_wconf 81' lang='lat' dir='ltr'><strong>Servus</strong></span> <span class='ocrx_word' id='word_1_82' title='bbox 1342 1094 1502 1138; x_wconf 70' lang='lat' dir='ltr'><strong>ceramum</strong></span> <span class='ocrx_word' id='word_1_83' title='bbox 1530 1076 1597 1139; x_wconf 80' lang='lat' dir='ltr'><strong>erit.</strong></span> <span class='ocrx_word' id='word_1_84' title='bbox 1650 1073 1786 1137; x_wconf 87' lang='lat' dir='ltr'><strong>Pbrasis</strong></span> <span class='ocrx_word' id='word_1_85' title='bbox 1820 1071 1898 1136; x_wconf 87' lang='lat' dir='ltr'><strong>haec</strong></span> <span class='ocrx_word' id='word_1_86' title='bbox 1925 1071 2084 1152; x_wconf 89' lang='lat' dir='ltr'><strong>hebraica,</strong></span> 
     </span>
     <span class='ocr_line' id='line_1_8' title="bbox 97 1155 2083 1242; baseline -0.001 -20"><span class='ocrx_word' id='word_1_87' title='bbox 97 1175 146 1233; x_wconf 89' lang='grc' dir='ltr'><strong>εει,</strong></span> <span class='ocrx_word' id='word_1_88' title='bbox 168 1167 340 1239; x_wconf 90' lang='lat' dir='ltr'><strong>parentum</strong></span> <span class='ocrx_word' id='word_1_89' title='bbox 365 1155 482 1222; x_wconf 90' lang='lat' dir='ltr'><strong>delicta</strong></span> <span class='ocrx_word' id='word_1_90' title='bbox 503 1158 636 1222; x_wconf 90' lang='lat' dir='ltr'><strong>reiicere</strong></span> <span class='ocrx_word' id='word_1_91' title='bbox 658 1160 693 1221; x_wconf 93' lang='lat' dir='ltr'><strong>in</strong></span> <span class='ocrx_word' id='word_1_92' title='bbox 715 1158 808 1222; x_wconf 90' lang='lat' dir='ltr'><strong>filios.</strong></span> <span class='ocrx_word' id='word_1_93' title='bbox 845 1157 912 1224; x_wconf 87' lang='lat' dir='ltr'><strong>Sed</strong></span> <span class='ocrx_word' id='word_1_94' title='bbox 928 1180 1059 1240; x_wconf 88' lang='lat' dir='ltr'><strong>respou-</strong></span> <span class='ocrx_word' id='word_1_95' title='bbox 1112 1161 1269 1224; x_wconf 89' lang='lat' dir='ltr'><strong>Chanean</strong></span> <span class='ocrx_word' id='word_1_96' title='bbox 1288 1168 1487 1242; x_wconf 89' lang='lat' dir='ltr'><strong>postremum</strong></span> <span class='ocrx_word' id='word_1_97' title='bbox 1505 1158 1641 1225; x_wconf 82' lang='lat' dir='ltr'><strong>faravel</strong></span> <span class='ocrx_word' id='word_1_98' title='bbox 1660 1161 1884 1233; x_wconf 89' lang='lat' dir='ltr'><strong>interservos,</strong></span> <span class='ocrx_word' id='word_1_99' title='bbox 1903 1157 2083 1241; x_wconf 89' lang='lat' dir='ltr'><strong>signifieat:</strong></span> 
     </span>
     <span class='ocr_line' id='line_1_9' title="bbox 96 1243 2083 1318; baseline -0.001 -9"><span class='ocrx_word' id='word_1_100' title='bbox 96 1247 136 1310; x_wconf 90' lang='lat' dir='ltr'><strong>sio</strong></span> <span class='ocrx_word' id='word_1_101' title='bbox 175 1243 254 1307; x_wconf 89' lang='lat' dir='ltr'><strong>satis</strong></span> <span class='ocrx_word' id='word_1_102' title='bbox 288 1253 365 1306; x_wconf 90' lang='lat' dir='ltr'><strong>nota</strong></span> <span class='ocrx_word' id='word_1_103' title='bbox 393 1255 458 1318; x_wconf 92' lang='grc' dir='ltr'><strong>εει,</strong></span> <span class='ocrx_word' id='word_1_104' title='bbox 492 1243 600 1307; x_wconf 91' lang='lat' dir='ltr'><strong>Deum</strong></span> <span class='ocrx_word' id='word_1_105' title='bbox 629 1244 758 1308; x_wconf 88' lang='lat' dir='ltr'><strong>etiamsi</strong></span> <span class='ocrx_word' id='word_1_106' title='bbox 787 1243 905 1308; x_wconf 91' lang='lat' dir='ltr'><strong>iudicia</strong></span> <span class='ocrx_word' id='word_1_107' title='bbox 933 1265 992 1308; x_wconf 91' lang='lat' dir='ltr'><strong>sua</strong></span> <span class='ocrx_word' id='word_1_108' title='bbox 1025 1245 1058 1306; x_wconf 92' lang='lat' dir='ltr'><strong>in</strong></span> <span class='ocrx_word' id='word_1_109' title='bbox 1111 1244 1199 1311; x_wconf 89' lang='lat' dir='ltr'><strong>acsi</strong></span> <span class='ocrx_word' id='word_1_110' title='bbox 1226 1245 1348 1309; x_wconf 88' lang='lat' dir='ltr'><strong>dietum</strong></span> <span class='ocrx_word' id='word_1_111' title='bbox 1378 1257 1477 1308; x_wconf 92' lang='lat' dir='ltr'><strong>esset:</strong></span> <span class='ocrx_word' id='word_1_112' title='bbox 1503 1244 1576 1308; x_wconf 89' lang='lat' dir='ltr'><strong>Non</strong></span> <span class='ocrx_word' id='word_1_113' title='bbox 1608 1255 1736 1308; x_wconf 88' lang='lat' dir='ltr'><strong>tentum</strong></span> <span class='ocrx_word' id='word_1_114' title='bbox 1769 1243 1896 1307; x_wconf 87' lang='lat' dir='ltr'><strong>servilis</strong></span> <span class='ocrx_word' id='word_1_115' title='bbox 1923 1245 1986 1307; x_wconf 89' lang='lat' dir='ltr'><strong>erit</strong></span> <span class='ocrx_word' id='word_1_116' title='bbox 2014 1244 2083 1308; x_wconf 91' lang='lat' dir='ltr'><strong>eius</strong></span> 
     </span>
     <span class='ocr_line' id='line_1_10' title="bbox 96 1327 2085 1414; baseline 0 -21"><span class='ocrx_word' id='word_1_117' title='bbox 96 1330 173 1394; x_wconf 88' lang='lat' dir='ltr'><strong>lilios</strong></span> <span class='ocrx_word' id='word_1_118' title='bbox 206 1339 240 1392; x_wconf 90' lang='lat' dir='ltr'><strong>et</strong></span> <span class='ocrx_word' id='word_1_119' title='bbox 273 1339 405 1409; x_wconf 81' lang='lat' dir='ltr'><strong>nepotes</strong></span> <span class='ocrx_word' id='word_1_120' title='bbox 436 1330 608 1410; x_wconf 90' lang='lat' dir='ltr'><strong>impiorum</strong></span> <span class='ocrx_word' id='word_1_121' title='bbox 642 1331 860 1411; x_wconf 79' lang='lat' dir='ltr'><strong>prosequitur,</strong></span> <span class='ocrx_word' id='word_1_122' title='bbox 893 1349 1061 1410; x_wconf 91' lang='lat' dir='ltr'><strong>nunquam</strong></span> <span class='ocrx_word' id='word_1_123' title='bbox 1112 1331 1266 1408; x_wconf 91' lang='lat' dir='ltr'><strong>conditio,</strong></span> <span class='ocrx_word' id='word_1_124' title='bbox 1303 1329 1359 1394; x_wconf 87' lang='lat' dir='ltr'><strong>sed</strong></span> <span class='ocrx_word' id='word_1_125' title='bbox 1391 1331 1519 1414; x_wconf 86' lang='lat' dir='ltr'><strong>vulgari</strong></span> <span class='ocrx_word' id='word_1_126' title='bbox 1555 1332 1712 1396; x_wconf 87' lang='lat' dir='ltr'><strong>servitute</strong></span> <span class='ocrx_word' id='word_1_127' title='bbox 1746 1328 1894 1392; x_wconf 87' lang='lat' dir='ltr'><strong>deterior.</strong></span> <span class='ocrx_word' id='word_1_128' title='bbox 1944 1327 2085 1392; x_wconf 90' lang='lat' dir='ltr'><strong>Videtur</strong></span> 
     </span>
     <span class='ocr_line' id='line_1_11' title="bbox 97 1414 2083 1496; baseline -0.001 -17"><span class='ocrx_word' id='word_1_129' title='bbox 97 1427 199 1479; x_wconf 74' lang='lat' dir='ltr'><strong>amon</strong></span> <span class='ocrx_word' id='word_1_130' title='bbox 239 1414 364 1478; x_wconf 89' lang='lat' dir='ltr'><strong>saevire</strong></span> <span class='ocrx_word' id='word_1_131' title='bbox 404 1425 517 1478; x_wconf 89' lang='lat' dir='ltr'><strong>eontra</strong></span> <span class='ocrx_word' id='word_1_132' title='bbox 549 1416 708 1479; x_wconf 89' lang='lat' dir='ltr'><strong>insontes:</strong></span> <span class='ocrx_word' id='word_1_133' title='bbox 749 1415 824 1495; x_wconf 93' lang='lat' dir='ltr'><strong>quia</strong></span> <span class='ocrx_word' id='word_1_134' title='bbox 856 1415 1061 1496; x_wconf 86' lang='lat' dir='ltr'><strong>reperientur</strong></span> <span class='ocrx_word' id='word_1_135' title='bbox 1113 1427 1222 1479; x_wconf 88' lang='lat' dir='ltr'><strong>tamen</strong></span> <span class='ocrx_word' id='word_1_136' title='bbox 1243 1417 1367 1480; x_wconf 91' lang='lat' dir='ltr'><strong>inerme</strong></span> <span class='ocrx_word' id='word_1_137' title='bbox 1389 1437 1426 1480; x_wconf 92' lang='lat' dir='ltr'><strong>ac</strong></span> <span class='ocrx_word' id='word_1_138' title='bbox 1449 1415 1604 1480; x_wconf 88' lang='lat' dir='ltr'><strong>lusorium</strong></span> <span class='ocrx_word' id='word_1_139' title='bbox 1625 1416 1723 1480; x_wconf 89' lang='lat' dir='ltr'><strong>fuisse</strong></span> <span class='ocrx_word' id='word_1_140' title='bbox 1745 1427 1812 1477; x_wconf 89' lang='lat' dir='ltr'><strong>tam</strong></span> <span class='ocrx_word' id='word_1_141' title='bbox 1836 1415 1941 1478; x_wconf 86' lang='lat' dir='ltr'><strong>severi</strong></span> <span class='ocrx_word' id='word_1_142' title='bbox 1960 1427 1991 1476; x_wconf 89' lang='lat' dir='ltr'><strong>et</strong></span> <span class='ocrx_word' id='word_1_143' title='bbox 2009 1414 2083 1478; x_wconf 91' lang='lat' dir='ltr'><strong>hor·</strong></span> 
     </span>
     <span class='ocr_line' id='line_1_12' title="bbox 96 1498 2083 1583; baseline -0.001 -18"><span class='ocrx_word' id='word_1_144' title='bbox 96 1503 185 1565; x_wconf 90' lang='lat' dir='ltr'><strong>etiam</strong></span> <span class='ocrx_word' id='word_1_145' title='bbox 208 1499 256 1563; x_wconf 93' lang='lat' dir='ltr'><strong>illi</strong></span> <span class='ocrx_word' id='word_1_146' title='bbox 278 1500 312 1562; x_wconf 92' lang='lat' dir='ltr'><strong>iu</strong></span> <span class='ocrx_word' id='word_1_147' title='bbox 335 1498 438 1582; x_wconf 90' lang='lat' dir='ltr'><strong>culpa.</strong></span> <span class='ocrx_word' id='word_1_148' title='bbox 483 1499 594 1580; x_wconf 75' lang='lat' dir='ltr'><strong>Quare</strong></span> <span class='ocrx_word' id='word_1_149' title='bbox 616 1500 697 1564; x_wconf 91' lang='lat' dir='ltr'><strong>nibil</strong></span> <span class='ocrx_word' id='word_1_150' title='bbox 724 1498 853 1565; x_wconf 82' lang='lat' dir='ltr'><strong>absurdi</strong></span> <span class='ocrx_word' id='word_1_151' title='bbox 883 1509 934 1563; x_wconf 91' lang='lat' dir='ltr'><strong>est</strong></span> <span class='ocrx_word' id='word_1_152' title='bbox 954 1500 981 1563; x_wconf 89' lang='lat' dir='ltr'><strong>si</strong></span> <span class='ocrx_word' id='word_1_153' title='bbox 1004 1519 1059 1581; x_wconf 91' lang='lat' dir='ltr'><strong>pa·</strong></span> <span class='ocrx_word' id='word_1_154' title='bbox 1112 1500 1214 1566; x_wconf 90' lang='lat' dir='ltr'><strong>ribilis</strong></span> <span class='ocrx_word' id='word_1_155' title='bbox 1246 1501 1391 1566; x_wconf 84' lang='lat' dir='ltr'><strong>vaticinii</strong></span> <span class='ocrx_word' id='word_1_156' title='bbox 1427 1501 1566 1577; x_wconf 91' lang='lat' dir='ltr'><strong>fulmen,</strong></span> <span class='ocrx_word' id='word_1_157' title='bbox 1607 1523 1709 1583; x_wconf 91' lang='lat' dir='ltr'><strong>quum</strong></span> <span class='ocrx_word' id='word_1_158' title='bbox 1742 1499 1930 1565; x_wconf 88' lang='lat' dir='ltr'><strong>Chananaei</strong></span> <span class='ocrx_word' id='word_1_159' title='bbox 1960 1499 2083 1578; x_wconf 91' lang='lat' dir='ltr'><strong>robore,</strong></span> 
     </span>
     <span class='ocr_line' id='line_1_13' title="bbox 96 1583 2084 1669; baseline -0.001 -19"><span class='ocrx_word' id='word_1_160' title='bbox 96 1597 175 1650; x_wconf 92' lang='lat' dir='ltr'><strong>trum</strong></span> <span class='ocrx_word' id='word_1_161' title='bbox 209 1583 332 1650; x_wconf 89' lang='lat' dir='ltr'><strong>seelera</strong></span> <span class='ocrx_word' id='word_1_162' title='bbox 365 1585 530 1650; x_wconf 89' lang='lat' dir='ltr'><strong>ulciscitur</strong></span> <span class='ocrx_word' id='word_1_163' title='bbox 560 1587 594 1649; x_wconf 89' lang='lat' dir='ltr'><strong>in</strong></span> <span class='ocrx_word' id='word_1_164' title='bbox 627 1586 772 1667; x_wconf 88' lang='lat' dir='ltr'><strong>reprobis</strong></span> <span class='ocrx_word' id='word_1_165' title='bbox 804 1585 898 1664; x_wconf 87' lang='lat' dir='ltr'><strong>liliis,</strong></span> <span class='ocrx_word' id='word_1_166' title='bbox 931 1586 1060 1666; x_wconf 87' lang='lat' dir='ltr'><strong>quando</strong></span> <span class='ocrx_word' id='word_1_167' title='bbox 1112 1587 1235 1652; x_wconf 88' lang='lat' dir='ltr'><strong>divitiis</strong></span> <span class='ocrx_word' id='word_1_168' title='bbox 1268 1596 1301 1650; x_wconf 92' lang='lat' dir='ltr'><strong>et</strong></span> <span class='ocrx_word' id='word_1_169' title='bbox 1332 1586 1447 1668; x_wconf 91' lang='lat' dir='ltr'><strong>opibus</strong></span> <span class='ocrx_word' id='word_1_170' title='bbox 1481 1587 1715 1669; x_wconf 82' lang='lat' dir='ltr'><strong>praestiterint,</strong></span> <span class='ocrx_word' id='word_1_171' title='bbox 1757 1585 1918 1667; x_wconf 84' lang='lat' dir='ltr'><strong>longeque</strong></span> <span class='ocrx_word' id='word_1_172' title='bbox 1955 1596 1988 1649; x_wconf 90' lang='grc' dir='ltr'><strong>ει</strong></span> <span class='ocrx_word' id='word_1_173' title='bbox 2020 1585 2084 1650; x_wconf 89' lang='lat' dir='ltr'><strong>late</strong></span> 
     </span>
     <span class='ocr_line' id='line_1_14' title="bbox 95 1668 2082 1752; baseline -0.001 -16"><span class='ocrx_word' id='word_1_174' title='bbox 95 1677 158 1736; x_wconf 90' lang='lat' dir='ltr'><strong>eius</strong></span> <span class='ocrx_word' id='word_1_175' title='bbox 181 1671 250 1734; x_wconf 90' lang='lat' dir='ltr'><strong>irae</strong></span> <span class='ocrx_word' id='word_1_176' title='bbox 272 1668 434 1734; x_wconf 87' lang='lat' dir='ltr'><strong>subiectos</strong></span> <span class='ocrx_word' id='word_1_177' title='bbox 456 1692 526 1735; x_wconf 88' lang='lat' dir='ltr'><strong>esse</strong></span> <span class='ocrx_word' id='word_1_178' title='bbox 549 1691 680 1736; x_wconf 90' lang='lat' dir='ltr'><strong>necesse</strong></span> <span class='ocrx_word' id='word_1_179' title='bbox 700 1685 748 1734; x_wconf 88' lang='lat' dir='ltr'><strong>est</strong></span> <span class='ocrx_word' id='word_1_180' title='bbox 769 1691 975 1752; x_wconf 91' lang='lat' dir='ltr'><strong>quoscunque</strong></span> <span class='ocrx_word' id='word_1_181' title='bbox 994 1670 1060 1751; x_wconf 89' lang='lat' dir='ltr'><strong>spi·</strong></span> <span class='ocrx_word' id='word_1_182' title='bbox 1111 1672 1234 1736; x_wconf 89' lang='lat' dir='ltr'><strong>fuerint</strong></span> <span class='ocrx_word' id='word_1_183' title='bbox 1255 1671 1422 1735; x_wconf 88' lang='lat' dir='ltr'><strong>dominati.</strong></span> <span class='ocrx_word' id='word_1_184' title='bbox 1467 1671 1532 1736; x_wconf 93' lang='lat' dir='ltr'><strong>Ubi</strong></span> <span class='ocrx_word' id='word_1_185' title='bbox 1554 1693 1631 1752; x_wconf 90' lang='lat' dir='ltr'><strong>ergo</strong></span> <span class='ocrx_word' id='word_1_186' title='bbox 1657 1673 1717 1736; x_wconf 90' lang='lat' dir='ltr'><strong>iste</strong></span> <span class='ocrx_word' id='word_1_187' title='bbox 1746 1669 1910 1735; x_wconf 85' lang='lat' dir='ltr'><strong>servitus?</strong></span> <span class='ocrx_word' id='word_1_188' title='bbox 1934 1671 2082 1735; x_wconf 91' lang='lat' dir='ltr'><strong>Primum</strong></span> 
     </span>
     <span class='ocr_line' id='line_1_15' title="bbox 94 1755 2084 1841; baseline -0.002 -19"><span class='ocrx_word' id='word_1_189' title='bbox 94 1760 154 1824; x_wconf 89' lang='lat' dir='ltr'><strong>rita</strong></span> <span class='ocrx_word' id='word_1_190' title='bbox 178 1777 236 1820; x_wconf 92' lang='lat' dir='ltr'><strong>suo</strong></span> <span class='ocrx_word' id='word_1_191' title='bbox 265 1755 419 1819; x_wconf 88' lang='lat' dir='ltr'><strong>destituit.</strong></span> <span class='ocrx_word' id='word_1_192' title='bbox 465 1755 531 1820; x_wconf 91' lang='lat' dir='ltr'><strong>Sed</strong></span> <span class='ocrx_word' id='word_1_193' title='bbox 562 1757 680 1820; x_wconf 86' lang='lat' dir='ltr'><strong>mirum</strong></span> <span class='ocrx_word' id='word_1_194' title='bbox 702 1768 752 1820; x_wconf 90' lang='lat' dir='ltr'><strong>est</strong></span> <span class='ocrx_word' id='word_1_195' title='bbox 777 1755 863 1838; x_wconf 90' lang='lat' dir='ltr'><strong>quod</strong></span> <span class='ocrx_word' id='word_1_196' title='bbox 886 1756 980 1820; x_wconf 91' lang='lat' dir='ltr'><strong>Noah</strong></span> <span class='ocrx_word' id='word_1_197' title='bbox 1003 1776 1059 1819; x_wconf 91' lang='lat' dir='ltr'><strong>ne·</strong></span> <span class='ocrx_word' id='word_1_198' title='bbox 1110 1757 1299 1841; x_wconf 89' lang='lat' dir='ltr'><strong>respondeo,</strong></span> <span class='ocrx_word' id='word_1_199' title='bbox 1321 1758 1427 1822; x_wconf 90' lang='lat' dir='ltr'><strong>Deum</strong></span> <span class='ocrx_word' id='word_1_200' title='bbox 1451 1758 1497 1822; x_wconf 91' lang='lat' dir='ltr'><strong>sie</strong></span> <span class='ocrx_word' id='word_1_201' title='bbox 1519 1757 1637 1821; x_wconf 91' lang='lat' dir='ltr'><strong>minari</strong></span> <span class='ocrx_word' id='word_1_202' title='bbox 1659 1756 1853 1835; x_wconf 91' lang='lat' dir='ltr'><strong>bominibus,</strong></span> <span class='ocrx_word' id='word_1_203' title='bbox 1872 1765 1909 1820; x_wconf 92' lang='lat' dir='ltr'><strong>ut</strong></span> <span class='ocrx_word' id='word_1_204' title='bbox 1931 1777 1995 1820; x_wconf 92' lang='lat' dir='ltr'><strong>non</strong></span> <span class='ocrx_word' id='word_1_205' title='bbox 2019 1765 2084 1820; x_wconf 89' lang='lat' dir='ltr'><strong>ste·</strong></span> 
     </span>
     <span class='ocr_line' id='line_1_16' title="bbox 94 1840 2083 1928; baseline -0.001 -22"><span class='ocrx_word' id='word_1_206' title='bbox 94 1857 198 1928; x_wconf 91' lang='lat' dir='ltr'><strong>potem</strong></span> <span class='ocrx_word' id='word_1_207' title='bbox 228 1840 441 1919; x_wconf 88' lang='lat' dir='ltr'><strong>maledicens,</strong></span> <span class='ocrx_word' id='word_1_208' title='bbox 475 1842 577 1906; x_wconf 88' lang='lat' dir='ltr'><strong>lilium</strong></span> <span class='ocrx_word' id='word_1_209' title='bbox 608 1841 713 1907; x_wconf 86' lang='lat' dir='ltr'><strong>Cham</strong></span> <span class='ocrx_word' id='word_1_210' title='bbox 751 1856 897 1905; x_wconf 89' lang='lat' dir='ltr'><strong>autorem</strong></span> <span class='ocrx_word' id='word_1_211' title='bbox 930 1842 1060 1906; x_wconf 88' lang='lat' dir='ltr'><strong>sceleris</strong></span> <span class='ocrx_word' id='word_1_212' title='bbox 1112 1845 1170 1906; x_wconf 87' lang='lat' dir='ltr'><strong>tim</strong></span> <span class='ocrx_word' id='word_1_213' title='bbox 1204 1853 1400 1924; x_wconf 88' lang='lat' dir='ltr'><strong>exsequatur</strong></span> <span class='ocrx_word' id='word_1_214' title='bbox 1432 1843 1514 1923; x_wconf 92' lang='lat' dir='ltr'><strong>quod</strong></span> <span class='ocrx_word' id='word_1_215' title='bbox 1549 1843 1736 1908; x_wconf 89' lang='lat' dir='ltr'><strong>denunciat:</strong></span> <span class='ocrx_word' id='word_1_216' title='bbox 1767 1861 1934 1924; x_wconf 90' lang='lat' dir='ltr'><strong>nunquam</strong></span> <span class='ocrx_word' id='word_1_217' title='bbox 1975 1852 2083 1906; x_wconf 89' lang='lat' dir='ltr'><strong>tamen</strong></span> 
     </span>
     <span class='ocr_line' id='line_1_17' title="bbox 95 1924 2084 2008; baseline -0.002 -14"><span class='ocrx_word' id='word_1_218' title='bbox 95 1927 220 1994; x_wconf 90' lang='lat' dir='ltr'><strong>silentio</strong></span> <span class='ocrx_word' id='word_1_219' title='bbox 248 1937 439 2008; x_wconf 90' lang='lat' dir='ltr'><strong>praetereat.</strong></span> <span class='ocrx_word' id='word_1_220' title='bbox 494 1927 625 1992; x_wconf 90' lang='lat' dir='ltr'><strong>Iudaeis</strong></span> <span class='ocrx_word' id='word_1_221' title='bbox 661 1927 788 1991; x_wconf 85' lang='lat' dir='ltr'><strong>videtur</strong></span> <span class='ocrx_word' id='word_1_222' title='bbox 822 1926 934 1992; x_wconf 88' lang='lat' dir='ltr'><strong>habita</strong></span> <span class='ocrx_word' id='word_1_223' title='bbox 960 1927 1061 1990; x_wconf 90' lang='lat' dir='ltr'><strong>fuisse</strong></span> <span class='ocrx_word' id='word_1_224' title='bbox 1110 1930 1224 1992; x_wconf 92' lang='lat' dir='ltr'><strong>inanes</strong></span> <span class='ocrx_word' id='word_1_225' title='bbox 1258 1939 1290 1992; x_wconf 92' lang='lat' dir='ltr'><strong>et</strong></span> <span class='ocrx_word' id='word_1_226' title='bbox 1323 1929 1395 1992; x_wconf 92' lang='lat' dir='ltr'><strong>sine</strong></span> <span class='ocrx_word' id='word_1_227' title='bbox 1433 1929 1548 1993; x_wconf 89' lang='lat' dir='ltr'><strong>effectu</strong></span> <span class='ocrx_word' id='word_1_228' title='bbox 1582 1949 1652 1993; x_wconf 90' lang='lat' dir='ltr'><strong>esse</strong></span> <span class='ocrx_word' id='word_1_229' title='bbox 1683 1927 1752 1992; x_wconf 88' lang='lat' dir='ltr'><strong>eius</strong></span> <span class='ocrx_word' id='word_1_230' title='bbox 1784 1928 1899 1992; x_wconf 88' lang='lat' dir='ltr'><strong>minas.</strong></span> <span class='ocrx_word' id='word_1_231' title='bbox 1956 1924 2084 1992; x_wconf 87' lang='lat' dir='ltr'><strong>Deinde</strong></span> 
     </span>
     <span class='ocr_line' id='line_1_18' title="bbox 94 2011 2084 2098; baseline 0 -22"><span class='ocrx_word' id='word_1_232' title='bbox 94 2015 216 2098; x_wconf 89' lang='lat' dir='ltr'><strong>gratiae</strong></span> <span class='ocrx_word' id='word_1_233' title='bbox 237 2011 301 2076; x_wconf 90' lang='lat' dir='ltr'><strong>Dei</strong></span> <span class='ocrx_word' id='word_1_234' title='bbox 324 2015 423 2077; x_wconf 88' lang='lat' dir='ltr'><strong>ratio:</strong></span> <span class='ocrx_word' id='word_1_235' title='bbox 446 2023 479 2076; x_wconf 93' lang='lat' dir='ltr'><strong>et</strong></span> <span class='ocrx_word' id='word_1_236' title='bbox 498 2015 573 2095; x_wconf 95' lang='lat' dir='ltr'><strong>quia</strong></span> <span class='ocrx_word' id='word_1_237' title='bbox 596 2023 686 2076; x_wconf 90' lang='lat' dir='ltr'><strong>tanto</strong></span> <span class='ocrx_word' id='word_1_238' title='bbox 709 2035 781 2077; x_wconf 92' lang='lat' dir='ltr'><strong>eum</strong></span> <span class='ocrx_word' id='word_1_239' title='bbox 802 2013 924 2077; x_wconf 90' lang='lat' dir='ltr'><strong>honore</strong></span> <span class='ocrx_word' id='word_1_240' title='bbox 946 2011 1060 2096; x_wconf 87' lang='lat' dir='ltr'><strong>digna·</strong></span> <span class='ocrx_word' id='word_1_241' title='bbox 1111 2013 1230 2079; x_wconf 89' lang='lat' dir='ltr'><strong>indicia</strong></span> <span class='ocrx_word' id='word_1_242' title='bbox 1254 2015 1316 2077; x_wconf 91' lang='lat' dir='ltr'><strong>Dei</strong></span> <span class='ocrx_word' id='word_1_243' title='bbox 1338 2033 1402 2077; x_wconf 90' lang='lat' dir='ltr'><strong>non</strong></span> <span class='ocrx_word' id='word_1_244' title='bbox 1427 2034 1554 2095; x_wconf 90' lang='lat' dir='ltr'><strong>semper</strong></span> <span class='ocrx_word' id='word_1_245' title='bbox 1576 2013 1723 2096; x_wconf 90' lang='lat' dir='ltr'><strong>exposita</strong></span> <span class='ocrx_word' id='word_1_246' title='bbox 1745 2033 1815 2077; x_wconf 91' lang='lat' dir='ltr'><strong>esse</strong></span> <span class='ocrx_word' id='word_1_247' title='bbox 1837 2012 1937 2078; x_wconf 90' lang='lat' dir='ltr'><strong>oculis</strong></span> <span class='ocrx_word' id='word_1_248' title='bbox 1955 2013 2084 2088; x_wconf 86' lang='lat' dir='ltr'><strong>nostris,</strong></span> 
     </span>
     <span class='ocr_line' id='line_1_19' title="bbox 94 2097 2084 2181; baseline -0.001 -17"><span class='ocrx_word' id='word_1_249' title='bbox 94 2115 143 2164; x_wconf 91' lang='lat' dir='ltr'><strong>tus</strong></span> <span class='ocrx_word' id='word_1_250' title='bbox 169 2101 275 2163; x_wconf 90' lang='lat' dir='ltr'><strong>fueret</strong></span> <span class='ocrx_word' id='word_1_251' title='bbox 303 2099 462 2162; x_wconf 90' lang='lat' dir='ltr'><strong>Dominus</strong></span> <span class='ocrx_word' id='word_1_252' title='bbox 491 2099 644 2162; x_wconf 86' lang='lat' dir='ltr'><strong>reiectam</strong></span> <span class='ocrx_word' id='word_1_253' title='bbox 674 2099 773 2163; x_wconf 88' lang='lat' dir='ltr'><strong>fnisse</strong></span> <span class='ocrx_word' id='word_1_254' title='bbox 802 2097 1058 2163; x_wconf 89' lang='lat' dir='ltr'><strong>maledictionem</strong></span> <span class='ocrx_word' id='word_1_255' title='bbox 1112 2121 1172 2164; x_wconf 88' lang='lat' dir='ltr'><strong>nec</strong></span> <span class='ocrx_word' id='word_1_256' title='bbox 1199 2100 1306 2164; x_wconf 90' lang='lat' dir='ltr'><strong>carnis</strong></span> <span class='ocrx_word' id='word_1_257' title='bbox 1335 2120 1432 2164; x_wconf 90' lang='lat' dir='ltr'><strong>sensu</strong></span> <span class='ocrx_word' id='word_1_258' title='bbox 1467 2099 1675 2181; x_wconf 77' lang='lat' dir='ltr'><strong>apprehendi.</strong></span> <span class='ocrx_word' id='word_1_259' title='bbox 1727 2097 1917 2162; x_wconf 88' lang='lat' dir='ltr'><strong>Chananaei</strong></span> <span class='ocrx_word' id='word_1_260' title='bbox 1950 2118 2084 2163; x_wconf 87' lang='lat' dir='ltr'><strong>excusso</strong></span> 
     </span>
     <span class='ocr_line' id='line_1_20' title="bbox 94 2181 2083 2268; baseline -0.001 -20"><span class='ocrx_word' id='word_1_261' title='bbox 94 2187 124 2250; x_wconf 94' lang='lat' dir='ltr'><strong>in</strong></span> <span class='ocrx_word' id='word_1_262' title='bbox 151 2185 267 2250; x_wconf 90' lang='lat' dir='ltr'><strong>filium.</strong></span> <span class='ocrx_word' id='word_1_263' title='bbox 320 2183 383 2248; x_wconf 88' lang='lat' dir='ltr'><strong>Sed</strong></span> <span class='ocrx_word' id='word_1_264' title='bbox 410 2182 513 2248; x_wconf 90' lang='lat' dir='ltr'><strong>futilis</strong></span> <span class='ocrx_word' id='word_1_265' title='bbox 543 2195 593 2247; x_wconf 92' lang='lat' dir='ltr'><strong>est</strong></span> <span class='ocrx_word' id='word_1_266' title='bbox 614 2181 701 2248; x_wconf 84' lang='lat' dir='ltr'><strong>baec</strong></span> <span class='ocrx_word' id='word_1_267' title='bbox 728 2184 922 2249; x_wconf 88' lang='lat' dir='ltr'><strong>coniectura.</strong></span> <span class='ocrx_word' id='word_1_268' title='bbox 975 2183 1060 2246; x_wconf 90' lang='lat' dir='ltr'><strong>Mihi</strong></span> <span class='ocrx_word' id='word_1_269' title='bbox 1112 2185 1280 2249; x_wconf 88' lang='lat' dir='ltr'><strong>servitutis</strong></span> <span class='ocrx_word' id='word_1_270' title='bbox 1303 2185 1395 2268; x_wconf 88' lang='lat' dir='ltr'><strong>iugo,</strong></span> <span class='ocrx_word' id='word_1_271' title='bbox 1419 2185 1504 2266; x_wconf 92' lang='lat' dir='ltr'><strong>quod</strong></span> <span class='ocrx_word' id='word_1_272' title='bbox 1526 2184 1592 2249; x_wconf 90' lang='lat' dir='ltr'><strong>illis</strong></span> <span class='ocrx_word' id='word_1_273' title='bbox 1614 2185 1769 2249; x_wconf 85' lang='lat' dir='ltr'><strong>divinitus</strong></span> <span class='ocrx_word' id='word_1_274' title='bbox 1792 2192 1861 2247; x_wconf 90' lang='lat' dir='ltr'><strong>crat</strong></span> <span class='ocrx_word' id='word_1_275' title='bbox 1885 2184 2083 2266; x_wconf 87' lang='lat' dir='ltr'><strong>impositum,</strong></span> 
     </span>
     <span class='ocr_line' id='line_1_21' title="bbox 94 2269 2084 2353; baseline -0.003 -17"><span class='ocrx_word' id='word_1_276' title='bbox 94 2283 177 2336; x_wconf 86' lang='lat' dir='ltr'><strong>uerte</strong></span> <span class='ocrx_word' id='word_1_277' title='bbox 201 2270 333 2334; x_wconf 91' lang='lat' dir='ltr'><strong>dubium</strong></span> <span class='ocrx_word' id='word_1_278' title='bbox 357 2281 511 2344; x_wconf 91' lang='lat' dir='ltr'><strong>nonest,</strong></span> <span class='ocrx_word' id='word_1_279' title='bbox 539 2270 729 2352; x_wconf 87' lang='lat' dir='ltr'><strong>quomagis</strong></span> <span class='ocrx_word' id='word_1_280' title='bbox 757 2280 912 2353; x_wconf 89' lang='lat' dir='ltr'><strong>appareat</strong></span> <span class='ocrx_word' id='word_1_281' title='bbox 938 2288 1060 2349; x_wconf 88' lang='lat' dir='ltr'><strong>poenae</strong></span> <span class='ocrx_word' id='word_1_282' title='bbox 1115 2272 1210 2334; x_wconf 90' lang='lat' dir='ltr'><strong>etiam</strong></span> <span class='ocrx_word' id='word_1_283' title='bbox 1233 2270 1406 2352; x_wconf 90' lang='lat' dir='ltr'><strong>imperium</strong></span> <span class='ocrx_word' id='word_1_284' title='bbox 1427 2269 1468 2334; x_wconf 92' lang='lat' dir='ltr'><strong>ad</strong></span> <span class='ocrx_word' id='word_1_285' title='bbox 1490 2291 1525 2335; x_wconf 88' lang='lat' dir='ltr'><strong>se</strong></span> <span class='ocrx_word' id='word_1_286' title='bbox 1548 2281 1734 2353; x_wconf 91' lang='lat' dir='ltr'><strong>rapuerunt.</strong></span> <span class='ocrx_word' id='word_1_287' title='bbox 1780 2269 1950 2334; x_wconf 82' lang='lat' dir='ltr'><strong>Caeterum</strong></span> <span class='ocrx_word' id='word_1_288' title='bbox 1971 2290 2084 2352; x_wconf 91' lang='lat' dir='ltr'><strong>quam·</strong></span> 
     </span>
     <span class='ocr_line' id='line_1_22' title="bbox 95 2354 2084 2438; baseline 0.001 -20"><span class='ocrx_word' id='word_1_289' title='bbox 95 2357 244 2438; x_wconf 81' lang='lat' dir='ltr'><strong>gravitas.</strong></span> <span class='ocrx_word' id='word_1_290' title='bbox 268 2354 437 2419; x_wconf 88' lang='lat' dir='ltr'><strong>transferri</strong></span> <span class='ocrx_word' id='word_1_291' title='bbox 460 2375 560 2436; x_wconf 88' lang='lat' dir='ltr'><strong>usque</strong></span> <span class='ocrx_word' id='word_1_292' title='bbox 582 2355 623 2418; x_wconf 93' lang='lat' dir='ltr'><strong>ad</strong></span> <span class='ocrx_word' id='word_1_293' title='bbox 652 2364 813 2436; x_wconf 91' lang='lat' dir='ltr'><strong>posteros:</strong></span> <span class='ocrx_word' id='word_1_294' title='bbox 837 2375 874 2418; x_wconf 90' lang='lat' dir='ltr'><strong>ac</strong></span> <span class='ocrx_word' id='word_1_295' title='bbox 896 2356 924 2419; x_wconf 92' lang='lat' dir='ltr'><strong>si</strong></span> <span class='ocrx_word' id='word_1_296' title='bbox 948 2354 1060 2418; x_wconf 91' lang='lat' dir='ltr'><strong>Domi·</strong></span> <span class='ocrx_word' id='word_1_297' title='bbox 1115 2355 1164 2420; x_wconf 87' lang='lat' dir='ltr'><strong>vis</strong></span> <span class='ocrx_word' id='word_1_298' title='bbox 1193 2355 1232 2420; x_wconf 94' lang='lat' dir='ltr'><strong>ad</strong></span> <span class='ocrx_word' id='word_1_299' title='bbox 1268 2366 1397 2437; x_wconf 88' lang='lat' dir='ltr'><strong>tempus</strong></span> <span class='ocrx_word' id='word_1_300' title='bbox 1430 2356 1604 2432; x_wconf 89' lang='lat' dir='ltr'><strong>insultent,</strong></span> <span class='ocrx_word' id='word_1_301' title='bbox 1642 2377 1708 2420; x_wconf 92' lang='lat' dir='ltr'><strong>non</strong></span> <span class='ocrx_word' id='word_1_302' title='bbox 1742 2367 1850 2419; x_wconf 89' lang='lat' dir='ltr'><strong>tamen</strong></span> <span class='ocrx_word' id='word_1_303' title='bbox 1883 2375 1990 2419; x_wconf 88' lang='lat' dir='ltr'><strong>coram</strong></span> <span class='ocrx_word' id='word_1_304' title='bbox 2014 2355 2084 2420; x_wconf 87' lang='lat' dir='ltr'><strong>Deo</strong></span> 
     </span>
     <span class='ocr_line' id='line_1_23' title="bbox 93 2439 2085 2523; baseline -0.001 -18"><span class='ocrx_word' id='word_1_305' title='bbox 93 2464 152 2506; x_wconf 90' lang='lat' dir='ltr'><strong>nus</strong></span> <span class='ocrx_word' id='word_1_306' title='bbox 170 2441 277 2522; x_wconf 86' lang='lat' dir='ltr'><strong>palam</strong></span> <span class='ocrx_word' id='word_1_307' title='bbox 297 2450 450 2504; x_wconf 89' lang='lat' dir='ltr'><strong>testatum</strong></span> <span class='ocrx_word' id='word_1_308' title='bbox 475 2442 604 2505; x_wconf 80' lang='lat' dir='ltr'><strong>fecisset</strong></span> <span class='ocrx_word' id='word_1_309' title='bbox 629 2440 775 2504; x_wconf 92' lang='lat' dir='ltr'><strong>nonsibi</strong></span> <span class='ocrx_word' id='word_1_310' title='bbox 797 2441 947 2504; x_wconf 88' lang='lat' dir='ltr'><strong>sufficere</strong></span> <span class='ocrx_word' id='word_1_311' title='bbox 964 2439 1061 2502; x_wconf 78' lang='lat' dir='ltr'><strong>rudus</strong></span> <span class='ocrx_word' id='word_1_312' title='bbox 1114 2451 1266 2506; x_wconf 90' lang='lat' dir='ltr'><strong>censetur</strong></span> <span class='ocrx_word' id='word_1_313' title='bbox 1284 2440 1385 2504; x_wconf 87' lang='lat' dir='ltr'><strong>libere</strong></span> <span class='ocrx_word' id='word_1_314' title='bbox 1402 2461 1516 2506; x_wconf 91' lang='lat' dir='ltr'><strong>eorum</strong></span> <span class='ocrx_word' id='word_1_315' title='bbox 1534 2441 1686 2506; x_wconf 90' lang='lat' dir='ltr'><strong>conditio.</strong></span> <span class='ocrx_word' id='word_1_316' title='bbox 1724 2439 1828 2506; x_wconf 87' lang='lat' dir='ltr'><strong>Sicuti</strong></span> <span class='ocrx_word' id='word_1_317' title='bbox 1846 2461 1946 2523; x_wconf 91' lang='lat' dir='ltr'><strong>quum</strong></span> <span class='ocrx_word' id='word_1_318' title='bbox 1965 2441 2085 2505; x_wconf 91' lang='lat' dir='ltr'><strong>iniuste</strong></span> 
     </span>
     <span class='ocr_line' id='line_1_24' title="bbox 93 2524 2086 2609; baseline -0.001 -19"><span class='ocrx_word' id='word_1_319' title='bbox 93 2527 231 2592; x_wconf 89' lang='lat' dir='ltr'><strong>hominis</strong></span> <span class='ocrx_word' id='word_1_320' title='bbox 247 2545 400 2608; x_wconf 89' lang='lat' dir='ltr'><strong>poenam:</strong></span> <span class='ocrx_word' id='word_1_321' title='bbox 424 2526 479 2588; x_wconf 92' lang='lat' dir='ltr'><strong>sed</strong></span> <span class='ocrx_word' id='word_1_322' title='bbox 498 2524 756 2591; x_wconf 87' lang='lat' dir='ltr'><strong>maledictionem</strong></span> <span class='ocrx_word' id='word_1_323' title='bbox 778 2547 869 2590; x_wconf 88' lang='lat' dir='ltr'><strong>suam</strong></span> <span class='ocrx_word' id='word_1_324' title='bbox 893 2527 961 2590; x_wconf 90' lang='lat' dir='ltr'><strong>eius</strong></span> <span class='ocrx_word' id='word_1_325' title='bbox 984 2545 1060 2605; x_wconf 91' lang='lat' dir='ltr'><strong>quo·</strong></span> <span class='ocrx_word' id='word_1_326' title='bbox 1114 2539 1310 2609; x_wconf 90' lang='lat' dir='ltr'><strong>premuntur</strong></span> <span class='ocrx_word' id='word_1_327' title='bbox 1332 2524 1454 2602; x_wconf 87' lang='lat' dir='ltr'><strong>fideles,</strong></span> <span class='ocrx_word' id='word_1_328' title='bbox 1478 2547 1514 2591; x_wconf 90' lang='lat' dir='ltr'><strong>ac</strong></span> <span class='ocrx_word' id='word_1_329' title='bbox 1533 2528 1702 2609; x_wconf 83' lang='lat' dir='ltr'><strong>tyrannico</strong></span> <span class='ocrx_word' id='word_1_330' title='bbox 1726 2535 1887 2590; x_wconf 83' lang='lat' dir='ltr'><strong>vexantur</strong></span> <span class='ocrx_word' id='word_1_331' title='bbox 1909 2525 1949 2590; x_wconf 87' lang='lat' dir='ltr'><strong>ab</strong></span> <span class='ocrx_word' id='word_1_332' title='bbox 1967 2528 2086 2607; x_wconf 89' lang='lat' dir='ltr'><strong>impro-</strong></span> 
     </span>
     <span class='ocr_line' id='line_1_25' title="bbox 94 2611 2084 2695; baseline -0.001 -19"><span class='ocrx_word' id='word_1_333' title='bbox 94 2634 152 2695; x_wconf 92' lang='lat' dir='ltr'><strong>qne</strong></span> <span class='ocrx_word' id='word_1_334' title='bbox 183 2613 320 2693; x_wconf 92' lang='lat' dir='ltr'><strong>posteris</strong></span> <span class='ocrx_word' id='word_1_335' title='bbox 350 2612 481 2675; x_wconf 90' lang='lat' dir='ltr'><strong>affixam</strong></span> <span class='ocrx_word' id='word_1_336' title='bbox 503 2613 588 2686; x_wconf 84' lang='lat' dir='ltr'><strong>lore,</strong></span> <span class='ocrx_word' id='word_1_337' title='bbox 611 2623 648 2674; x_wconf 93' lang='lat' dir='ltr'><strong>ut</strong></span> <span class='ocrx_word' id='word_1_338' title='bbox 671 2632 727 2693; x_wconf 90' lang='lat' dir='ltr'><strong>per</strong></span> <span class='ocrx_word' id='word_1_339' title='bbox 748 2612 919 2676; x_wconf 90' lang='lat' dir='ltr'><strong>continuas</strong></span> <span class='ocrx_word' id='word_1_340' title='bbox 940 2622 1060 2674; x_wconf 85' lang='lat' dir='ltr'><strong>aetates</strong></span> <span class='ocrx_word' id='word_1_341' title='bbox 1114 2613 1179 2688; x_wconf 89' lang='lat' dir='ltr'><strong>bis,</strong></span> <span class='ocrx_word' id='word_1_342' title='bbox 1204 2633 1269 2676; x_wconf 93' lang='lat' dir='ltr'><strong>non</strong></span> <span class='ocrx_word' id='word_1_343' title='bbox 1292 2623 1400 2676; x_wconf 90' lang='lat' dir='ltr'><strong>tamen</strong></span> <span class='ocrx_word' id='word_1_344' title='bbox 1423 2632 1530 2676; x_wconf 89' lang='lat' dir='ltr'><strong>eoram</strong></span> <span class='ocrx_word' id='word_1_345' title='bbox 1554 2612 1625 2676; x_wconf 90' lang='lat' dir='ltr'><strong>Deo</strong></span> <span class='ocrx_word' id='word_1_346' title='bbox 1647 2612 1807 2676; x_wconf 90' lang='lat' dir='ltr'><strong>exstincta</strong></span> <span class='ocrx_word' id='word_1_347' title='bbox 1829 2623 1878 2676; x_wconf 90' lang='lat' dir='ltr'><strong>est</strong></span> <span class='ocrx_word' id='word_1_348' title='bbox 1907 2611 2084 2694; x_wconf 88' lang='lat' dir='ltr'><strong>spiritualis</strong></span> 
     </span>
     <span class='ocr_line' id='line_1_26' title="bbox 92 2695 2085 2780; baseline -0.001 -18"><span class='ocrx_word' id='word_1_349' title='bbox 92 2709 209 2780; x_wconf 89' lang='lat' dir='ltr'><strong>serpat.</strong></span> <span class='ocrx_word' id='word_1_350' title='bbox 261 2697 398 2760; x_wconf 79' lang='lat' dir='ltr'><strong>interim</strong></span> <span class='ocrx_word' id='word_1_351' title='bbox 429 2717 493 2760; x_wconf 89' lang='lat' dir='ltr'><strong>non</strong></span> <span class='ocrx_word' id='word_1_352' title='bbox 528 2697 682 2760; x_wconf 87' lang='lat' dir='ltr'><strong>eximitur</strong></span> <span class='ocrx_word' id='word_1_353' title='bbox 709 2698 778 2780; x_wconf 86' lang='lat' dir='ltr'><strong>ipse</strong></span> <span class='ocrx_word' id='word_1_354' title='bbox 805 2695 927 2773; x_wconf 86' lang='lat' dir='ltr'><strong>Cbam,</strong></span> <span class='ocrx_word' id='word_1_355' title='bbox 960 2716 1059 2778; x_wconf 89' lang='lat' dir='ltr'><strong>quum</strong></span> <span class='ocrx_word' id='word_1_356' title='bbox 1113 2716 1224 2762; x_wconf 90' lang='lat' dir='ltr'><strong>eorum</strong></span> <span class='ocrx_word' id='word_1_357' title='bbox 1248 2697 1389 2762; x_wconf 91' lang='lat' dir='ltr'><strong>libertas.</strong></span> <span class='ocrx_word' id='word_1_358' title='bbox 1425 2697 1498 2762; x_wconf 91' lang='lat' dir='ltr'><strong>Hae</strong></span> <span class='ocrx_word' id='word_1_359' title='bbox 1516 2708 1624 2761; x_wconf 91' lang='lat' dir='ltr'><strong>eutem</strong></span> <span class='ocrx_word' id='word_1_360' title='bbox 1647 2696 1750 2761; x_wconf 85' lang='lat' dir='ltr'><strong>divini</strong></span> <span class='ocrx_word' id='word_1_361' title='bbox 1769 2697 1880 2760; x_wconf 92' lang='lat' dir='ltr'><strong>iudicii</strong></span> <span class='ocrx_word' id='word_1_362' title='bbox 1898 2696 2085 2778; x_wconf 87' lang='lat' dir='ltr'><strong>probatione</strong></span> 
     </span>
     <span class='ocr_line' id='line_1_27' title="bbox 93 2782 2085 2865; baseline 0 -20"><span class='ocrx_word' id='word_1_363' title='bbox 93 2782 184 2847; x_wconf 89' lang='lat' dir='ltr'><strong>Dens</strong></span> <span class='ocrx_word' id='word_1_364' title='bbox 205 2782 308 2846; x_wconf 91' lang='lat' dir='ltr'><strong>filium</strong></span> <span class='ocrx_word' id='word_1_365' title='bbox 339 2783 408 2846; x_wconf 90' lang='lat' dir='ltr'><strong>aius</strong></span> <span class='ocrx_word' id='word_1_366' title='bbox 437 2782 533 2848; x_wconf 92' lang='lat' dir='ltr'><strong>simul</strong></span> <span class='ocrx_word' id='word_1_367' title='bbox 563 2782 751 2860; x_wconf 87' lang='lat' dir='ltr'><strong>involvens,</strong></span> <span class='ocrx_word' id='word_1_368' title='bbox 779 2782 934 2845; x_wconf 87' lang='lat' dir='ltr'><strong>indicium</strong></span> <span class='ocrx_word' id='word_1_369' title='bbox 964 2801 1059 2846; x_wconf 91' lang='lat' dir='ltr'><strong>suum</strong></span> <span class='ocrx_word' id='word_1_370' title='bbox 1113 2794 1283 2848; x_wconf 89' lang='lat' dir='ltr'><strong>contentos</strong></span> <span class='ocrx_word' id='word_1_371' title='bbox 1315 2805 1385 2848; x_wconf 89' lang='lat' dir='ltr'><strong>esse</strong></span> <span class='ocrx_word' id='word_1_372' title='bbox 1413 2804 1471 2847; x_wconf 93' lang='lat' dir='ltr'><strong>nos</strong></span> <span class='ocrx_word' id='word_1_373' title='bbox 1504 2793 1643 2865; x_wconf 90' lang='lat' dir='ltr'><strong>oportet,</strong></span> <span class='ocrx_word' id='word_1_374' title='bbox 1677 2784 1760 2864; x_wconf 93' lang='lat' dir='ltr'><strong>quod</strong></span> <span class='ocrx_word' id='word_1_375' title='bbox 1787 2784 1878 2846; x_wconf 87' lang='lat' dir='ltr'><strong>Deus</strong></span> <span class='ocrx_word' id='word_1_376' title='bbox 1906 2803 1999 2847; x_wconf 88' lang='lat' dir='ltr'><strong>servo</strong></span> <span class='ocrx_word' id='word_1_377' title='bbox 2027 2802 2085 2846; x_wconf 89' lang='lat' dir='ltr'><strong>suo</strong></span> 
     </span>
     <span class='ocr_line' id='line_1_28' title="bbox 93 2867 2085 2951; baseline -0.002 -18"><span class='ocrx_word' id='word_1_378' title='bbox 93 2879 278 2951; x_wconf 84' lang='lat' dir='ltr'><strong>exaggeret.</strong></span> <span class='ocrx_word' id='word_1_379' title='bbox 332 2867 405 2931; x_wconf 84' lang='lat' dir='ltr'><strong>Alia</strong></span> <span class='ocrx_word' id='word_1_380' title='bbox 434 2867 532 2932; x_wconf 91' lang='lat' dir='ltr'><strong>etiam</strong></span> <span class='ocrx_word' id='word_1_381' title='bbox 560 2869 704 2949; x_wconf 88' lang='lat' dir='ltr'><strong>quaestio</strong></span> <span class='ocrx_word' id='word_1_382' title='bbox 732 2868 898 2944; x_wconf 89' lang='lat' dir='ltr'><strong>obiicitur,</strong></span> <span class='ocrx_word' id='word_1_383' title='bbox 932 2887 992 2931; x_wconf 88' lang='lat' dir='ltr'><strong>cnr</strong></span> <span class='ocrx_word' id='word_1_384' title='bbox 1018 2887 1059 2929; x_wconf 89' lang='lat' dir='ltr'><strong>ex</strong></span> <span class='ocrx_word' id='word_1_385' title='bbox 1113 2868 1266 2932; x_wconf 89' lang='lat' dir='ltr'><strong>Abrahae</strong></span> <span class='ocrx_word' id='word_1_386' title='bbox 1300 2869 1476 2932; x_wconf 89' lang='lat' dir='ltr'><strong>dominium</strong></span> <span class='ocrx_word' id='word_1_387' title='bbox 1514 2879 1621 2932; x_wconf 90' lang='lat' dir='ltr'><strong>terrae</strong></span> <span class='ocrx_word' id='word_1_388' title='bbox 1654 2867 1811 2932; x_wconf 88' lang='lat' dir='ltr'><strong>Chanaan</strong></span> <span class='ocrx_word' id='word_1_389' title='bbox 1854 2868 2017 2950; x_wconf 89' lang='lat' dir='ltr'><strong>promisit,</strong></span> <span class='ocrx_word' id='word_1_390' title='bbox 2051 2877 2085 2930; x_wconf 90' lang='lat' dir='ltr'><strong>et</strong></span> 
     </span>
     <span class='ocr_line' id='line_1_29' title="bbox 92 2951 2085 3036; baseline -0.001 -19"><span class='ocrx_word' id='word_1_391' title='bbox 92 2954 236 3036; x_wconf 88' lang='lat' dir='ltr'><strong>pluribus</strong></span> <span class='ocrx_word' id='word_1_392' title='bbox 258 2953 333 3017; x_wconf 88' lang='lat' dir='ltr'><strong>liliis</strong></span> <span class='ocrx_word' id='word_1_393' title='bbox 355 2951 460 3018; x_wconf 89' lang='lat' dir='ltr'><strong>Cham</strong></span> <span class='ocrx_word' id='word_1_394' title='bbox 484 2955 573 3018; x_wconf 91' lang='lat' dir='ltr'><strong>Deus</strong></span> <span class='ocrx_word' id='word_1_395' title='bbox 594 2975 696 3017; x_wconf 90' lang='lat' dir='ltr'><strong>uuum</strong></span> <span class='ocrx_word' id='word_1_396' title='bbox 724 2953 906 3017; x_wconf 89' lang='lat' dir='ltr'><strong>feriendum</strong></span> <span class='ocrx_word' id='word_1_397' title='bbox 927 2952 1058 3034; x_wconf 86' lang='lat' dir='ltr'><strong>deliget.</strong></span> <span class='ocrx_word' id='word_1_398' title='bbox 1112 2953 1243 3018; x_wconf 89' lang='lat' dir='ltr'><strong>tandem</strong></span> <span class='ocrx_word' id='word_1_399' title='bbox 1263 2951 1476 3018; x_wconf 89' lang='lat' dir='ltr'><strong>Chananaeos</strong></span> <span class='ocrx_word' id='word_1_400' title='bbox 1498 2955 1623 3018; x_wconf 88' lang='lat' dir='ltr'><strong>excidio</strong></span> <span class='ocrx_word' id='word_1_401' title='bbox 1641 2953 1781 3018; x_wconf 83' lang='lat' dir='ltr'><strong>devovit.</strong></span> <span class='ocrx_word' id='word_1_402' title='bbox 1817 2951 1990 3018; x_wconf 78' lang='lat' dir='ltr'><strong>Caeterum</strong></span> <span class='ocrx_word' id='word_1_403' title='bbox 2010 2953 2085 3033; x_wconf 93' lang='lat' dir='ltr'><strong>quia</strong></span> 
     </span>
     <span class='ocr_line' id='line_1_30' title="bbox 93 3036 2084 3122; baseline -0.002 -18"><span class='ocrx_word' id='word_1_404' title='bbox 93 3039 155 3104; x_wconf 87' lang='lat' dir='ltr'><strong>Sed</strong></span> <span class='ocrx_word' id='word_1_405' title='bbox 176 3061 219 3103; x_wconf 91' lang='lat' dir='ltr'><strong>ne</strong></span> <span class='ocrx_word' id='word_1_406' title='bbox 239 3038 293 3104; x_wconf 91' lang='lat' dir='ltr'><strong>hie</strong></span> <span class='ocrx_word' id='word_1_407' title='bbox 315 3036 377 3102; x_wconf 90' lang='lat' dir='ltr'><strong>sibi</strong></span> <span class='ocrx_word' id='word_1_408' title='bbox 399 3038 538 3102; x_wconf 89' lang='lat' dir='ltr'><strong>nimium</strong></span> <span class='ocrx_word' id='word_1_409' title='bbox 562 3039 727 3121; x_wconf 92' lang='lat' dir='ltr'><strong>permittat</strong></span> <span class='ocrx_word' id='word_1_410' title='bbox 749 3049 860 3103; x_wconf 91' lang='lat' dir='ltr'><strong>nostra</strong></span> <span class='ocrx_word' id='word_1_411' title='bbox 882 3038 1059 3116; x_wconf 90' lang='lat' dir='ltr'><strong>curiositas,</strong></span> <span class='ocrx_word' id='word_1_412' title='bbox 1112 3060 1196 3122; x_wconf 90' lang='lat' dir='ltr'><strong>papa</strong></span> <span class='ocrx_word' id='word_1_413' title='bbox 1222 3050 1391 3120; x_wconf 89' lang='lat' dir='ltr'><strong>tantopere</strong></span> <span class='ocrx_word' id='word_1_414' title='bbox 1420 3039 1586 3103; x_wconf 80' lang='lat' dir='ltr'><strong>contendit</strong></span> <span class='ocrx_word' id='word_1_415' title='bbox 1620 3061 1654 3102; x_wconf 89' lang='lat' dir='ltr'><strong>se</strong></span> <span class='ocrx_word' id='word_1_416' title='bbox 1686 3039 1849 3103; x_wconf 88' lang='lat' dir='ltr'><strong>interdum</strong></span> <span class='ocrx_word' id='word_1_417' title='bbox 1883 3039 2084 3122; x_wconf 83' lang='lat' dir='ltr'><strong>prophetare,</strong></span> 
     </span>
     <span class='ocr_line' id='line_1_31' title="bbox 91 3122 2083 3210; baseline -0.001 -22"><span class='ocrx_word' id='word_1_418' title='bbox 91 3125 336 3189; x_wconf 90' lang='lat' dir='ltr'><strong>meminerimus</strong></span> <span class='ocrx_word' id='word_1_419' title='bbox 363 3145 427 3188; x_wconf 93' lang='lat' dir='ltr'><strong>non</strong></span> <span class='ocrx_word' id='word_1_420' title='bbox 456 3127 579 3188; x_wconf 76' lang='lat' dir='ltr'><strong>bostra</strong></span> <span class='ocrx_word' id='word_1_421' title='bbox 608 3123 671 3188; x_wconf 90' lang='lat' dir='ltr'><strong>Dei</strong></span> <span class='ocrx_word' id='word_1_422' title='bbox 700 3123 818 3189; x_wconf 92' lang='lat' dir='ltr'><strong>iudicia</strong></span> <span class='ocrx_word' id='word_1_423' title='bbox 847 3125 956 3189; x_wconf 88' lang='lat' dir='ltr'><strong>vocari</strong></span> <span class='ocrx_word' id='word_1_424' title='bbox 985 3143 1059 3204; x_wconf 87' lang='lat' dir='ltr'><strong>pro·</strong></span> <span class='ocrx_word' id='word_1_425' title='bbox 1112 3125 1197 3189; x_wconf 90' lang='lat' dir='ltr'><strong>sicut</strong></span> <span class='ocrx_word' id='word_1_426' title='bbox 1224 3126 1300 3189; x_wconf 91' lang='lat' dir='ltr'><strong>fecit</strong></span> <span class='ocrx_word' id='word_1_427' title='bbox 1328 3124 1490 3206; x_wconf 89' lang='lat' dir='ltr'><strong>Caiaphas</strong></span> <span class='ocrx_word' id='word_1_428' title='bbox 1519 3123 1621 3210; x_wconf 89' lang='lat' dir='ltr'><strong>(Ioan.</strong></span> <span class='ocrx_word' id='word_1_429' title='bbox 1654 3124 1711 3200; x_wconf 88' lang='lat'><strong>11,</strong></span> <span class='ocrx_word' id='word_1_430' title='bbox 1734 3122 1805 3210; x_wconf 85' lang='lat'>51):</span> <span class='ocrx_word' id='word_1_431' title='bbox 1835 3146 1876 3188; x_wconf 93' lang='lat' dir='ltr'><strong>ne</strong></span> <span class='ocrx_word' id='word_1_432' title='bbox 1904 3124 2014 3188; x_wconf 88' lang='lat' dir='ltr'><strong>omnia</strong></span> <span class='ocrx_word' id='word_1_433' title='bbox 2035 3124 2083 3186; x_wconf 94' lang='lat' dir='ltr'><strong>illi</strong></span> 
     </span>
     <span class='ocr_line' id='line_1_32' title="bbox 90 3208 2082 3294; baseline -0.001 -20"><span class='ocrx_word' id='word_1_434' title='bbox 90 3212 225 3276; x_wconf 89' lang='lat' dir='ltr'><strong>fundam</strong></span> <span class='ocrx_word' id='word_1_435' title='bbox 255 3211 426 3293; x_wconf 80' lang='lat' dir='ltr'><strong>abyssum:</strong></span> <span class='ocrx_word' id='word_1_436' title='bbox 456 3220 489 3274; x_wconf 93' lang='lat' dir='ltr'><strong>et</strong></span> <span class='ocrx_word' id='word_1_437' title='bbox 517 3209 687 3292; x_wconf 83' lang='lat' dir='ltr'><strong>indignum</strong></span> <span class='ocrx_word' id='word_1_438' title='bbox 717 3230 787 3274; x_wconf 90' lang='lat' dir='ltr'><strong>esse</strong></span> <span class='ocrx_word' id='word_1_439' title='bbox 816 3221 851 3273; x_wconf 93' lang='lat' dir='ltr'><strong>ut</strong></span> <span class='ocrx_word' id='word_1_440' title='bbox 880 3209 985 3283; x_wconf 90' lang='lat' dir='ltr'><strong>Deus,</strong></span> <span class='ocrx_word' id='word_1_441' title='bbox 1019 3208 1059 3272; x_wconf 94' lang='lat' dir='ltr'><strong>ad</strong></span> <span class='ocrx_word' id='word_1_442' title='bbox 1113 3232 1233 3294; x_wconf 87' lang='lat' dir='ltr'><strong>negare</strong></span> <span class='ocrx_word' id='word_1_443' title='bbox 1263 3209 1447 3286; x_wconf 88' lang='lat' dir='ltr'><strong>videamur,</strong></span> <span class='ocrx_word' id='word_1_444' title='bbox 1476 3210 1606 3274; x_wconf 91' lang='lat' dir='ltr'><strong>titulum</strong></span> <span class='ocrx_word' id='word_1_445' title='bbox 1637 3229 1701 3292; x_wconf 92' lang='lat' dir='ltr'><strong>quo</strong></span> <span class='ocrx_word' id='word_1_446' title='bbox 1724 3231 1758 3276; x_wconf 91' lang='lat' dir='ltr'><strong>se</strong></span> <span class='ocrx_word' id='word_1_447' title='bbox 1787 3219 1896 3287; x_wconf 86' lang='lat' dir='ltr'><strong>ornat,</strong></span> <span class='ocrx_word' id='word_1_448' title='bbox 1925 3210 2082 3291; x_wconf 89' lang='lat' dir='ltr'><strong>aspiritu</strong></span> 
     </span>
     <span class='ocr_line' id='line_1_33' title="bbox 91 3295 2084 3378; baseline -0.001 -18"><span class='ocrx_word' id='word_1_449' title='bbox 91 3299 182 3361; x_wconf 90' lang='lat' dir='ltr'><strong>euius</strong></span> <span class='ocrx_word' id='word_1_450' title='bbox 205 3295 346 3360; x_wconf 89' lang='lat' dir='ltr'><strong>tribunal</strong></span> <span class='ocrx_word' id='word_1_451' title='bbox 367 3317 427 3359; x_wconf 89' lang='lat' dir='ltr'><strong>nos</strong></span> <span class='ocrx_word' id='word_1_452' title='bbox 453 3316 565 3360; x_wconf 90' lang='lat' dir='ltr'><strong>omnes</strong></span> <span class='ocrx_word' id='word_1_453' title='bbox 593 3295 693 3359; x_wconf 91' lang='lat' dir='ltr'><strong>semel</strong></span> <span class='ocrx_word' id='word_1_454' title='bbox 722 3308 808 3359; x_wconf 87' lang='lat' dir='ltr'><strong>stare</strong></span> <span class='ocrx_word' id='word_1_455' title='bbox 837 3315 967 3360; x_wconf 89' lang='lat' dir='ltr'><strong>necesse</strong></span> <span class='ocrx_word' id='word_1_456' title='bbox 989 3295 1058 3368; x_wconf 89' lang='lat' dir='ltr'><strong>erit,</strong></span> <span class='ocrx_word' id='word_1_457' title='bbox 1112 3308 1225 3360; x_wconf 89' lang='lat' dir='ltr'><strong>sancto</strong></span> <span class='ocrx_word' id='word_1_458' title='bbox 1254 3295 1412 3360; x_wconf 91' lang='lat' dir='ltr'><strong>dictatum</strong></span> <span class='ocrx_word' id='word_1_459' title='bbox 1440 3317 1603 3360; x_wconf 89' lang='lat' dir='ltr'><strong>essenon</strong></span> <span class='ocrx_word' id='word_1_460' title='bbox 1626 3317 1718 3378; x_wconf 92' lang='lat' dir='ltr'><strong>nego.</strong></span> <span class='ocrx_word' id='word_1_461' title='bbox 1763 3295 1816 3360; x_wconf 90' lang='lat' dir='ltr'><strong>Sit</strong></span> <span class='ocrx_word' id='word_1_462' title='bbox 1845 3295 1947 3378; x_wconf 88' lang='lat' dir='ltr'><strong>igitur</strong></span> <span class='ocrx_word' id='word_1_463' title='bbox 1968 3316 2084 3360; x_wconf 88' lang='lat' dir='ltr'><strong>servus</strong></span> 
     </span>
     <span class='ocr_line' id='line_1_34' title="bbox 90 3379 1775 3463; baseline -0.002 -17"><span class='ocrx_word' id='word_1_464' title='bbox 90 3382 218 3446; x_wconf 91' lang='lat' dir='ltr'><strong>iudiciis</strong></span> <span class='ocrx_word' id='word_1_465' title='bbox 240 3381 375 3458; x_wconf 89' lang='lat' dir='ltr'><strong>nostris,</strong></span> <span class='ocrx_word' id='word_1_466' title='bbox 402 3381 453 3445; x_wconf 86' lang='lat' dir='ltr'><strong>vel</strong></span> <span class='ocrx_word' id='word_1_467' title='bbox 476 3381 585 3463; x_wconf 89' lang='lat' dir='ltr'><strong>potins</strong></span> <span class='ocrx_word' id='word_1_468' title='bbox 608 3381 726 3444; x_wconf 89' lang='lat' dir='ltr'><strong>stultae</strong></span> <span class='ocrx_word' id='word_1_469' title='bbox 749 3380 928 3444; x_wconf 86' lang='lat' dir='ltr'><strong>temeritati</strong></span> <span class='ocrx_word' id='word_1_470' title='bbox 950 3380 1058 3443; x_wconf 87' lang='lat' dir='ltr'><strong>subla·</strong></span> <span class='ocrx_word' id='word_1_471' title='bbox 1112 3402 1289 3458; x_wconf 86' lang='lat' dir='ltr'><strong>servorum,</strong></span> <span class='ocrx_word' id='word_1_472' title='bbox 1312 3379 1582 3462; x_wconf 90' lang='lat' dir='ltr'><strong>quemadmodum</strong></span> <span class='ocrx_word' id='word_1_473' title='bbox 1607 3381 1775 3446; x_wconf 87' lang='lat' dir='ltr'><strong>Chenaan.</strong></span> 
     </span>
     <span class='ocr_line' id='line_1_35' title="bbox 90 3464 2077 3550; baseline -0.002 -18"><span class='ocrx_word' id='word_1_474' title='bbox 90 3480 169 3532; x_wconf 90' lang='lat' dir='ltr'><strong>eeat.</strong></span> <span class='ocrx_word' id='word_1_475' title='bbox 216 3467 268 3530; x_wconf 84' lang='lat' dir='ltr'><strong>Eli</strong></span> <span class='ocrx_word' id='word_1_476' title='bbox 296 3467 320 3528; x_wconf 85' lang='lat' dir='ltr'><strong>‘t</strong></span> <span class='ocrx_word' id='word_1_477' title='bbox 348 3485 428 3548; x_wconf 92' lang='lat' dir='ltr'><strong>quos</strong></span> <span class='ocrx_word' id='word_1_478' title='bbox 455 3469 562 3532; x_wconf 77' lang='lat' dir='ltr'><strong>vistim</strong></span> <span class='ocrx_word' id='word_1_479' title='bbox 590 3475 655 3543; x_wconf 88' lang='grc' dir='ltr'><strong>εει,</strong></span> <span class='ocrx_word' id='word_1_480' title='bbox 685 3467 719 3530; x_wconf 91' lang='lat' dir='ltr'><strong>in</strong></span> <span class='ocrx_word' id='word_1_481' title='bbox 744 3468 861 3550; x_wconf 91' lang='lat' dir='ltr'><strong>quibus</strong></span> <span class='ocrx_word' id='word_1_482' title='bbox 882 3465 1006 3549; x_wconf 90' lang='lat' dir='ltr'><strong>gratiae</strong></span> <span class='ocrx_word' id='word_1_483' title='bbox 1028 3477 1061 3528; x_wconf 90' lang='lat' dir='ltr'><strong>et</strong></span> <span class='ocrx_word' id='word_1_484' title='bbox 1196 3467 1247 3531; x_wconf 81' lang='lat'><strong>26.</strong></span> <span class='ocrx_word' id='word_1_485' title='bbox 1271 3466 1457 3531; x_wconf 72' lang='lat' dir='ltr'><strong>Benedictus</strong></span> <span class='ocrx_word' id='word_1_486' title='bbox 1485 3465 1599 3531; x_wconf 80' lang='lat' dir='ltr'><strong>ledaco</strong></span> <span class='ocrx_word' id='word_1_487' title='bbox 1627 3465 1716 3531; x_wconf 84' lang='lat' dir='ltr'><strong>Deus</strong></span> <span class='ocrx_word' id='word_1_488' title='bbox 1745 3464 1826 3530; x_wconf 80' lang='lat' dir='ltr'><strong>Sem.</strong></span> <span class='ocrx_word' id='word_1_489' title='bbox 1879 3465 1972 3530; x_wconf 90' lang='lat' dir='ltr'><strong>Noah</strong></span> <span class='ocrx_word' id='word_1_490' title='bbox 2001 3465 2077 3529; x_wconf 92' lang='lat' dir='ltr'><strong>reli·</strong></span> 
     </span>
     <span class='ocr_line' id='line_1_36' title="bbox 89 3488 2078 3635; baseline -0.001 -19"><span class='ocrx_word' id='word_1_491' title='bbox 89 3488 350 3618; x_wconf 64' lang='lat' dir='ltr'><strong>mansuetudinis</strong></span> <span class='ocrx_word' id='word_1_492' title='bbox 372 3573 448 3617; x_wconf 92' lang='lat' dir='ltr'><strong>suae</strong></span> <span class='ocrx_word' id='word_1_493' title='bbox 470 3552 632 3634; x_wconf 88' lang='lat' dir='ltr'><strong>specimen</strong></span> <span class='ocrx_word' id='word_1_494' title='bbox 650 3551 740 3616; x_wconf 89' lang='lat' dir='ltr'><strong>edet:</strong></span> <span class='ocrx_word' id='word_1_495' title='bbox 763 3552 845 3616; x_wconf 91' lang='lat' dir='ltr'><strong>alios</strong></span> <span class='ocrx_word' id='word_1_496' title='bbox 865 3551 1008 3616; x_wconf 88' lang='lat' dir='ltr'><strong>destinat</strong></span> <span class='ocrx_word' id='word_1_497' title='bbox 1025 3551 1060 3614; x_wconf 94' lang='lat' dir='ltr'><strong>in</strong></span> <span class='ocrx_word' id='word_1_498' title='bbox 1111 3554 1184 3635; x_wconf 93' lang='lat' dir='ltr'><strong>quis</strong></span> <span class='ocrx_word' id='word_1_499' title='bbox 1201 3553 1277 3617; x_wconf 90' lang='lat' dir='ltr'><strong>filiis</strong></span> <span class='ocrx_word' id='word_1_500' title='bbox 1297 3551 1464 3624; x_wconf 84' lang='lat' dir='ltr'><strong>benedicit,</strong></span> <span class='ocrx_word' id='word_1_501' title='bbox 1483 3552 1539 3616; x_wconf 92' lang='lat' dir='ltr'><strong>sed</strong></span> <span class='ocrx_word' id='word_1_502' title='bbox 1552 3549 1796 3616; x_wconf 85' lang='lat' dir='ltr'><strong>diversomodo.</strong></span> <span class='ocrx_word' id='word_1_503' title='bbox 1829 3551 1973 3616; x_wconf 85' lang='lat' dir='ltr'><strong>Locatur</strong></span> <span class='ocrx_word' id='word_1_504' title='bbox 1990 3550 2078 3616; x_wconf 93' lang='lat' dir='ltr'><strong>enim</strong></span> 
     </span>
     <span class='ocr_line' id='line_1_37' title="bbox 89 3636 2082 3719; baseline -0.003 -15"><span class='ocrx_word' id='word_1_505' title='bbox 89 3641 189 3704; x_wconf 88' lang='lat' dir='ltr'><strong>linem</strong></span> <span class='ocrx_word' id='word_1_506' title='bbox 219 3638 397 3718; x_wconf 85' lang='lat' dir='ltr'><strong>diversum,</strong></span> <span class='ocrx_word' id='word_1_507' title='bbox 431 3647 467 3701; x_wconf 91' lang='lat' dir='ltr'><strong>ut</strong></span> <span class='ocrx_word' id='word_1_508' title='bbox 495 3641 561 3701; x_wconf 91' lang='lat' dir='ltr'><strong>sint</strong></span> <span class='ocrx_word' id='word_1_509' title='bbox 589 3638 657 3702; x_wconf 88' lang='lat' dir='ltr'><strong>irae</strong></span> <span class='ocrx_word' id='word_1_510' title='bbox 689 3647 720 3701; x_wconf 90' lang='lat' dir='ltr'><strong>et</strong></span> <span class='ocrx_word' id='word_1_511' title='bbox 751 3637 935 3703; x_wconf 86' lang='lat' dir='ltr'><strong>severitatis</strong></span> <span class='ocrx_word' id='word_1_512' title='bbox 964 3636 1059 3701; x_wconf 93' lang='lat' dir='ltr'><strong>docu·</strong></span> <span class='ocrx_word' id='word_1_513' title='bbox 1113 3637 1189 3704; x_wconf 88' lang='lat' dir='ltr'><strong>Sem</strong></span> <span class='ocrx_word' id='word_1_514' title='bbox 1212 3640 1248 3702; x_wconf 90' lang='lat' dir='ltr'><strong>in</strong></span> <span class='ocrx_word' id='word_1_515' title='bbox 1277 3657 1405 3702; x_wconf 89' lang='lat' dir='ltr'><strong>summo</strong></span> <span class='ocrx_word' id='word_1_516' title='bbox 1432 3637 1566 3702; x_wconf 91' lang='lat' dir='ltr'><strong>honoris</strong></span> <span class='ocrx_word' id='word_1_517' title='bbox 1596 3637 1707 3718; x_wconf 84' lang='lat' dir='ltr'><strong>gradu.</strong></span> <span class='ocrx_word' id='word_1_518' title='bbox 1751 3640 1863 3719; x_wconf 83' lang='lat' dir='ltr'><strong>Atque</strong></span> <span class='ocrx_word' id='word_1_519' title='bbox 1893 3637 1973 3701; x_wconf 90' lang='lat' dir='ltr'><strong>haec</strong></span> <span class='ocrx_word' id='word_1_520' title='bbox 1999 3637 2082 3700; x_wconf 90' lang='lat' dir='ltr'><strong>ratio</strong></span> 
     </span>
     <span class='ocr_line' id='line_1_38' title="bbox 88 3721 2082 3806; baseline -0.001 -19"><span class='ocrx_word' id='word_1_521' title='bbox 88 3737 211 3788; x_wconf 90' lang='lat' dir='ltr'><strong>menta.</strong></span> <span class='ocrx_word' id='word_1_522' title='bbox 263 3723 328 3788; x_wconf 89' lang='lat' dir='ltr'><strong>Hie</strong></span> <span class='ocrx_word' id='word_1_523' title='bbox 355 3724 482 3787; x_wconf 88' lang='lat' dir='ltr'><strong>tametsi</strong></span> <span class='ocrx_word' id='word_1_524' title='bbox 512 3724 697 3789; x_wconf 85' lang='lat' dir='ltr'><strong>caecutiunt</strong></span> <span class='ocrx_word' id='word_1_525' title='bbox 730 3724 891 3788; x_wconf 91' lang='lat' dir='ltr'><strong>humanae</strong></span> <span class='ocrx_word' id='word_1_526' title='bbox 924 3733 1060 3801; x_wconf 88' lang='lat' dir='ltr'><strong>mentes,</strong></span> <span class='ocrx_word' id='word_1_527' title='bbox 1111 3733 1160 3789; x_wconf 88' lang='lat' dir='ltr'><strong>est</strong></span> <span class='ocrx_word' id='word_1_528' title='bbox 1189 3744 1247 3789; x_wconf 91' lang='lat' dir='ltr'><strong>eur</strong></span> <span class='ocrx_word' id='word_1_529' title='bbox 1277 3723 1370 3788; x_wconf 91' lang='lat' dir='ltr'><strong>Noah</strong></span> <span class='ocrx_word' id='word_1_530' title='bbox 1404 3723 1438 3786; x_wconf 88' lang='lat' dir='ltr'><strong>ln</strong></span> <span class='ocrx_word' id='word_1_531' title='bbox 1473 3721 1694 3788; x_wconf 89' lang='lat' dir='ltr'><strong>benedictione</strong></span> <span class='ocrx_word' id='word_1_532' title='bbox 1726 3723 1795 3788; x_wconf 91' lang='lat' dir='ltr'><strong>eins</strong></span> <span class='ocrx_word' id='word_1_533' title='bbox 1827 3735 2020 3806; x_wconf 90' lang='lat' dir='ltr'><strong>prorumpat</strong></span> <span class='ocrx_word' id='word_1_534' title='bbox 2045 3723 2082 3785; x_wconf 93' lang='lat' dir='ltr'><strong>in</strong></span> 
     </span>
     <span class='ocr_line' id='line_1_39' title="bbox 88 3807 2082 3892; baseline -0.001 -19"><span class='ocrx_word' id='word_1_535' title='bbox 88 3811 226 3892; x_wconf 90' lang='lat' dir='ltr'><strong>quisque</strong></span> <span class='ocrx_word' id='word_1_536' title='bbox 255 3821 365 3880; x_wconf 78' lang='lat' dir='ltr'><strong>tamen</strong></span> <span class='ocrx_word' id='word_1_537' title='bbox 394 3822 540 3874; x_wconf 89' lang='lat' dir='ltr'><strong>nostrum</strong></span> <span class='ocrx_word' id='word_1_538' title='bbox 568 3829 647 3874; x_wconf 90' lang='lat' dir='ltr'><strong>suae</strong></span> <span class='ocrx_word' id='word_1_539' title='bbox 675 3810 875 3873; x_wconf 88' lang='lat' dir='ltr'><strong>infirmitatis</strong></span> <span class='ocrx_word' id='word_1_540' title='bbox 902 3809 961 3873; x_wconf 92' lang='lat' dir='ltr'><strong>sibi</strong></span> <span class='ocrx_word' id='word_1_541' title='bbox 984 3829 1059 3873; x_wconf 91' lang='lat' dir='ltr'><strong>con·</strong></span> <span class='ocrx_word' id='word_1_542' title='bbox 1111 3808 1241 3875; x_wconf 91' lang='lat' dir='ltr'><strong>laudem</strong></span> <span class='ocrx_word' id='word_1_543' title='bbox 1260 3809 1340 3886; x_wconf 91' lang='lat' dir='ltr'><strong>Dei,</strong></span> <span class='ocrx_word' id='word_1_544' title='bbox 1364 3830 1424 3873; x_wconf 91' lang='lat' dir='ltr'><strong>nec</strong></span> <span class='ocrx_word' id='word_1_545' title='bbox 1447 3807 1580 3873; x_wconf 90' lang='lat' dir='ltr'><strong>baereat</strong></span> <span class='ocrx_word' id='word_1_546' title='bbox 1602 3809 1636 3872; x_wconf 92' lang='lat' dir='ltr'><strong>in</strong></span> <span class='ocrx_word' id='word_1_547' title='bbox 1668 3807 1809 3872; x_wconf 90' lang='lat' dir='ltr'><strong>bominis</strong></span> <span class='ocrx_word' id='word_1_548' title='bbox 1831 3827 1977 3889; x_wconf 89' lang='lat' dir='ltr'><strong>persona.</strong></span> <span class='ocrx_word' id='word_1_549' title='bbox 2012 3808 2082 3872; x_wconf 89' lang='lat' dir='ltr'><strong>He·</strong></span> 
     </span>
     <span class='ocr_line' id='line_1_40' title="bbox 88 3893 2083 3977; baseline -0.002 -17"><span class='ocrx_word' id='word_1_550' title='bbox 88 3899 193 3973; x_wconf 87' lang='lat' dir='ltr'><strong>scius,</strong></span> <span class='ocrx_word' id='word_1_551' title='bbox 221 3895 365 3959; x_wconf 91' lang='lat' dir='ltr'><strong>tribuere</strong></span> <span class='ocrx_word' id='word_1_552' title='bbox 391 3895 501 3976; x_wconf 90' lang='lat' dir='ltr'><strong>potius</strong></span> <span class='ocrx_word' id='word_1_553' title='bbox 521 3893 592 3958; x_wconf 92' lang='lat' dir='ltr'><strong>Deo</strong></span> <span class='ocrx_word' id='word_1_554' title='bbox 621 3895 750 3958; x_wconf 89' lang='lat' dir='ltr'><strong>laudem</strong></span> <span class='ocrx_word' id='word_1_555' title='bbox 775 3894 917 3959; x_wconf 88' lang='lat' dir='ltr'><strong>iustitiae</strong></span> <span class='ocrx_word' id='word_1_556' title='bbox 946 3894 1060 3971; x_wconf 86' lang='lat' dir='ltr'><strong>discat,</strong></span> <span class='ocrx_word' id='word_1_557' title='bbox 1111 3895 1199 3960; x_wconf 91' lang='lat' dir='ltr'><strong>braei</strong></span> <span class='ocrx_word' id='word_1_558' title='bbox 1233 3897 1336 3972; x_wconf 92' lang='lat' dir='ltr'><strong>enim,</strong></span> <span class='ocrx_word' id='word_1_559' title='bbox 1368 3915 1467 3977; x_wconf 91' lang='lat' dir='ltr'><strong>quum</strong></span> <span class='ocrx_word' id='word_1_560' title='bbox 1506 3894 1546 3958; x_wconf 92' lang='lat' dir='ltr'><strong>de</strong></span> <span class='ocrx_word' id='word_1_561' title='bbox 1580 3915 1654 3959; x_wconf 91' lang='lat' dir='ltr'><strong>rara</strong></span> <span class='ocrx_word' id='word_1_562' title='bbox 1688 3894 1796 3975; x_wconf 90' lang='lat' dir='ltr'><strong>aliqua</strong></span> <span class='ocrx_word' id='word_1_563' title='bbox 1829 3915 1888 3958; x_wconf 90' lang='lat' dir='ltr'><strong>neo</strong></span> <span class='ocrx_word' id='word_1_564' title='bbox 1928 3893 2083 3958; x_wconf 87' lang='lat' dir='ltr'><strong>mediocri</strong></span> 
     </span>
     <span class='ocr_line' id='line_1_41' title="bbox 87 3972 2081 4063; baseline 0 -19"><span class='ocrx_word' id='word_1_565' title='bbox 87 4003 187 4063; x_wconf 89' lang='lat' dir='ltr'><strong>quarn</strong></span> <span class='ocrx_word' id='word_1_566' title='bbox 211 3990 247 4044; x_wconf 92' lang='lat' dir='ltr'><strong>ut</strong></span> <span class='ocrx_word' id='word_1_567' title='bbox 269 4001 303 4044; x_wconf 90' lang='lat' dir='ltr'><strong>se</strong></span> <span class='ocrx_word' id='word_1_568' title='bbox 330 3981 447 4044; x_wconf 89' lang='lat' dir='ltr'><strong>insana</strong></span> <span class='ocrx_word' id='word_1_569' title='bbox 469 3972 603 4044; x_wconf 79' lang='lat' dir='ltr'><strong>audacia</strong></span> <span class='ocrx_word' id='word_1_570' title='bbox 623 3981 657 4043; x_wconf 92' lang='lat' dir='ltr'><strong>in</strong></span> <span class='ocrx_word' id='word_1_571' title='bbox 680 3980 875 4061; x_wconf 86' lang='lat' dir='ltr'><strong>profundam</strong></span> <span class='ocrx_word' id='word_1_572' title='bbox 904 3981 1059 4063; x_wconf 80' lang='lat' dir='ltr'><strong>abyssum</strong></span> <span class='ocrx_word' id='word_1_573' title='bbox 1111 3981 1305 4046; x_wconf 87' lang='lat' dir='ltr'><strong>excellentia</strong></span> <span class='ocrx_word' id='word_1_574' title='bbox 1334 4000 1440 4044; x_wconf 91' lang='lat' dir='ltr'><strong>sermo</strong></span> <span class='ocrx_word' id='word_1_575' title='bbox 1470 3979 1624 4056; x_wconf 88' lang='lat' dir='ltr'><strong>habetur,</strong></span> <span class='ocrx_word' id='word_1_576' title='bbox 1655 3979 1694 4044; x_wconf 92' lang='lat' dir='ltr'><strong>ad</strong></span> <span class='ocrx_word' id='word_1_577' title='bbox 1717 3980 1824 4045; x_wconf 91' lang='lat' dir='ltr'><strong>Deum</strong></span> <span class='ocrx_word' id='word_1_578' title='bbox 1852 3980 2081 4045; x_wconf 88' lang='lat' dir='ltr'><strong>conscendunt.</strong></span> 
     </span>
     <span class='ocr_line' id='line_1_42' title="bbox 85 4061 2081 4148; baseline -0.002 -18"><span class='ocrx_word' id='word_1_579' title='bbox 85 4067 288 4148; x_wconf 88' lang='lat' dir='ltr'><strong>praecipitet.</strong></span> <span class='ocrx_word' id='word_1_580' title='bbox 333 4064 442 4145; x_wconf 80' lang='lat' dir='ltr'><strong>Quum</strong></span> <span class='ocrx_word' id='word_1_581' title='bbox 465 4076 568 4131; x_wconf 91' lang='lat' dir='ltr'><strong>totum</strong></span> <span class='ocrx_word' id='word_1_582' title='bbox 591 4087 702 4130; x_wconf 90' lang='lat' dir='ltr'><strong>semen</strong></span> <span class='ocrx_word' id='word_1_583' title='bbox 725 4065 828 4130; x_wconf 91' lang='lat' dir='ltr'><strong>Cbam</strong></span> <span class='ocrx_word' id='word_1_584' title='bbox 851 4065 1061 4128; x_wconf 88' lang='lat' dir='ltr'><strong>Deus-male-</strong></span> <span class='ocrx_word' id='word_1_585' title='bbox 1111 4061 1201 4148; x_wconf 81' lang='lat' dir='ltr'><strong>Ergo</strong></span> <span class='ocrx_word' id='word_1_586' title='bbox 1235 4075 1368 4131; x_wconf 87' lang='lat' dir='ltr'><strong>sanctus</strong></span> <span class='ocrx_word' id='word_1_587' title='bbox 1397 4066 1461 4136; x_wconf 82' lang='lat' dir='ltr'><strong>vir.</strong></span> <span class='ocrx_word' id='word_1_588' title='bbox 1497 4087 1597 4147; x_wconf 92' lang='lat' dir='ltr'><strong>quum</strong></span> <span class='ocrx_word' id='word_1_589' title='bbox 1625 4064 1822 4129; x_wconf 89' lang='lat' dir='ltr'><strong>uberrimam</strong></span> <span class='ocrx_word' id='word_1_590' title='bbox 1852 4065 1915 4129; x_wconf 92' lang='lat' dir='ltr'><strong>Dei</strong></span> <span class='ocrx_word' id='word_1_591' title='bbox 1942 4064 2081 4147; x_wconf 87' lang='lat' dir='ltr'><strong>gratiam</strong></span> 
     </span>
     <span class='ocr_line' id='line_1_43' title="bbox 88 4149 2081 4234; baseline -0.001 -19"><span class='ocrx_word' id='word_1_592' title='bbox 88 4152 223 4216; x_wconf 90' lang='lat' dir='ltr'><strong>dictioni</strong></span> <span class='ocrx_word' id='word_1_593' title='bbox 245 4151 421 4216; x_wconf 89' lang='lat' dir='ltr'><strong>obnoxium</strong></span> <span class='ocrx_word' id='word_1_594' title='bbox 445 4150 586 4224; x_wconf 85' lang='lat' dir='ltr'><strong>haberet.</strong></span> <span class='ocrx_word' id='word_1_595' title='bbox 610 4150 810 4216; x_wconf 90' lang='lat' dir='ltr'><strong>Chananitas</strong></span> <span class='ocrx_word' id='word_1_596' title='bbox 832 4151 894 4215; x_wconf 92' lang='lat' dir='ltr'><strong>sibi</strong></span> <span class='ocrx_word' id='word_1_597' title='bbox 917 4150 1062 4214; x_wconf 91' lang='lat' dir='ltr'><strong>nomina·</strong></span> <span class='ocrx_word' id='word_1_598' title='bbox 1111 4154 1246 4216; x_wconf 88' lang='lat' dir='ltr'><strong>sentiret</strong></span> <span class='ocrx_word' id='word_1_599' title='bbox 1269 4152 1336 4216; x_wconf 88' lang='lat' dir='ltr'><strong>lilio</strong></span> <span class='ocrx_word' id='word_1_600' title='bbox 1356 4172 1414 4216; x_wconf 92' lang='lat' dir='ltr'><strong>suo</strong></span> <span class='ocrx_word' id='word_1_601' title='bbox 1438 4149 1516 4216; x_wconf 89' lang='lat' dir='ltr'><strong>Sem</strong></span> <span class='ocrx_word' id='word_1_602' title='bbox 1539 4151 1734 4216; x_wconf 85' lang='lat' dir='ltr'><strong>destinatam</strong></span> <span class='ocrx_word' id='word_1_603' title='bbox 1752 4172 1830 4225; x_wconf 88' lang='lat' dir='ltr'><strong>esse,</strong></span> <span class='ocrx_word' id='word_1_604' title='bbox 1849 4151 1884 4214; x_wconf 90' lang='lat' dir='ltr'><strong>in</strong></span> <span class='ocrx_word' id='word_1_605' title='bbox 1902 4152 2081 4234; x_wconf 84' lang='lat' dir='ltr'><strong>gratiarum</strong></span> 
     </span>
     <span class='ocr_line' id='line_1_44' title="bbox 87 4235 2082 4320; baseline -0.001 -21"><span class='ocrx_word' id='word_1_606' title='bbox 87 4238 149 4301; x_wconf 91' lang='lat' dir='ltr'><strong>tim</strong></span> <span class='ocrx_word' id='word_1_607' title='bbox 174 4238 314 4319; x_wconf 90' lang='lat' dir='ltr'><strong>sumpsit</strong></span> <span class='ocrx_word' id='word_1_608' title='bbox 338 4258 418 4319; x_wconf 89' lang='lat' dir='ltr'><strong>quos</strong></span> <span class='ocrx_word' id='word_1_609' title='bbox 446 4256 525 4318; x_wconf 89' lang='lat' dir='ltr'><strong>prae</strong></span> <span class='ocrx_word' id='word_1_610' title='bbox 552 4237 624 4302; x_wconf 89' lang='lat' dir='ltr'><strong>aliis</strong></span> <span class='ocrx_word' id='word_1_611' title='bbox 657 4235 872 4301; x_wconf 90' lang='lat' dir='ltr'><strong>malediceret.</strong></span> <span class='ocrx_word' id='word_1_612' title='bbox 916 4236 961 4300; x_wconf 80' lang='grc' dir='ltr'><strong>Ει</strong></span> <span class='ocrx_word' id='word_1_613' title='bbox 984 4235 1060 4300; x_wconf 93' lang='lat' dir='ltr'><strong>hino</strong></span> <span class='ocrx_word' id='word_1_614' title='bbox 1112 4239 1272 4302; x_wconf 87' lang='lat' dir='ltr'><strong>actionem</strong></span> <span class='ocrx_word' id='word_1_615' title='bbox 1302 4237 1450 4316; x_wconf 80' lang='lat' dir='ltr'><strong>assurgit.</strong></span> <span class='ocrx_word' id='word_1_616' title='bbox 1495 4236 1592 4301; x_wconf 93' lang='lat' dir='ltr'><strong>Unde</strong></span> <span class='ocrx_word' id='word_1_617' title='bbox 1620 4236 1802 4320; x_wconf 87' lang='lat' dir='ltr'><strong>colligimus</strong></span> <span class='ocrx_word' id='word_1_618' title='bbox 1828 4257 1892 4300; x_wconf 92' lang='lat' dir='ltr'><strong>non</strong></span> <span class='ocrx_word' id='word_1_619' title='bbox 1915 4257 1956 4300; x_wconf 90' lang='lat' dir='ltr'><strong>ex</strong></span> <span class='ocrx_word' id='word_1_620' title='bbox 1974 4255 2082 4302; x_wconf 79' lang='lat' dir='ltr'><strong>carnis</strong></span> 
     </span>
     <span class='ocr_line' id='line_1_45' title="bbox 88 4320 2081 4406; baseline -0.002 -18"><span class='ocrx_word' id='word_1_621' title='bbox 88 4322 274 4406; x_wconf 83' lang='lat' dir='ltr'><strong>colligimus</strong></span> <span class='ocrx_word' id='word_1_622' title='bbox 310 4323 487 4404; x_wconf 92' lang='lat' dir='ltr'><strong>profectum</strong></span> <span class='ocrx_word' id='word_1_623' title='bbox 518 4343 537 4386; x_wconf 90' lang='lat' dir='ltr'><strong>a</strong></span> <span class='ocrx_word' id='word_1_624' title='bbox 566 4323 637 4386; x_wconf 89' lang='lat' dir='ltr'><strong>Deo</strong></span> <span class='ocrx_word' id='word_1_625' title='bbox 665 4322 765 4406; x_wconf 80' lang='lat' dir='ltr'><strong>fuisse</strong></span> <span class='ocrx_word' id='word_1_626' title='bbox 793 4324 854 4387; x_wconf 91' lang='lat' dir='ltr'><strong>hoo</strong></span> <span class='ocrx_word' id='word_1_627' title='bbox 888 4321 1060 4386; x_wconf 86' lang='lat' dir='ltr'><strong>iudicium:</strong></span> <span class='ocrx_word' id='word_1_628' title='bbox 1112 4343 1209 4387; x_wconf 89' lang='lat' dir='ltr'><strong>sensu</strong></span> <span class='ocrx_word' id='word_1_629' title='bbox 1231 4321 1401 4404; x_wconf 90' lang='lat' dir='ltr'><strong>loquutnm</strong></span> <span class='ocrx_word' id='word_1_630' title='bbox 1424 4343 1510 4400; x_wconf 90' lang='lat' dir='ltr'><strong>esse,</strong></span> <span class='ocrx_word' id='word_1_631' title='bbox 1541 4321 1596 4386; x_wconf 92' lang='lat' dir='ltr'><strong>sed</strong></span> <span class='ocrx_word' id='word_1_632' title='bbox 1620 4323 1660 4386; x_wconf 91' lang='lat' dir='ltr'><strong>de</strong></span> <span class='ocrx_word' id='word_1_633' title='bbox 1682 4323 1808 4386; x_wconf 87' lang='lat' dir='ltr'><strong>arcanis</strong></span> <span class='ocrx_word' id='word_1_634' title='bbox 1831 4320 1893 4386; x_wconf 89' lang='lat' dir='ltr'><strong>Dei</strong></span> <span class='ocrx_word' id='word_1_635' title='bbox 1918 4322 2081 4385; x_wconf 81' lang='lat' dir='ltr'><strong>beneficiis</strong></span> 
     </span>
     <span class='ocr_line' id='line_1_46' title="bbox 87 4405 2081 4490; baseline -0.001 -19"><span class='ocrx_word' id='word_1_636' title='bbox 87 4409 174 4489; x_wconf 91' lang='lat' dir='ltr'><strong>quod</strong></span> <span class='ocrx_word' id='word_1_637' title='bbox 196 4409 265 4490; x_wconf 86' lang='lat' dir='ltr'><strong>ipso</strong></span> <span class='ocrx_word' id='word_1_638' title='bbox 287 4408 419 4472; x_wconf 90' lang='lat' dir='ltr'><strong>tandem</strong></span> <span class='ocrx_word' id='word_1_639' title='bbox 441 4419 559 4472; x_wconf 83' lang='lat' dir='ltr'><strong>eventu</strong></span> <span class='ocrx_word' id='word_1_640' title='bbox 576 4406 821 4489; x_wconf 89' lang='lat' dir='ltr'><strong>comprobatum</strong></span> <span class='ocrx_word' id='word_1_641' title='bbox 839 4408 909 4472; x_wconf 90' lang='lat' dir='ltr'><strong>fuit.</strong></span> <span class='ocrx_word' id='word_1_642' title='bbox 945 4405 1061 4486; x_wconf 76' lang='lat' dir='ltr'><strong>Qualis</strong></span> <span class='ocrx_word' id='word_1_643' title='bbox 1113 4409 1286 4484; x_wconf 90' lang='lat' dir='ltr'><strong>disserere,</strong></span> <span class='ocrx_word' id='word_1_644' title='bbox 1309 4429 1445 4489; x_wconf 90' lang='lat' dir='ltr'><strong>quorum</strong></span> <span class='ocrx_word' id='word_1_645' title='bbox 1468 4417 1607 4471; x_wconf 84' lang='lat' dir='ltr'><strong>eventus</strong></span> <span class='ocrx_word' id='word_1_646' title='bbox 1629 4409 1662 4470; x_wconf 92' lang='lat' dir='ltr'><strong>in</strong></span> <span class='ocrx_word' id='word_1_647' title='bbox 1685 4408 1818 4490; x_wconf 90' lang='lat' dir='ltr'><strong>longum</strong></span> <span class='ocrx_word' id='word_1_648' title='bbox 1838 4419 1966 4488; x_wconf 88' lang='lat' dir='ltr'><strong>tempus</strong></span> <span class='ocrx_word' id='word_1_649' title='bbox 1990 4405 2081 4470; x_wconf 88' lang='lat' dir='ltr'><strong>diffe-</strong></span> 
     </span>
     <span class='ocr_line' id='line_1_47' title="bbox 88 4490 2080 4574; baseline -0.001 -18"><span class='ocrx_word' id='word_1_650' title='bbox 88 4503 179 4557; x_wconf 88' lang='lat' dir='ltr'><strong>certe</strong></span> <span class='ocrx_word' id='word_1_651' title='bbox 210 4495 321 4557; x_wconf 86' lang='lat' dir='ltr'><strong>futura</strong></span> <span class='ocrx_word' id='word_1_652' title='bbox 351 4505 436 4558; x_wconf 89' lang='lat' dir='ltr'><strong>esset</strong></span> <span class='ocrx_word' id='word_1_653' title='bbox 464 4493 737 4558; x_wconf 87' lang='lat' dir='ltr'><strong>Chananaeorum</strong></span> <span class='ocrx_word' id='word_1_654' title='bbox 776 4494 932 4571; x_wconf 91' lang='lat' dir='ltr'><strong>conditio,</strong></span> <span class='ocrx_word' id='word_1_655' title='bbox 965 4492 1060 4556; x_wconf 91' lang='lat' dir='ltr'><strong>Noah</strong></span> <span class='ocrx_word' id='word_1_656' title='bbox 1111 4493 1231 4559; x_wconf 88' lang='lat' dir='ltr'><strong>rendus</strong></span> <span class='ocrx_word' id='word_1_657' title='bbox 1262 4505 1341 4557; x_wconf 91' lang='lat' dir='ltr'><strong>eret.</strong></span> <span class='ocrx_word' id='word_1_658' title='bbox 1395 4491 1545 4574; x_wconf 88' lang='lat' dir='ltr'><strong>Denique</strong></span> <span class='ocrx_word' id='word_1_659' title='bbox 1574 4493 1625 4557; x_wconf 93' lang='lat' dir='ltr'><strong>his</strong></span> <span class='ocrx_word' id='word_1_660' title='bbox 1654 4491 1761 4557; x_wconf 89' lang='lat' dir='ltr'><strong>verbis</strong></span> <span class='ocrx_word' id='word_1_661' title='bbox 1790 4490 1903 4557; x_wconf 89' lang='lat' dir='ltr'><strong>divina</strong></span> <span class='ocrx_word' id='word_1_662' title='bbox 1928 4490 1979 4557; x_wconf 83' lang='lat' dir='ltr'><strong>vel</strong></span> <span class='ocrx_word' id='word_1_663' title='bbox 2009 4511 2080 4555; x_wconf 89' lang='lat' dir='ltr'><strong>eoe-</strong></span> 
     </span>
     <span class='ocr_line' id='line_1_48' title="bbox 87 4577 1805 4660; baseline -0.001 -17"><span class='ocrx_word' id='word_1_664' title='bbox 87 4579 281 4643; x_wconf 89' lang='lat' dir='ltr'><strong>humanitus</strong></span> <span class='ocrx_word' id='word_1_665' title='bbox 310 4599 375 4642; x_wconf 91' lang='lat' dir='ltr'><strong>non</strong></span> <span class='ocrx_word' id='word_1_666' title='bbox 408 4579 546 4644; x_wconf 88' lang='lat' dir='ltr'><strong>tenebat.</strong></span> <span class='ocrx_word' id='word_1_667' title='bbox 592 4579 702 4660; x_wconf 79' lang='lat' dir='ltr'><strong>Quare</strong></span> <span class='ocrx_word' id='word_1_668' title='bbox 728 4581 762 4642; x_wconf 91' lang='lat' dir='ltr'><strong>in</strong></span> <span class='ocrx_word' id='word_1_669' title='bbox 793 4578 888 4642; x_wconf 89' lang='lat' dir='ltr'><strong>rebus</strong></span> <span class='ocrx_word' id='word_1_670' title='bbox 916 4579 1060 4643; x_wconf 87' lang='lat' dir='ltr'><strong>obscuris</strong></span> <span class='ocrx_word' id='word_1_671' title='bbox 1111 4580 1201 4645; x_wconf 83' lang='lat' dir='ltr'><strong>lestis</strong></span> <span class='ocrx_word' id='word_1_672' title='bbox 1224 4589 1357 4643; x_wconf 88' lang='lat' dir='ltr'><strong>notatur</strong></span> <span class='ocrx_word' id='word_1_673' title='bbox 1377 4578 1488 4642; x_wconf 90' lang='lat' dir='ltr'><strong>futura</strong></span> <span class='ocrx_word' id='word_1_674' title='bbox 1511 4577 1692 4642; x_wconf 89' lang='lat' dir='ltr'><strong>benedictio</strong></span> <span class='ocrx_word' id='word_1_675' title='bbox 1717 4577 1805 4642; x_wconf 90' lang='lat' dir='ltr'><strong>Sem.</strong></span> 
     </span>
     <span class='ocr_line' id='line_1_49' title="bbox 88 4660 2078 4747; baseline -0.001 -20"><span class='ocrx_word' id='word_1_676' title='bbox 88 4675 121 4728; x_wconf 89' lang='lat' dir='ltr'><strong>et</strong></span> <span class='ocrx_word' id='word_1_677' title='bbox 142 4663 318 4728; x_wconf 88' lang='lat' dir='ltr'><strong>reconditis</strong></span> <span class='ocrx_word' id='word_1_678' title='bbox 346 4663 480 4744; x_wconf 89' lang='lat' dir='ltr'><strong>spiritus</strong></span> <span class='ocrx_word' id='word_1_679' title='bbox 509 4664 629 4729; x_wconf 89' lang='lat' dir='ltr'><strong>direxit</strong></span> <span class='ocrx_word' id='word_1_680' title='bbox 650 4665 721 4729; x_wconf 91' lang='lat' dir='ltr'><strong>eius</strong></span> <span class='ocrx_word' id='word_1_681' title='bbox 743 4663 899 4747; x_wconf 90' lang='lat' dir='ltr'><strong>linguam.</strong></span> <span class='ocrx_word' id='word_1_682' title='bbox 944 4663 1061 4728; x_wconf 85' lang='lat' dir='ltr'><strong>Restat</strong></span> <span class='ocrx_word' id='word_1_683' title='bbox 1197 4665 1248 4728; x_wconf 79' lang='lat'><strong>27.</strong></span> <span class='ocrx_word' id='word_1_684' title='bbox 1278 4664 1396 4729; x_wconf 83' lang='lat' dir='ltr'><strong>Dilelet</strong></span> <span class='ocrx_word' id='word_1_685' title='bbox 1423 4663 1513 4730; x_wconf 78' lang='lat' dir='ltr'><strong>Deus</strong></span> <span class='ocrx_word' id='word_1_686' title='bbox 1542 4663 1681 4744; x_wconf 71' lang='lat' dir='ltr'><strong>[aptata.</strong></span> <span class='ocrx_word' id='word_1_687' title='bbox 1725 4664 1764 4727; x_wconf 95' lang='lat' dir='ltr'><strong>In</strong></span> <span class='ocrx_word' id='word_1_688' title='bbox 1793 4661 1925 4727; x_wconf 84' lang='lat' dir='ltr'><strong>vocibus</strong></span> <span class='ocrx_word' id='word_1_689' title='bbox 1954 4660 2078 4726; x_wconf 90' lang='lat' dir='ltr'><strong>hebrai·</strong></span> 
     </span>
     <span class='ocr_line' id='line_1_50' title="bbox 85 4745 2081 4832; baseline -0.003 -17"><span class='ocrx_word' id='word_1_690' title='bbox 85 4749 199 4815; x_wconf 91' lang='lat' dir='ltr'><strong>adhue</strong></span> <span class='ocrx_word' id='word_1_691' title='bbox 225 4751 289 4814; x_wconf 90' lang='lat' dir='ltr'><strong>alia</strong></span> <span class='ocrx_word' id='word_1_692' title='bbox 317 4749 502 4814; x_wconf 87' lang='lat' dir='ltr'><strong>difficultas:</strong></span> <span class='ocrx_word' id='word_1_693' title='bbox 530 4771 607 4814; x_wconf 92' lang='lat' dir='ltr'><strong>nem</strong></span> <span class='ocrx_word' id='word_1_694' title='bbox 637 4769 739 4832; x_wconf 91' lang='lat' dir='ltr'><strong>quum</strong></span> <span class='ocrx_word' id='word_1_695' title='bbox 766 4751 928 4831; x_wconf 89' lang='lat' dir='ltr'><strong>scriptura</strong></span> <span class='ocrx_word' id='word_1_696' title='bbox 950 4747 1057 4813; x_wconf 90' lang='lat' dir='ltr'><strong>Deum</strong></span> <span class='ocrx_word' id='word_1_697' title='bbox 1111 4753 1157 4816; x_wconf 91' lang='lat' dir='ltr'><strong>cis</strong></span> <span class='ocrx_word' id='word_1_698' title='bbox 1189 4751 1348 4816; x_wconf 89' lang='lat' dir='ltr'><strong>concinna</strong></span> <span class='ocrx_word' id='word_1_699' title='bbox 1374 4748 1489 4813; x_wconf 92' lang='lat' dir='ltr'><strong>allusio</strong></span> <span class='ocrx_word' id='word_1_700' title='bbox 1519 4758 1582 4826; x_wconf 88' lang='lat' dir='ltr'><strong>est,</strong></span> <span class='ocrx_word' id='word_1_701' title='bbox 1617 4748 1759 4830; x_wconf 86' lang='lat' dir='ltr'><strong>Iaphtha</strong></span> <span class='ocrx_word' id='word_1_702' title='bbox 1784 4746 1933 4830; x_wconf 92' lang='lat' dir='ltr'><strong>Iepheth.</strong></span> <span class='ocrx_word' id='word_1_703' title='bbox 1978 4745 2081 4832; x_wconf 90' lang='lat' dir='ltr'><strong>Origo</strong></span> 
     </span>
     <span class='ocr_line' id='line_1_51' title="bbox 85 4833 2079 4916; baseline -0.002 -16"><span class='ocrx_word' id='word_1_704' title='bbox 85 4843 221 4916; x_wconf 90' lang='lat' dir='ltr'><strong>peccata</strong></span> <span class='ocrx_word' id='word_1_705' title='bbox 249 4835 417 4899; x_wconf 90' lang='lat' dir='ltr'><strong>hominum</strong></span> <span class='ocrx_word' id='word_1_706' title='bbox 448 4835 557 4901; x_wconf 91' lang='lat' dir='ltr'><strong>ulcisci</strong></span> <span class='ocrx_word' id='word_1_707' title='bbox 585 4835 679 4901; x_wconf 90' lang='lat' dir='ltr'><strong>docet</strong></span> <span class='ocrx_word' id='word_1_708' title='bbox 700 4837 736 4898; x_wconf 88' lang='lat' dir='ltr'><strong>in</strong></span> <span class='ocrx_word' id='word_1_709' title='bbox 757 4837 887 4899; x_wconf 88' lang='lat' dir='ltr'><strong>tertiam</strong></span> <span class='ocrx_word' id='word_1_710' title='bbox 909 4843 943 4899; x_wconf 89' lang='lat' dir='ltr'><strong>et</strong></span> <span class='ocrx_word' id='word_1_711' title='bbox 963 4854 1060 4915; x_wconf 88' lang='lat' dir='ltr'><strong>qnar-</strong></span> <span class='ocrx_word' id='word_1_712' title='bbox 1111 4846 1221 4900; x_wconf 89' lang='lat' dir='ltr'><strong>autem</strong></span> <span class='ocrx_word' id='word_1_713' title='bbox 1245 4836 1336 4899; x_wconf 81' lang='lat' dir='ltr'><strong>verbi</strong></span> <span class='ocrx_word' id='word_1_714' title='bbox 1358 4844 1408 4898; x_wconf 90' lang='lat' dir='ltr'><strong>est</strong></span> <span class='ocrx_word' id='word_1_715' title='bbox 1428 4847 1513 4911; x_wconf 68' lang='lat' dir='ltr'><strong>une,</strong></span> <span class='ocrx_word' id='word_1_716' title='bbox 1541 4835 1626 4916; x_wconf 93' lang='lat' dir='ltr'><strong>quod</strong></span> <span class='ocrx_word' id='word_1_717' title='bbox 1650 4833 1807 4898; x_wconf 82' lang='lat' dir='ltr'><strong>Hebraeis</strong></span> <span class='ocrx_word' id='word_1_718' title='bbox 1832 4834 1994 4916; x_wconf 86' lang='lat' dir='ltr'><strong>significat</strong></span> <span class='ocrx_word' id='word_1_719' title='bbox 2015 4833 2079 4897; x_wconf 90' lang='lat' dir='ltr'><strong>lec·</strong></span> 
     </span>
     <span class='ocr_line' id='line_1_52' title="bbox 87 4917 2079 5003; baseline -0.001 -19"><span class='ocrx_word' id='word_1_720' title='bbox 87 4935 158 4984; x_wconf 87' lang='lat' dir='ltr'><strong>tarn</strong></span> <span class='ocrx_word' id='word_1_721' title='bbox 188 4922 442 5003; x_wconf 89' lang='lat' dir='ltr'><strong>generationem,</strong></span> <span class='ocrx_word' id='word_1_722' title='bbox 474 4920 601 4985; x_wconf 81' lang='lat' dir='ltr'><strong>videtur</strong></span> <span class='ocrx_word' id='word_1_723' title='bbox 631 4923 718 4986; x_wconf 91' lang='lat' dir='ltr'><strong>bunc</strong></span> <span class='ocrx_word' id='word_1_724' title='bbox 746 4921 812 4985; x_wconf 91' lang='lat' dir='ltr'><strong>irae</strong></span> <span class='ocrx_word' id='word_1_725' title='bbox 835 4921 898 4985; x_wconf 90' lang='lat' dir='ltr'><strong>Dei</strong></span> <span class='ocrx_word' id='word_1_726' title='bbox 926 4917 1060 4983; x_wconf 91' lang='lat' dir='ltr'><strong>modum</strong></span> <span class='ocrx_word' id='word_1_727' title='bbox 1112 4935 1180 4986; x_wconf 89' lang='lat' dir='ltr'><strong>tare</strong></span> <span class='ocrx_word' id='word_1_728' title='bbox 1202 4920 1330 4984; x_wconf 89' lang='lat' dir='ltr'><strong>blandis</strong></span> <span class='ocrx_word' id='word_1_729' title='bbox 1352 4921 1473 4987; x_wconf 89' lang='lat' dir='ltr'><strong>verbis:</strong></span> <span class='ocrx_word' id='word_1_730' title='bbox 1508 4920 1562 4986; x_wconf 89' lang='lat' dir='ltr'><strong>vcl</strong></span> <span class='ocrx_word' id='word_1_731' title='bbox 1592 4920 1722 4986; x_wconf 91' lang='lat' dir='ltr'><strong>allicere</strong></span> <span class='ocrx_word' id='word_1_732' title='bbox 1745 4921 1777 4983; x_wconf 90' lang='lat' dir='ltr'><strong>in</strong></span> <span class='ocrx_word' id='word_1_733' title='bbox 1806 4918 1890 4983; x_wconf 91' lang='lat' dir='ltr'><strong>banc</strong></span> <span class='ocrx_word' id='word_1_734' title='bbox 1913 4918 1966 4983; x_wconf 89' lang='lat' dir='ltr'><strong>vel</strong></span> <span class='ocrx_word' id='word_1_735' title='bbox 1988 4919 2079 4983; x_wconf 91' lang='lat' dir='ltr'><strong>illam</strong></span> 
     </span>
     <span class='ocr_line' id='line_1_53' title="bbox 85 5003 2079 5090; baseline -0.002 -20"><span class='ocrx_word' id='word_1_736' title='bbox 85 5007 279 5090; x_wconf 88' lang='lat' dir='ltr'><strong>praefigere.</strong></span> <span class='ocrx_word' id='word_1_737' title='bbox 315 5006 415 5089; x_wconf 86' lang='lat' dir='ltr'><strong>Atqui</strong></span> <span class='ocrx_word' id='word_1_738' title='bbox 435 5007 588 5086; x_wconf 83' lang='lat' dir='ltr'><strong>vindicta,</strong></span> <span class='ocrx_word' id='word_1_739' title='bbox 608 5009 700 5071; x_wconf 90' lang='lat' dir='ltr'><strong>cuius</strong></span> <span class='ocrx_word' id='word_1_740' title='bbox 718 5027 804 5070; x_wconf 90' lang='lat' dir='ltr'><strong>nune</strong></span> <span class='ocrx_word' id='word_1_741' title='bbox 822 5008 859 5070; x_wconf 90' lang='lat' dir='ltr'><strong>fit</strong></span> <span class='ocrx_word' id='word_1_742' title='bbox 876 5005 1007 5080; x_wconf 90' lang='lat' dir='ltr'><strong>mentio,</strong></span> <span class='ocrx_word' id='word_1_743' title='bbox 1026 5006 1060 5069; x_wconf 93' lang='lat' dir='ltr'><strong>in</strong></span> <span class='ocrx_word' id='word_1_744' title='bbox 1111 5015 1247 5090; x_wconf 86' lang='lat' dir='ltr'><strong>partem.</strong></span> <span class='ocrx_word' id='word_1_745' title='bbox 1292 5007 1356 5069; x_wconf 89' lang='lat' dir='ltr'><strong>Hic</strong></span> <span class='ocrx_word' id='word_1_746' title='bbox 1377 5018 1489 5072; x_wconf 90' lang='lat' dir='ltr'><strong>temon</strong></span> <span class='ocrx_word' id='word_1_747' title='bbox 1512 5008 1578 5070; x_wconf 88' lang='lat' dir='ltr'><strong>fere</strong></span> <span class='ocrx_word' id='word_1_748' title='bbox 1599 5027 1712 5072; x_wconf 88' lang='lat' dir='ltr'><strong>ornnes</strong></span> <span class='ocrx_word' id='word_1_749' title='bbox 1734 5007 1927 5085; x_wconf 88' lang='lat' dir='ltr'><strong>interpretes</strong></span> <span class='ocrx_word' id='word_1_750' title='bbox 1948 5024 2008 5087; x_wconf 91' lang='lat' dir='ltr'><strong>pro</strong></span> <span class='ocrx_word' id='word_1_751' title='bbox 2031 5003 2079 5067; x_wconf 92' lang='lat' dir='ltr'><strong>di·</strong></span> 
     </span>
     <span class='ocr_line' id='line_1_54' title="bbox 86 5089 2079 5175; baseline 0.002 -25"><span class='ocrx_word' id='word_1_752' title='bbox 86 5092 250 5156; x_wconf 89' lang='lat' dir='ltr'><strong>decimam</strong></span> <span class='ocrx_word' id='word_1_753' title='bbox 284 5112 388 5173; x_wconf 91' lang='lat' dir='ltr'><strong>usque</strong></span> <span class='ocrx_word' id='word_1_754' title='bbox 428 5093 671 5175; x_wconf 88' lang='lat' dir='ltr'><strong>generationem</strong></span> <span class='ocrx_word' id='word_1_755' title='bbox 707 5113 741 5156; x_wconf 91' lang='lat' dir='ltr'><strong>se</strong></span> <span class='ocrx_word' id='word_1_756' title='bbox 776 5089 941 5173; x_wconf 86' lang='lat' dir='ltr'><strong>expandit.</strong></span> <span class='ocrx_word' id='word_1_757' title='bbox 993 5089 1060 5153; x_wconf 91' lang='lat' dir='ltr'><strong>Re·</strong></span> <span class='ocrx_word' id='word_1_758' title='bbox 1110 5093 1215 5158; x_wconf 89' lang='lat' dir='ltr'><strong>latare</strong></span> <span class='ocrx_word' id='word_1_759' title='bbox 1232 5092 1405 5173; x_wconf 88' lang='lat' dir='ltr'><strong>accipiunt.</strong></span> <span class='ocrx_word' id='word_1_760' title='bbox 1442 5093 1536 5174; x_wconf 77' lang='lat' dir='ltr'><strong>Quae</strong></span> <span class='ocrx_word' id='word_1_761' title='bbox 1553 5092 1713 5174; x_wconf 88' lang='lat' dir='ltr'><strong>expositio</strong></span> <span class='ocrx_word' id='word_1_762' title='bbox 1732 5093 1759 5154; x_wconf 87' lang='lat' dir='ltr'><strong>si</strong></span> <span class='ocrx_word' id='word_1_763' title='bbox 1781 5089 1946 5172; x_wconf 87' lang='lat' dir='ltr'><strong>recipitur,</strong></span> <span class='ocrx_word' id='word_1_764' title='bbox 1964 5110 2079 5154; x_wconf 89' lang='lat' dir='ltr'><strong>sensus</strong></span> 
     </span>
    </p>
   </div>
   <div class='ocr_carea' id='block_1_3' title="bbox 84 5174 2078 5433">
    <p class='ocr_par' dir='ltr' id='par_1_3' title="bbox 84 5174 2078 5433">
     <span class='ocr_line' id='line_1_55' title="bbox 86 5174 2078 5260; baseline -0.001 -18"><span class='ocrx_word' id='word_1_765' title='bbox 86 5176 249 5260; x_wconf 86' lang='lat' dir='ltr'><strong>spondeo,</strong></span> <span class='ocrx_word' id='word_1_766' title='bbox 277 5179 457 5260; x_wconf 88' lang='lat' dir='ltr'><strong>scripturae</strong></span> <span class='ocrx_word' id='word_1_767' title='bbox 486 5180 590 5243; x_wconf 83' lang='lat' dir='ltr'><strong>verbis</strong></span> <span class='ocrx_word' id='word_1_768' title='bbox 620 5198 687 5241; x_wconf 91' lang='lat' dir='ltr'><strong>non</strong></span> <span class='ocrx_word' id='word_1_769' title='bbox 719 5177 893 5260; x_wconf 89' lang='lat' dir='ltr'><strong>praescribi</strong></span> <span class='ocrx_word' id='word_1_770' title='bbox 924 5175 995 5240; x_wconf 91' lang='lat' dir='ltr'><strong>Deo</strong></span> <span class='ocrx_word' id='word_1_771' title='bbox 1016 5175 1061 5238; x_wconf 89' lang='lat' dir='ltr'><strong>le-</strong></span> <span class='ocrx_word' id='word_1_772' title='bbox 1111 5179 1189 5256; x_wconf 89' lang='lat' dir='ltr'><strong>erit,</strong></span> <span class='ocrx_word' id='word_1_773' title='bbox 1212 5178 1363 5242; x_wconf 88' lang='lat' dir='ltr'><strong>Posteros</strong></span> <span class='ocrx_word' id='word_1_774' title='bbox 1380 5176 1536 5260; x_wconf 90' lang='lat' dir='ltr'><strong>Iapbsth,</strong></span> <span class='ocrx_word' id='word_1_775' title='bbox 1558 5176 1615 5241; x_wconf 92' lang='lat' dir='ltr'><strong>ubi</strong></span> <span class='ocrx_word' id='word_1_776' title='bbox 1632 5176 1673 5241; x_wconf 89' lang='lat' dir='ltr'><strong>ad</strong></span> <span class='ocrx_word' id='word_1_777' title='bbox 1695 5188 1824 5258; x_wconf 87' lang='lat' dir='ltr'><strong>tempus</strong></span> <span class='ocrx_word' id='word_1_778' title='bbox 1847 5174 1951 5240; x_wconf 88' lang='lat' dir='ltr'><strong>dissiti</strong></span> <span class='ocrx_word' id='word_1_779' title='bbox 1973 5190 2006 5238; x_wconf 88' lang='lat' dir='ltr'><strong>et</strong></span> <span class='ocrx_word' id='word_1_780' title='bbox 2028 5196 2078 5240; x_wconf 91' lang='lat' dir='ltr'><strong>re-</strong></span> 
     </span>
     <span class='ocr_line' id='line_1_56' title="bbox 86 5259 2078 5348; baseline -0.002 -21"><span class='ocrx_word' id='word_1_781' title='bbox 86 5284 165 5348; x_wconf 83' lang='lat' dir='ltr'><strong>gem</strong></span> <span class='ocrx_word' id='word_1_782' title='bbox 190 5283 285 5343; x_wconf 91' lang='lat' dir='ltr'><strong>quam</strong></span> <span class='ocrx_word' id='word_1_783' title='bbox 307 5261 357 5327; x_wconf 94' lang='lat' dir='ltr'><strong>illi</strong></span> <span class='ocrx_word' id='word_1_784' title='bbox 377 5264 560 5347; x_wconf 86' lang='lat' dir='ltr'><strong>transgredi</strong></span> <span class='ocrx_word' id='word_1_785' title='bbox 580 5285 645 5328; x_wconf 91' lang='lat' dir='ltr'><strong>non</strong></span> <span class='ocrx_word' id='word_1_786' title='bbox 667 5263 778 5341; x_wconf 89' lang='lat' dir='ltr'><strong>liccat,</strong></span> <span class='ocrx_word' id='word_1_787' title='bbox 800 5285 841 5327; x_wconf 91' lang='lat' dir='ltr'><strong>ne</strong></span> <span class='ocrx_word' id='word_1_788' title='bbox 864 5263 944 5326; x_wconf 89' lang='lat' dir='ltr'><strong>liber</strong></span> <span class='ocrx_word' id='word_1_789' title='bbox 961 5264 1004 5325; x_wconf 91' lang='lat' dir='ltr'><strong>sit</strong></span> <span class='ocrx_word' id='word_1_790' title='bbox 1027 5261 1060 5324; x_wconf 93' lang='lat' dir='ltr'><strong>in</strong></span> <span class='ocrx_word' id='word_1_791' title='bbox 1113 5264 1192 5339; x_wconf 83' lang='lat' dir='ltr'><strong>moti</strong></span> <span class='ocrx_word' id='word_1_792' title='bbox 1215 5264 1370 5327; x_wconf 90' lang='lat' dir='ltr'><strong>fuerinte</strong></span> <span class='ocrx_word' id='word_1_793' title='bbox 1393 5263 1608 5329; x_wconf 84' lang='lat' dir='ltr'><strong>tabernaculis</strong></span> <span class='ocrx_word' id='word_1_794' title='bbox 1631 5261 1719 5338; x_wconf 89' lang='lat' dir='ltr'><strong>Sem,</strong></span> <span class='ocrx_word' id='word_1_795' title='bbox 1742 5282 1921 5343; x_wconf 91' lang='lat' dir='ltr'><strong>expansum</strong></span> <span class='ocrx_word' id='word_1_796' title='bbox 1947 5259 2078 5324; x_wconf 90' lang='lat' dir='ltr'><strong>tandem</strong></span> 
     </span>
     <span class='ocr_line' id='line_1_57' title="bbox 84 5345 2077 5433; baseline -0.003 -19"><span class='ocrx_word' id='word_1_797' title='bbox 84 5347 264 5433; x_wconf 89' lang='lat' dir='ltr'><strong>puniendis</strong></span> <span class='ocrx_word' id='word_1_798' title='bbox 282 5349 423 5430; x_wconf 89' lang='lat' dir='ltr'><strong>peccatis</strong></span> <span class='ocrx_word' id='word_1_799' title='bbox 439 5349 525 5413; x_wconf 88' lang='lat' dir='ltr'><strong>ultra</strong></span> <span class='ocrx_word' id='word_1_800' title='bbox 541 5361 681 5431; x_wconf 91' lang='lat' dir='ltr'><strong>quatuor</strong></span> <span class='ocrx_word' id='word_1_801' title='bbox 698 5350 933 5432; x_wconf 89' lang='lat' dir='ltr'><strong>generationes.</strong></span> <span class='ocrx_word' id='word_1_802' title='bbox 966 5345 1063 5429; x_wconf 87' lang='lat' dir='ltr'><strong>Spee-</strong></span> <span class='ocrx_word' id='word_1_803' title='bbox 1111 5349 1163 5426; x_wconf 91' lang='lat' dir='ltr'><strong>iri,</strong></span> <span class='ocrx_word' id='word_1_804' title='bbox 1187 5359 1223 5413; x_wconf 94' lang='lat' dir='ltr'><strong>ut</strong></span> <span class='ocrx_word' id='word_1_805' title='bbox 1244 5350 1376 5432; x_wconf 90' lang='lat' dir='ltr'><strong>propius</strong></span> <span class='ocrx_word' id='word_1_806' title='bbox 1398 5351 1562 5428; x_wconf 87' lang='lat' dir='ltr'><strong>accedant,</strong></span> <span class='ocrx_word' id='word_1_807' title='bbox 1586 5361 1618 5412; x_wconf 89' lang='grc' dir='ltr'><strong>ει</strong></span> <span class='ocrx_word' id='word_1_808' title='bbox 1639 5346 1738 5412; x_wconf 91' lang='lat' dir='ltr'><strong>simul</strong></span> <span class='ocrx_word' id='word_1_809' title='bbox 1760 5347 1908 5412; x_wconf 89' lang='lat' dir='ltr'><strong>habitent</strong></span> <span class='ocrx_word' id='word_1_810' title='bbox 1929 5347 2021 5429; x_wconf 85' lang='lat' dir='ltr'><strong>quasi</strong></span> <span class='ocrx_word' id='word_1_811' title='bbox 2042 5347 2077 5410; x_wconf 84' lang='lat' dir='ltr'><strong>ia</strong></span> 
     </span>
    </p>
   </div>
   <div class='ocr_carea' id='block_1_4' title="bbox 0 0 2504 6208">
    <p class='ocr_par' dir='ltr' id='par_1_4' title="bbox 0 0 2504 6208">
     <span class='ocr_line' id='line_1_58' title="bbox 0 0 2504 6208; baseline 0 4"><span class='ocrx_word' id='word_1_812' title='bbox 0 0 2504 6208; x_wconf 95' lang='lat' dir='ltr'><strong> </strong></span> 
     </span>
    </p>
   </div>
  </div>
 </body>
</html>
