5000 6208
164 371 224 435 189

160 564 220 622 rat.
267 556 377 638 Quare
401 557 556 623 divitibus
578 558 683 622 omnis
705 559 869 624 excusatio
892 558 1026 637 tollitur,
1050 559 1134 624 siin

161 651 250 708 terra
284 642 399 718 defixi,
441 642 482 708 ad
514 642 581 708 Dei
616 643 820 708 vocationem
853 665 917 710 non
951 645 1133 710 attendunt.

162 729 357 811 Quanquam
381 728 444 793 duo
468 729 521 794 hio
550 737 698 794 extrema
727 728 874 795 cavenda
903 739 988 795 sunt.
1034 731 1134 795 Multi

158 815 391 898 perfectionem
422 814 602 898 angelicam
633 815 834 880 constituunt
864 815 901 879 in
933 825 1133 898 paupertate,

159 921 197 966 ae
220 903 247 966 si
276 901 431 982 pietatem
459 901 578 980 colere,
609 909 641 964 et
663 900 771 965 Deum
800 901 889 984 sequi
920 922 985 966 non
1013 902 1133 980 liceret,

160 987 225 1050 nisi
247 984 382 1051 abiectis
403 986 535 1051 divitiis.
580 987 682 1051 Pauci
704 985 836 1068 quidem
853 987 987 1052 Oratam
1006 985 1133 1052 Theba·

158 1092 240 1136 num
273 1073 458 1150 imitantur,
491 1073 545 1155 qui
579 1072 615 1136 in
644 1093 734 1136 mare
766 1072 905 1155 proiecit
936 1093 1013 1155 opes
1047 1093 1134 1154 snas,

158 1156 244 1240 qnod
266 1178 302 1223 se
324 1159 392 1222 lore
414 1158 542 1223 salvum
572 1157 637 1222 nisi
658 1158 724 1223 illis
746 1157 881 1240 perditis
904 1179 969 1223 non
991 1168 1132 1241 putaret.

157 1243 259 1307 Multi
292 1252 400 1308 tamen
431 1243 611 1325 phanatici,
643 1242 760 1309 divites
790 1244 901 1326 procul
928 1245 1134 1326 repellente

158 1351 216 1412 spe
250 1329 382 1394 salutis:
416 1349 453 1392 ac
486 1330 513 1394 si
542 1329 613 1394 sola
644 1335 822 1414 paupertas
854 1329 1017 1394 coelorum
1048 1339 1133 1396 esset

156 1416 273 1478 ianua:
298 1436 379 1497 quae
398 1423 507 1479 tamen
529 1415 678 1497 pluribus
700 1414 942 1498 impedimentis
964 1415 1132 1481 interdum

157 1500 308 1564 homines
328 1500 467 1565 involvit
483 1521 580 1583 quam
599 1499 740 1565 divitiae.
770 1501 859 1565 Scite
878 1510 986 1565 autem
999 1503 1131 1586 Augus-

158 1586 249 1650 tinus
272 1586 328 1669 qui
359 1584 477 1650 divites
504 1586 702 1668 pauperibus
730 1587 903 1670 aggregari
931 1586 1083 1652 admonet
1113 1609 1133 1652 a

156 1672 227 1736 Deo
257 1671 289 1734 in
321 1669 459 1736 eandem
487 1673 576 1737 vitae
604 1670 855 1736 haereditatem:
888 1673 964 1755 quia
985 1673 1132 1738 Lazarus

155 1777 283 1839 pauper
311 1757 344 1821 in
375 1759 482 1822 sinum
513 1756 624 1822 divitis
652 1756 806 1822 Abrahae
839 1769 988 1841 receptus
1022 1759 1129 1824 fuerit.

154 1843 288 1907 Rursus
320 1841 502 1908 cavendum
535 1851 586 1908 est
608 1843 648 1908 ab
679 1844 781 1908 altero
810 1844 908 1924 vitio,
938 1866 980 1909 ne
1006 1845 1131 1910 scilicet

154 1948 319 1993 remoram
342 1926 491 1994 iniiciant
514 1926 663 2006 divitiae,
691 1929 742 1994 vel
765 1950 824 1994 nos
848 1939 1030 2014 aggravent
1052 1953 1129 2014 quo-

153 2016 266 2078 minus
288 2013 433 2096 expediti
453 2035 628 2098 pergamus
649 2016 684 2078 in
708 2036 845 2098 regnum
869 2016 1042 2081 coelorum.

242 2101 273 2165 3.
297 2099 341 2164 Et
366 2101 504 2183 perexit
525 2121 587 2182 per
608 2099 814 2182 profectiones
839 2121 925 2166 suae.
971 2102 1033 2166 His
1057 2124 1129 2168 ver-

153 2187 204 2250 bis
227 2185 322 2252 docet
340 2186 459 2263 Moses,
483 2207 548 2249 non
571 2187 662 2268 prius
681 2187 843 2268 quievisse
862 2189 1003 2267 Abram,
1031 2209 1128 2271 quam

153 2293 307 2337 reversus
336 2279 422 2336 esset
447 2273 481 2336 in
503 2271 631 2336 Bethel.
676 2273 760 2338 Nam
792 2273 853 2337 etsi
883 2275 1128 2339 tabernaculum

152 2355 293 2422 tetendit
315 2355 427 2422 multis
449 2358 482 2421 in
506 2357 600 2437 locis,
630 2357 746 2422 nullibi
774 2366 885 2423 tamen
912 2359 985 2424 lixit
1012 2359 1128 2442 pedem

149 2454 186 2507 ut
209 2445 307 2507 firma
328 2442 376 2507 illi
399 2453 485 2508 esset
514 2444 620 2508 statio.
666 2443 875 2508 Demeridie
897 2445 1128 2526 conloquitur

149 2541 302 2611 respectu
324 2530 483 2613 Aegypti:
514 2529 572 2592 sed
599 2529 754 2612 intelligit
782 2532 912 2594 venisse
938 2531 970 2594 in
999 2541 1125 2613 partem

147 2614 293 2678 Iudaeae
314 2615 506 2680 australem:
530 2617 638 2697 itaque
661 2615 758 2698 longo
781 2616 898 2679 itinere
916 2626 949 2680 et
968 2615 1126 2682 molestiis

147 2699 246 2850 glano
270 2701 305 2763 in
328 2721 401 2765 aum
433 2700 539 2765 locum
561 2701 699 2777 venisse,
722 2700 779 2765 ubi
802 2721 934 2766 manere
956 2711 1124 2768 statuerat.

176 2786 293 2850 abiicit
315 2784 431 2851 deinde
453 2786 572 2864 Moses,
595 2797 739 2850 erectum
762 2786 861 2851 fuisse
882 2787 949 2853 illio
970 2789 1060 2870 prius
1084 2790 1124 2855 ab

148 2893 186 2936 eo
210 2872 331 2949 altare,
358 2883 391 2935 et
412 2879 490 2937 tunc
513 2890 640 2954 quoque
662 2873 829 2937 invocasse
853 2872 892 2936 de
914 2873 1042 2957 integro
1065 2896 1123 2939 no-

146 2979 223 3021 men
244 2957 395 3022 Domini:
418 2967 456 3020 ut
473 2958 612 3022 sciamus
630 2969 778 3022 sanetum
797 2958 905 3022 virum
927 2961 961 3022 in
981 2961 1051 3023 Dec
1071 2982 1122 3025 co-

146 3042 247 3108 lendo
275 3052 308 3107 et
336 3042 487 3107 testanda
517 3043 636 3124 pietate
663 3063 793 3126 semper
821 3045 870 3108 sui
899 3045 1000 3108 fuisse
1032 3047 1123 3110 aimi-

146 3129 223 3194 lem.
270 3127 365 3209 Quod
400 3137 571 3212 exponunt
599 3128 745 3211 quidam,
779 3128 839 3194 loci
867 3131 990 3196 incolas
1023 3131 1123 3196 luisse

146 3214 309 3280 adductos
332 3213 371 3279 ad
394 3236 511 3297 purum
535 3213 599 3278 Dei
622 3214 761 3292 cultum,
784 3235 844 3279 nec
867 3217 1042 3280 verisimile
1065 3227 1122 3297 est,

146 3321 208 3366 nee
231 3322 274 3364 ex
297 3299 406 3364 verbis
436 3299 573 3366 elicitur.
618 3300 770 3366 Diximus
800 3308 909 3365 autem
939 3301 1016 3366 alibi
1045 3303 1123 3384 quid

147 3386 261 3452 valeat
282 3386 364 3452 haec
387 3387 547 3468 loquutio:
576 3385 735 3451 Invceare
765 3386 799 3448 in
822 3389 954 3451 nomine
977 3387 1122 3466 Domini,

144 3472 199 3537 vel
223 3493 348 3535 nomen
370 3472 519 3536 Domini:
548 3492 666 3553 nempe
690 3472 836 3553 profiteri
866 3493 980 3538 verum
1003 3495 1041 3539 ac
1062 3496 1123 3556 pu·

143 3578 220 3622 rum
240 3555 307 3621 Dei
329 3556 463 3621 cultum.
501 3557 615 3640 Neque
633 3559 721 3621 enim
742 3556 913 3623 duodecies
934 3560 1038 3623 solum
1057 3573 1125 3624 tota

143 3645 218 3707 vita
247 3643 413 3708 invocavit
435 3641 542 3708 Deum
574 3642 714 3707 Abram:
745 3642 801 3707 scd
828 3666 927 3725 quum
956 3646 1047 3709 illum
1072 3668 1122 3711 ce·

143 3730 306 3806 lebrarct,
337 3749 374 3793 ac
406 3729 534 3793 solenni
561 3730 627 3794 ritu
655 3728 762 3812 palam
796 3730 916 3794 faceret
948 3731 1029 3795 nhil
1062 3733 1124 3798 eibi

142 3835 218 3880 esse
243 3834 416 3880 commune
438 3836 513 3880 eum
538 3817 686 3899 gentium
708 3816 1009 3897 superstitionibus,
1044 3831 1123 3882 tunc

143 3899 271 3964 dieitur
288 3900 455 3966 invocasse
476 3899 593 3966 Deum.
630 3900 791 3981 Quamvis
811 3921 889 3984 argo
907 3902 1016 3967 Deum
1038 3924 1122 3968 sem·

141 4007 205 4068 per
230 3986 378 4064 coluerit,
408 3999 498 4050 etse
525 3989 710 4053 exercuerit
736 3987 771 4050 in
800 3987 997 4069 quotidianis
1019 3989 1122 4072 preci-

141 4071 224 4138 bus:
257 4071 336 4154 quia
361 4079 471 4136 tamen
494 4093 560 4137 nun
588 4071 731 4153 quotidie
760 4085 897 4137 externa
926 4076 1123 4157 professione

141 4167 290 4224 testatus
308 4167 359 4221 est
378 4157 465 4239 apud
486 4157 635 4223 homines
657 4179 749 4222 suam
768 4159 933 4242 pictatem,
956 4161 1036 4226 haee
1058 4162 1124 4225 vir-

790 370 1161 438 OOMMENTARIUS
1184 372 1234 437 IN
1258 372 1472 438 GENESIN.

2094 377 2158 441 190

1187 561 1317 642 nepotis
1340 562 1521 644 proterviae
1550 561 1804 645 imputabimus?
1835 562 1937 647 Atqui
1962 563 2023 628 Dei
2050 565 2158 647 potius

1186 646 1358 710 consilium
1391 647 1601 730 spectandum
1636 647 1750 714 iudico.
1799 648 1987 714 Periculum
2017 659 2087 715 erat
2115 672 2158 715 nc

1186 730 1247 796 sibi
1270 732 1408 796 nimium
1429 733 1573 816 placeret
1595 735 1718 798 Abram
1740 735 1773 799 in
1797 755 1856 800 sua
1877 734 2024 801 fortuna:
2047 757 2158 818 quem-

1186 816 1360 882 admodum
1383 839 1436 882 res
1464 817 1626 886 secundae
1655 819 1812 902 plurimos
1840 831 2022 886 excaecant.
2067 823 2156 904 Ergo

1185 922 1281 984 opum
1313 903 1517 970 dulcedinem
1547 906 1639 987 quasi
1666 916 1757 972 aceto
1785 915 1946 988 temperat
1968 907 2074 972 Deus:
2096 926 2156 972 nea

1185 990 1309 1070 patitur
1347 991 1433 1055 servi
1466 991 1518 1054 sui
1559 992 1705 1055 animum
1743 991 1799 1056 illa
1838 992 1977 1056 nimium
2017 991 2155 1059 deliniri.

1186 1072 1295 1154 Quum
1325 1084 1434 1140 autem
1459 1074 1560 1140 fallax
1587 1076 1696 1158 opinio
1725 1076 1766 1141 ad
1793 1076 1925 1144 divitias
1954 1078 2029 1162 plus
2053 1099 2156 1162 aequo

1185 1159 1383 1241 appetendas
1406 1183 1466 1226 nos
1487 1161 1650 1244 impellat,
1680 1164 1844 1244 quianon
1873 1164 2031 1228 sentimus
2053 1185 2156 1246 quan·

1185 1251 1235 1308 tas
1253 1247 1534 1313 incommoditates
1552 1269 1661 1313 secum
1682 1248 1824 1326 trahant,
1849 1249 1954 1314 valeat
1972 1249 2069 1315 buius
2088 1251 2154 1315 his·

1185 1330 1289 1394 toriae
1317 1333 1474 1396 memoria
1502 1333 1541 1397 ad
1577 1332 1790 1398 cohibendum
1819 1333 1913 1398 illum
1945 1336 2155 1400 immodicum

1184 1435 1337 1482 amorem.
1380 1418 1508 1483 Deinde
1537 1420 1661 1502 quoties
1690 1419 1812 1502 aliquid
1834 1420 2001 1485 molestiae
2023 1443 2065 1485 ex
2087 1424 2155 1486 suis

1183 1503 1283 1584 copiis
1310 1505 1457 1572 sentiunt
1480 1503 1613 1585 divites,
1641 1506 1703 1570 hae
1730 1505 1891 1570 medicina
1907 1527 2060 1590 purgare
2083 1509 2154 1571 ani·

1184 1607 1253 1652 mos
1276 1609 1352 1654 suos
1375 1589 1518 1666 discant,
1546 1612 1587 1655 ne
1616 1591 1841 1673 praesentibus
1864 1592 1956 1657 bonis
1978 1592 2064 1657 ultra
2085 1615 2154 1658 mo-

1184 1672 1261 1737 dum
1290 1675 1356 1739 sint
1385 1675 1514 1740 addicti.
1565 1677 1609 1739 Et
1638 1697 1716 1741 sane
1745 1677 1810 1742 nisi
1837 1677 1986 1742 fraenum
2019 1678 2155 1745 subinde

1183 1759 1332 1824 iniiceret
1354 1759 1529 1840 Dominus,
1557 1782 1621 1843 quo
1650 1763 1836 1828 laberentur
1859 1761 2024 1842 homines,
2053 1785 2154 1846 quum

1183 1846 1345 1927 prosperis
1373 1846 1469 1912 rebus
1497 1846 1676 1911 diffluunt?
1707 1848 1835 1914 Rursus
1864 1849 1891 1913 si
1919 1849 1954 1912 in
1983 1851 2155 1932 angustias

1181 1933 1342 2013 cogimur,
1372 1932 1514 1997 sciamus
1535 1932 1597 1999 hoc
1625 1954 1750 2017 quoque
1772 1934 1867 1999 medo
1889 1933 1997 1998 Deum
2020 1931 2155 2002 occultis

1180 2017 1288 2082 carnis
1314 2026 1444 2082 nostrae
1474 2018 1563 2084 vitiis
1591 2018 1723 2083 mederi.
1767 2019 1932 2102 Denique,
1966 2021 2022 2102 qui
2050 2023 2153 2087 abun-

1181 2102 1278 2180 dant,
1300 2105 1402 2185 spinis
1421 2125 1456 2169 se
1478 2104 1694 2169 circumdatos
1712 2125 1782 2170 esse
1804 2107 2022 2183 meminerint,
2045 2115 2078 2171 et
2100 2128 2153 2174 ca·

1180 2199 1280 2253 veant
1305 2211 1347 2253 ne
1375 2199 1573 2274 pungantur.
1626 2189 1754 2270 Quibus
1783 2213 1835 2256 res
1863 2199 1942 2257 sunt
1965 2201 2089 2270 arctae,
2120 2201 2153 2258 et

1180 2275 1284 2358 magis
1306 2275 1487 2352 restrictae,
1517 2277 1623 2341 sciant
1652 2277 1809 2342 divinitus
1837 2276 1897 2342 sibi
1926 2279 2080 2360 prospici,
2110 2299 2151 2343 ne

1179 2360 1275 2424 malis
1308 2368 1340 2424 et
1373 2361 1479 2426 noxiis
1510 2361 1636 2444 laqueis
1675 2362 1894 2446 implicentur.
1950 2364 2057 2428 'l'riste
2090 2364 2151 2428 luit

1179 2444 1240 2510 hoe
1272 2443 1450 2511 divortium
1483 2448 1593 2512 Abrae
1625 2449 1746 2513 animo:
1780 2449 1836 2514 sed
1869 2448 2008 2513 multum
2042 2451 2151 2532 potuit

1177 2530 1256 2594 mali
1280 2532 1410 2596 latentis
1432 2533 1610 2614 corrigere,
1640 2555 1681 2598 ne
1704 2533 1853 2598 ardorem
1876 2535 1934 2598 zeli
1958 2535 2028 2600 eius
2050 2536 2150 2599 suffo-

1179 2625 1293 2680 carent
1325 2637 1410 2699 opes.
1465 2617 1560 2698 Quod
1594 2618 1623 2684 si
1656 2618 1714 2683 tali
1747 2619 1890 2684 antidoto
1921 2640 2002 2702 opus
2035 2619 2151 2686 habuit

1177 2702 1320 2782 Abram,
1350 2723 1391 2766 ne
1421 2705 1577 2768 miremur
1598 2706 1626 2769 si
1648 2703 1740 2770 Deus
1769 2725 1865 2787 saepe
1893 2706 2018 2771 inflicta
2042 2706 2151 2789 aliqua

1176 2787 1273 2870 plaga
1301 2797 1449 2853 nostram
1477 2789 1643 2855 lasciviam
1672 2791 1874 2872 comprimat.
1924 2791 2037 2874 Neque
2060 2793 2150 2856 enim

1177 2893 1305 2956 semper
1327 2884 1494 2959 exspectat
1516 2875 1594 2940 dum
1616 2877 1697 2958 lapsi
1720 2875 1843 2941 luerint
1865 2875 1986 2956 fideles,
2009 2876 2066 2941 sed
2085 2877 2150 2943 illis

1176 2958 1210 3021 in
1234 2961 1378 3024 futurum
1402 2961 1563 3045 prospicit.
1605 2959 1662 3027 Sic
1679 2961 1791 3027 Abrae
1813 2962 1900 3027 servi
1923 2963 1973 3026 sui
1995 2983 2062 3026 non
2080 2983 2149 3028 eor·

1175 3046 1262 3108 rexit
1283 3047 1470 3124 avaritiam,
1501 3048 1553 3112 vel
1580 3047 1782 3131 superbiam,
1812 3045 1868 3112 sed
1899 3048 2075 3131 anticipato
2098 3070 2148 3113 re-

1174 3130 1281 3194 medio
1303 3132 1412 3196 effecit
1438 3152 1480 3196 ne
1502 3131 1620 3215 quibus
1647 3133 1807 3200 illecebris
1837 3134 1909 3198 eius
1930 3135 2076 3198 animum
2097 3135 2147 3199 in-

1175 3217 1286 3281 ficeret
1309 3215 1420 3281 Satan.

1262 3303 1290 3366 7.
1313 3302 1358 3365 Er
1375 3304 1438 3384 fuit
1466 3304 1622 3369 eontentio.
1667 3302 1764 3384 Quod
1786 3303 1851 3369 iam
1884 3303 1978 3388 attigi
2002 3305 2042 3370 de
2065 3305 2148 3369 divi·

1175 3389 1238 3466 tiis,
1262 3388 1302 3453 de
1323 3409 1442 3472 magno
1465 3390 1563 3453 etiam
1585 3389 1746 3453 famulitio
1769 3390 1975 3456 sentiendum
1993 3398 2051 3456 est.
2088 3392 2148 3454 Vi-

1175 3473 1290 3539 demus
1315 3495 1410 3556 quam
1441 3475 1611 3540 ambitiose
1647 3475 1743 3539 multi
1771 3475 1938 3560 ingentem
1976 3497 2147 3541 servorum

1175 3561 1303 3624 turbam
1340 3569 1372 3624 et
1403 3562 1494 3642 quasi
1528 3560 1685 3642 populum
1727 3571 1890 3644 appetant.
1946 3560 2012 3626 Sed
2046 3583 2147 3643 quum

1175 3646 1258 3710 tanti
1297 3646 1480 3710 constiterit
1513 3645 1622 3711 Abrae
1655 3667 1776 3730 magna
1809 3647 1945 3726 familia,
1985 3646 2147 3712 diseamus

1174 3732 1286 3813 paucis
1304 3730 1435 3795 famulis
1453 3731 1593 3796 libenter
1610 3733 1754 3797 contenti
1774 3754 1853 3810 esse,
1872 3734 1923 3796 vel
1943 3735 2039 3796 etiam
2059 3755 2147 3815 pror-

1174 3837 1230 3881 sus
1249 3838 1368 3896 carere,
1391 3817 1418 3881 si
1441 3817 1487 3881 ita
1508 3816 1650 3881 Domine
1673 3819 1779 3882 visum
1798 3817 1905 3882 fuerit.
1947 3820 2035 3882 Fieri
2058 3821 2146 3883 enim

1173 3904 1231 3968 vix
1253 3911 1361 3984 potest
1381 3905 1458 3986 quin
1481 3923 1600 3986 magno
1622 3905 1759 3986 strepitu
1779 3907 1953 3968 misceatur
1975 3904 2090 3968 domus
2112 3905 2146 3968 in

1174 4007 1294 4072 magno
1316 3987 1486 4053 hominum
1515 4010 1661 4053 numero.
1708 3991 1751 4052 lit
1773 4013 1851 4054 usne
1881 3991 2068 4072 comprobat
2090 4011 2146 4054 ve-

1174 4095 1249 4138 rum
1266 4095 1349 4138 esse
1383 4076 1605 4156 proverbium,
1641 4079 1722 4154 qnod
1754 4077 1848 4139 turba
1871 4077 1939 4140 lere
1965 4076 2008 4140 sit
2034 4075 2146 4140 turbu·

1174 4161 1272 4225 lenta.
1329 4160 1398 4223 Iam
1432 4161 1459 4224 si
1491 4161 1726 4224 inaestimabile
1761 4161 1881 4224 bonum
1913 4169 1964 4226 est
1991 4163 2082 4243 quies
2114 4169 2147 4224 et

142 4255 197 4308 tus
230 4242 416 4326 specialiter
444 4243 597 4308 laudatur
625 4264 643 4307 a
667 4245 768 4309 Mese.
814 4245 891 4309 Ideo
920 4267 994 4312 cum
1028 4247 1123 4312 altari
1175 4247 1407 4327 tranquillitas,
1442 4247 1582 4310 sciamus
1616 4248 1737 4328 optinre
1770 4247 1862 4310 nobis
1894 4247 2035 4324 consuli,
2068 4246 2147 4310 dum

141 4328 246 4394 debet
268 4328 421 4410 coniungi
443 4329 621 4396 invocatio:
645 4330 729 4411 qued
752 4330 872 4396 scilicet
890 4331 1007 4398 oblatis
1025 4333 1124 4397 saeri-
1174 4334 1324 4413 exigunn
1349 4331 1505 4396 habemus
1528 4333 1675 4411 domum,
1704 4342 1737 4395 et
1759 4330 1891 4396 famulis
1913 4332 2032 4414 privati
2053 4343 2147 4396 extra

141 4416 231 4480 ficiis
267 4423 405 4478 testatus
435 4424 485 4480 est
514 4437 609 4498 quem
639 4416 746 4481 Deum
776 4417 910 4494 celeret,
939 4428 977 4482 ut
1003 4417 1124 4484 scirent
1175 4419 1352 4481 tumultum
1377 4419 1533 4499 deginrus.
1580 4416 1725 4482 Sollicite
1752 4417 1849 4481 etiam
1873 4414 2053 4483 cavendum
2075 4436 2146 4480 esse

142 4499 342 4566 Chananaei
364 4522 428 4565 non
458 4523 528 4566 esse
557 4501 705 4566 deditum
736 4504 962 4568 communibus
989 4504 1123 4569 idolola-
1147 4545 1151 4621 Ι
1175 4525 1345 4566 moriemur
1377 4504 1436 4566 lroc
1466 4503 1615 4585 exemplo
1643 4524 1683 4567 ne
1715 4501 1818 4567 Satan
1850 4501 1989 4584 obliquis
2023 4501 2146 4567 artibus

140 4588 227 4652 triis.
1177 4611 1234 4652 nos
1257 4591 1288 4650 in
1314 4589 1691 4655 certamencommittat.
1731 4589 1796 4653 Ubi
1818 4589 1906 4652 enim
1928 4596 2043 4652 mutua
2058 4591 2147 4652 inter

234 4672 266 4737 5.
293 4671 336 4736 Er
363 4673 455 4737 diam
484 4673 549 4752 ipsi
575 4672 641 4738 Lot.
688 4671 843 4755 Sequitur
875 4675 1124 4739 incommoditas
1176 4697 1233 4738 nos
1254 4674 1326 4736 odia
1349 4675 1523 4738 accendere
1546 4695 1612 4738 non
1634 4681 1750 4756 potest,
1772 4672 1887 4739 alienis
1910 4675 1991 4738 rixis
2014 4695 2073 4739 nos
2095 4674 2145 4736 in·

140 4779 245 4842 quam
272 4778 315 4821 ex
337 4761 404 4821 suis
426 4756 549 4822 divitiis
571 4779 685 4840 passus
708 4771 757 4823 est
775 4758 908 4839 Abram,
930 4761 1014 4841 quod
1037 4761 1123 4824 soili-
1176 4761 1284 4824 volvit.
1335 4759 1521 4824 Concordes
1551 4771 1645 4824 erant
1672 4761 1819 4823 interae
1848 4761 1914 4824 Lot
1941 4769 1974 4822 et
2003 4761 2144 4824 Abram:

141 4857 195 4911 cet
220 4866 242 4908 a
266 4851 383 4926 nepote
407 4864 473 4923 sue,
496 4865 591 4926 quem
612 4845 706 4910 unice
729 4845 873 4920 amabat,
897 4845 1030 4910 avulsus
1054 4848 1123 4909 fno-
1174 4845 1230 4910 sed
1252 4847 1415 4909 contentio
1438 4845 1525 4909 inter
1546 4855 1693 4926 pastores
1715 4855 1828 4909 exorta
1850 4846 1970 4910 invitos
1989 4846 2085 4927 rapit,
2107 4853 2145 4910 ut

140 4936 202 5008 rit,
242 4951 311 4994 non
345 4950 437 4995 secus
467 4950 504 4993 ac
537 4930 605 4994 suis
638 4932 822 4996 visceribus.
869 4929 965 4994 Certe
991 4931 1018 4995 si
1047 4930 1123 4996 data
1174 4941 1333 5010 cogantur
1361 4933 1443 4992 ulter
1468 4933 1507 4995 ab
1538 4932 1639 4996 alteru
1660 4929 1841 4996 discedere.
1892 4931 2006 5013 Neque
2034 4943 2144 4994 tamen

139 5017 268 5081 fuisset
290 5015 393 5096 optio,
421 5015 590 5082 maluisset
619 5015 748 5082 divitias
777 5017 915 5082 abiicere
937 5037 1035 5097 quam
1058 5016 1122 5082 dis·
1173 5016 1308 5081 dubium
1331 5033 1379 5079 eet
1403 5017 1481 5098 quin
1503 5037 1578 5082 snos
1599 5017 1739 5081 fideliter
1753 5017 1940 5082 instituerit
1956 5015 2079 5080 Abram
2102 5016 2144 5080 ad

139 5104 330 5168 cessionem
355 5101 394 5165 ab
415 5121 453 5165 eo
475 5101 595 5181 facere,
625 5123 721 5184 quem
745 5104 812 5167 loeo
834 5103 919 5166 unici
943 5102 1000 5165 filii
1025 5101 1121 5167 habe·
1172 5101 1345 5167 fovendam
1366 5123 1495 5185 pacem.-
1512 5101 1567 5166 sed
1586 5124 1649 5166 non
1669 5110 1797 5167 tantum
1815 5103 2019 5185 profecitsuo
2036 5102 2145 5166 studio

137 5189 213 5266 bat,
250 5206 319 5251 non
349 5196 458 5250 tamen
482 5186 569 5251 aliud
599 5189 739 5254 vitandis
768 5189 849 5252 rixis
871 5187 1050 5252 remedium
1073 5190 1122 5252 iu·
1174 5196 1207 5251 et
1223 5195 1342 5253 conatu
1362 5189 1438 5270 quin
1458 5188 1525 5252 illis
1547 5197 1702 5271 tanquam
1727 5188 1863 5254 flabellis
1884 5189 2061 5269 pessimum
2081 5186 2144 5252 dis·

138 5275 248 5340 venit.
295 5275 349 5336 An
373 5273 434 5338 hoc
455 5273 532 5336 mali
554 5273 606 5337 vel
630 5275 749 5340 nimiae
771 5276 840 5338 eius
861 5274 1050 5352 morositati,
1070 5275 1122 5338 vel
1174 5275 1302 5340 cordiae
1324 5274 1435 5358 ignem
1458 5273 1544 5339 dorni
1567 5296 1644 5340 suae
1674 5295 1845 5340 accensum
1871 5274 1989 5340 videat.
2034 5271 2145 5353 Quare
