5000 6208
127 375 183 442 289
769 371 1139 443 COMMENTARIUS
1160 373 1211 440 IN
1233 371 1446 440 essesut.
2040 375 2106 444 290

125 583 245 646 aspersa
265 560 323 626 sit:
353 559 410 627 sed
432 565 559 625 tantum
582 566 681 644 negat
702 560 866 627 scortandi
888 559 1023 629 libidine
1044 583 1080 628 se
1131 561 1219 643 Quia
1246 581 1324 626 vero
1353 560 1513 646 propheta
1534 567 1584 628 est
1605 561 1790 642 Abraham,
1823 562 1915 647 quasi
1944 561 2105 630 mediator

124 669 178 732 per
204 646 429 732 tyrannidem,
460 645 514 711 vel
543 646 691 712 consulto
723 645 858 712 alterius
880 669 982 714 uxore
1010 669 1080 714 esse
1131 649 1218 714 inter
1239 647 1349 712 Deum
1382 657 1415 711 ει
1436 645 1629 714 Abimeleoh
1661 649 1825 716 statuitur.
1869 649 1952 714 Erat
1973 648 2104 732 quidem

125 733 260 800 abusum.
307 731 435 798 Scimus
463 742 620 814 quantum
649 732 780 797 intersit
807 733 894 799 inter
921 733 1025 800 scelus
1047 745 1082 800 et
1130 740 1211 798 tuno
1231 753 1360 816 quoque
1380 733 1495 800 unicus
1512 731 1671 799 mediator
1688 733 1855 800 Ohristus:
1877 733 1935 800 sed
1956 733 2017 800 hoo
2035 757 2101 800 non

124 819 281 886 delictum:
304 819 351 883 ita
368 839 433 884 non
453 819 567 900 quovis
583 827 678 884 reatu
696 837 731 890 se
749 818 864 882 eximit
881 817 1080 899 Abimelech,
1131 817 1280 885 obstabat
1306 819 1481 902 quominus
1502 819 1557 884 alii
1578 839 1637 902 pro
1666 818 1738 886 alus
1767 817 1931 902 deprecari
1953 829 2101 902 possent:

123 904 173 971 sed
194 913 318 969 tuntum
340 900 481 969 ostendit
503 903 625 968 nullius
646 923 682 969 se
703 905 869 969 conscium
892 905 992 971 fuisse
1014 927 1082 972 sce·
1130 904 1325 986 praesertim
1347 923 1425 970 vero
1446 913 1485 970 ut
1506 905 1641 989 quisque
1662 904 1878 971 sanctimonia
1896 903 2046 988 pollebat,
2069 913 2102 971 et

123 990 204 1066 loris,
229 999 353 1055 uttam
375 990 475 1055 atroci
505 988 661 1072 supplicio
689 989 857 1072 plectatur.
902 989 971 1056 Neo
991 991 1081 1057 aliud
1130 991 1202 1056 Deo
1224 1000 1296 1056 erut
1315 998 1480 1074 aceeptus:
1512 990 1785 1074 quemadmodum
1812 991 1977 1074 apostolus
1999 991 2101 1070 docet,

122 1085 166 1142 est
185 1075 289 1142 cordis
310 1074 500 1159 simplicitas
524 1096 622 1158 quam
642 1075 842 1159 ignorantia,
872 1096 954 1159 quae
976 1078 1080 1143 malae
1130 1075 1271 1141 multum
1302 1076 1413 1142 valere
1444 1075 1590 1142 assiduas
1618 1077 1698 1142 iusti
1724 1095 1836 1159 procos
1862 1075 1939 1162 (Iac.
1970 1076 2006 1154 5,
2038 1076 2102 1163 17).

122 1161 326 1227 conscientiae
347 1162 531 1246 opponitur.
567 1161 724 1226 Mannum
747 1181 827 1226 vero
848 1161 974 1227 iustitia
995 1161 1080 1227 nibil
1130 1161 1199 1228 Neo
1217 1182 1294 1227 vero
1312 1161 1405 1227 nobis
1423 1161 1618 1246 negligenda
1632 1170 1681 1228 est
1698 1161 1795 1228 hodie
1812 1161 1887 1228 talis
1903 1164 2102 1242 intercessio,

121 1267 208 1330 quam
230 1246 416 1325 moderatio,
438 1245 516 1312 dum
538 1267 558 1311 a
580 1248 612 1311 vi
630 1258 662 1312 et
683 1247 812 1312 iniuriis
834 1247 997 1312 abstinent
1021 1248 1079 1315 ho·
1131 1247 1226 1313 modo
1248 1269 1290 1313 ne
1312 1245 1438 1314 Christi
1468 1249 1607 1332 gratiam
1635 1248 1802 1328 obscuret,
1830 1248 1885 1314 vel
1913 1247 1954 1313 ab
1978 1269 2016 1314 so
2043 1270 2102 1316 nos

120 1333 226 1399 mines.
268 1332 442 1398 Caeterum
473 1331 553 1399 haee
586 1333 797 1416 interrogatio
830 1353 894 1415 qna
927 1342 1080 1400 nauseet
1130 1332 1275 1399 abducat.
1311 1332 1409 1414 Quod
1430 1344 1539 1400 autem
1558 1333 1619 1400 hoc
1640 1341 1814 1418 praetextu
1835 1333 1877 1399 ad
1898 1342 2101 1400 mortuorum

119 1417 311 1496 Abimelech,
334 1440 376 1482 ex
394 1419 556 1484 communi
579 1417 709 1500 pietatis
731 1437 830 1482 sensu
852 1417 997 1501 profecta
1013 1428 1077 1485 est:
1130 1419 1345 1501 patrocinium
1387 1418 1582 1504 confugiunt
1629 1419 1787 1502 papistae,
1838 1420 2000 1486 insulsum
2042 1429 2101 1486 est.

119 1524 187 1568 nam
220 1503 281 1569 hoc
313 1512 431 1570 natura
463 1523 591 1586 quoque
622 1501 736 1582 dicut,
765 1504 873 1569 Deum
901 1504 936 1569 in
965 1507 1079 1588 poeuis
1129 1503 1413 1585 Quemadmodum
1447 1505 1535 1569 enim
1563 1503 1618 1571 hio
1644 1503 1807 1571 Dominus
1832 1526 1899 1571 non
1926 1504 1967 1570 ad
1995 1505 2100 1584 Noah,

117 1588 294 1674 irrogandis
315 1610 446 1655 servare
467 1591 588 1654 iustum
607 1588 789 1655 discrimen.
1130 1588 1183 1655 vel
1205 1589 1247 1654 ud
1269 1589 1369 1655 alium
1390 1589 1575 1674 quempiam
1598 1611 1640 1656 ex
1662 1589 1800 1656 mortuis
1822 1590 1969 1673 patribus
1990 1611 2103 1657 aman·

195 1676 223 1740 6.
247 1675 357 1741 Etiam
385 1695 438 1758 eqo
465 1677 545 1740 aovi.
590 1675 643 1740 Ex
666 1674 725 1740 boo
747 1673 811 1739 Dei
836 1695 991 1759 responso
1012 1675 1078 1742 ool·
1132 1673 1189 1739 dat
1205 1696 1315 1758 regem
1328 1675 1444 1753 Gerar,
1463 1675 1520 1741 sed
1538 1675 1580 1741 ad
1597 1676 1713 1742 vivum
1730 1684 1763 1741 et
1780 1685 1985 1759 praesentem
1997 1676 2103 1744 Abra·

116 1760 240 1844 ligimus
280 1759 566 1846 (quemadmodum
604 1781 709 1844 nuper
741 1759 867 1846 monui)
901 1782 964 1826 non
998 1762 1079 1829 falso
1130 1758 1222 1825 ham:
1241 1761 1365 1826 itanon
1383 1760 1471 1826 aliud
1490 1761 1646 1828 habemus
1664 1771 1872 1846 praeceptum
1890 1783 1987 1846 quam
1999 1761 2103 1829 otalii

115 1856 263 1912 testatum
292 1845 392 1912 fuisse
415 1845 605 1912 Abimelsch
627 1844 668 1911 de
690 1868 750 1912 sua
778 1847 977 1930 integritate.
1022 1849 1078 1913 In·
1130 1866 1187 1928 pro
1200 1846 1272 1911 aliis
1283 1846 1427 1912 vicissim
1437 1846 1570 1924 orando,
1590 1848 1758 1912 cautatem
1775 1848 1861 1914 iuter
1878 1869 1938 1913 nos
1947 1849 2102 1916 colamus.

114 1933 203 1996 terim
230 1941 341 1997 tamen
371 1931 457 2014 quod
479 1932 641 1997 Dominus
669 1953 780 1998 veram
803 1930 872 1997 eius
900 1934 1080 1999 exeusatio-
1218 1932 1351 2013 Quodsi
1372 1938 1406 1997 tu
1427 1953 1487 1998 nou
1508 1933 1692 2000 reddideris.
1728 1933 1817 1999 Hinc
1839 1933 2030 1999 discendum
2052 1945 2102 2000 ost

114 2039 182 2082 nem
210 2039 282 2084 esse
313 2017 507 2097 concedens,
540 2017 753 2083 nihilominus
782 2019 890 2100 ipsum
923 2020 1076 2103 castigat:
1129 2037 1284 2098 quorsum
1312 2027 1461 2100 spectent
1488 2018 1596 2083 minae
1625 2026 1658 2083 et
1687 2016 1956 2086 denunciationes
1983 2020 2102 2103 quibus

114 2102 184 2169 hinc
213 2103 377 2169 diseamus
406 2125 470 2170 non
500 2124 634 2186 prorsus
661 2124 777 2170 vacare
806 2103 901 2185 cidpe
931 2106 987 2187 qui
1017 2105 1077 2171 bu·
1130 2101 1279 2168 homines
1300 2112 1402 2168 terret
1423 2102 1529 2170 Deus:
1552 2124 1669 2188 nempe
1690 2105 1852 2170 violenter
1872 2104 1914 2170 ad
1935 2108 2101 2189 poeniten-

113 2209 202 2254 maoo
224 2188 321 2255 modo
342 2191 414 2272 puri
437 2199 523 2254 sunt.
567 2189 685 2254 Nullus
713 2191 801 2254 enim
829 2201 895 2254 tam
917 2189 1024 2256 iustus
1045 2200 1078 2256 et
1130 2188 1209 2252 tiam
1242 2209 1296 2254 eos
1329 2188 1503 2272 nompellat
1531 2190 1587 2273 qui
1619 2189 1718 2255 nimis
1745 2188 1830 2255 tardi
1862 2199 1950 2257 sunt.
2001 2191 2101 2259 Initio

113 2274 303 2340 excusabilis
324 2283 476 2340 censetur
497 2295 604 2354 error,
625 2276 677 2341 cni
699 2296 765 2340 non
788 2273 911 2358 aliquid
933 2274 1077 2342 deterius
1129 2273 1272 2356 praecise
1294 2274 1416 2340 dictum
1437 2275 1559 2352 fuerat,
1582 2275 1632 2339 Tu
1654 2284 1804 2341 mortuus
1824 2296 1873 2341 es:
1904 2297 1991 2342 nuno
2008 2277 2100 2342 addi-

113 2358 288 2425 admixtum
318 2361 369 2426 sit.
414 2359 526 2440 Quare
549 2380 615 2426 non
644 2368 694 2425 est
721 2359 806 2444 quod
834 2382 870 2426 se
904 2362 1077 2445 quisquam
1129 2371 1184 2425 tur
1201 2359 1352 2438 conditio,
1372 2360 1443 2425 Nisi
1465 2359 1654 2426 reddideris.
1689 2360 1782 2426 Idem
1800 2369 1911 2426 umen
1932 2361 2101 2446 utriusque

112 2466 166 2510 suo
197 2447 317 2512 iudicio
350 2446 512 2511 absolvat:
545 2445 625 2530 quin
656 2446 763 2528 potius
789 2446 950 2513 discamus
979 2467 1076 2530 opera
1128 2447 1284 2512 orationis
1302 2454 1352 2510 est
1372 2465 1497 2526 sensus,
1515 2445 1573 2512 sed
1591 2447 1685 2512 initio
1702 2447 1849 2529 asperius
1866 2447 2018 2531 loquitur,
2037 2469 2099 2532 quo

111 2539 217 2597 nostra
234 2531 278 2596 ad
296 2552 434 2597 examen
454 2531 517 2596 Dei
536 2531 677 2615 exigere.
713 2531 826 2614 Neque
843 2534 929 2598 enim
953 2533 1075 2598 frustra
1127 2532 1239 2596 maiori
1262 2541 1386 2596 terrore
1414 2541 1616 2615 peccatorem
1639 2540 1764 2616 urgeat.
1809 2532 1904 2599 Nunc
1927 2542 2101 2616 postquam

110 2616 183 2683 dicit
195 2617 361 2698 Salomon,
380 2618 501 2683 Rectae
519 2615 671 2683 videntur
687 2617 873 2683 hominibus
891 2619 965 2683 viae
981 2638 1074 2685 suae:
1126 2617 1279 2683 subactus
1318 2622 1380 2698 est,
1412 2617 1584 2684 eonsilium
1611 2638 1706 2684 suum
1745 2617 1865 2684 clarius
1902 2621 2100 2702 exprimens,

109 2701 162 2768 sed
182 2703 319 2768 Domini
340 2712 390 2770 est
417 2699 596 2786 ponderare
625 2703 732 2769 corda.
776 2702 874 2784 Quod
896 2705 925 2768 si
945 2706 1075 2788 eulpam
1127 2723 1218 2785 spem
1241 2706 1356 2768 veniae
1373 2711 1406 2768 et
1423 2703 1537 2769 salutis
1558 2703 1718 2786 reliquam
1736 2703 1785 2768 illi
1806 2703 1893 2770 lacit.
1928 2705 1982 2769 Ita
2003 2705 2100 2772 solvi·

109 2809 172 2853 non
198 2791 362 2876 effugiunt
387 2791 441 2872 qui
471 2810 536 2855 non
563 2787 717 2854 videntur
744 2789 805 2855 sibi
835 2789 920 2855 male
944 2791 1074 2867 conscii,
1127 2799 1183 2853 tur
1214 2789 1320 2855 nodus
1353 2808 1416 2871 quo
1447 2810 1483 2855 se
1515 2790 1611 2855 multi
1642 2787 1842 2872 impediunt,
1876 2789 1955 2855 dum
1986 2791 2100 2857 vident

109 2874 180 2957 qnid
203 2875 299 2941 nobis
316 2877 372 2940 fiet
389 2875 418 2941 si
434 2874 563 2957 propria
584 2875 780 2940 consolantia
800 2876 888 2941 intus
907 2877 1073 2944 constricti
1127 2875 1234 2940 Deum
1252 2895 1317 2940 non
1335 2895 1464 2959 semper
1479 2875 1532 2942 vol
1550 2875 1660 2942 statim
1678 2875 1811 2959 exsequi
1827 2895 1908 2958 quas
1926 2874 2100 2943 denuncia-

109 2960 289 3027 tenebimur
312 2959 423 3046 (Prov.
442 2961 495 3039 21,
518 2959 560 3046 2).
1126 2961 1175 3025 vit
1196 2980 1333 3042 poenas:
1360 2961 1437 3045 quia
1458 2961 1492 3026 id
1512 2962 1565 3027 vel
1586 2962 1705 3026 mutati
1726 2961 1853 3028 consilii
1875 2961 2005 3045 signum
2028 2983 2098 3029 esse

189 3046 234 3111 Et
256 3047 406 3129 prohibui
434 3067 486 3130 eqo
506 3052 542 3112 ιε.
587 3046 679 3113 Haec
707 3047 789 3113 ratio
818 3046 981 3131 significat
1008 3070 1073 3114 non
1126 3053 1254 3127 putant,
1294 3046 1346 3112 vel
1380 3047 1488 3111 Deum
1521 3047 1610 3112 aliud
1641 3047 1780 3112 verbum
1812 3047 1968 3113 simulare
2000 3069 2098 3132 quam

108 3131 198 3198 modo
225 3132 371 3197 habitam
394 3134 501 3198 aDeo
523 3132 622 3198 luisse
642 3132 794 3202 Abrabae
816 3134 992 3213 rationem,
1017 3133 1074 3200 sed
1126 3131 1213 3214 apud
1240 3153 1275 3196 se
1305 3132 1495 3198 decreverit.
1539 3131 1697 3198 Ninivitis
1724 3151 1783 3217 per
1809 3132 1924 3198 Ionam
1953 3134 2099 3201 minatus

107 3217 203 3298 ipsius
233 3238 363 3302 quoque
390 3218 487 3304 regis.
531 3218 615 3282 Nam
645 3220 720 3302 quis
741 3217 774 3283 in
797 3219 905 3285 animo
927 3241 993 3285 non
1015 3219 1073 3284 bn·
1126 3227 1177 3282 est
1205 3216 1367 3284 excidium
1397 3214 1510 3301 (Ionae
1532 3218 1568 3298 3,
1591 3217 1639 3304 4):
1669 3217 1787 3283 deinde
1818 3219 1972 3303 pepercit.
2023 3219 2099 3286 Non

106 3301 218 3367 buerat
256 3313 409 3388 stuprum
443 3305 564 3369 inferre
599 3304 724 3370 alienae
756 3304 867 3384 uxori,
899 3305 992 3372 Deus
1024 3305 1073 3370 illi
1127 3303 1297 3386 reperiunt
1321 3303 1465 3385 imperiti
1492 3303 1653 3388 quomodo
1682 3303 1876 3369 alterutrum
1906 3325 1948 3370 ex
1975 3303 2099 3372 duobus

104 3389 263 3472 propitius
292 3400 350 3454 est.
394 3389 441 3454 Et
464 3389 526 3455 boe
553 3409 649 3472 saepe
678 3391 851 3473 contingit,
881 3400 918 3454 nt
939 3391 1074 3475 spiritus
1126 3388 1276 3454 absurdis
1307 3389 1482 3472 effugiant:
1515 3411 1633 3472 nempe
1660 3389 1746 3473 quod
1778 3389 1975 3455 sententiam
2004 3412 2096 3458 suam

105 3475 152 3538 sui
189 3475 305 3540 fraeno
344 3476 483 3540 retineat
523 3476 578 3558 qui
617 3495 728 3540 errore
767 3477 936 3542 labuntur:
977 3477 1073 3544 sicuti
1126 3475 1355 3541 retractaverit
1376 3475 1484 3554 Deus,
1514 3475 1568 3541 vel
1596 3496 1631 3541 se
1660 3476 1821 3541 facturum
1852 3475 1985 3540 finxerit
2012 3476 2098 3560 quod

104 3560 195 3625 etiam
228 3561 375 3625 amentia
392 3569 425 3626 et
446 3560 561 3644 spiritu
590 3559 764 3645 vertiginis
790 3562 983 3645 praecipites
1007 3565 1075 3646 agdt
1125 3561 1161 3625 in
1191 3561 1300 3626 animo
1332 3581 1398 3626 non
1430 3559 1579 3627 habebat.
1631 3559 1735 3644 Atqui
1767 3561 1795 3627 si
1828 3568 1975 3627 tenemus
2006 3563 2097 3645 prin-

105 3645 155 3726 qui
198 3667 302 3730 pravo
343 3647 462 3712 affectu
500 3657 533 3712 et
570 3646 705 3712 libidine
748 3647 888 3712 scientes
930 3658 1072 3730 peceant.
1124 3646 1245 3729 cipium
1274 3647 1370 3724 illud,
1401 3647 1500 3712 minis
1526 3645 1676 3713 omnibus
1701 3647 1859 3712 inclusam
1890 3666 1961 3711 esse
1987 3649 2098 3730 poeni·

104 3729 385 3811 Quemadmodum
409 3741 517 3798 autem
539 3733 676 3816 profano
697 3733 776 3816 regi,
799 3733 875 3815 quia
897 3732 1074 3799 deliberata
1124 3731 1245 3797 tendas
1272 3733 1467 3809 donuinam,
1498 3733 1604 3798 soluta
1632 3733 1695 3798 erit
1724 3732 1906 3800 difficultas.
1951 3733 2096 3800 Tametsi

102 3816 225 3881 malitia
248 3839 315 3883 non
338 3818 499 3900 peccabat,
526 3816 706 3883 remedium
728 3818 763 3882 in
786 3827 931 3901 tempore
953 3819 1071 3898 attulit,
1123 3817 1212 3882 onim
1230 3819 1336 3900 primo
1353 3818 1501 3884 homines
1519 3819 1709 3902 aggreditur
1723 3819 1813 3884 Deus
1830 3817 1923 3901 quasi
1940 3819 2093 3900 perditos,

102 3922 141 3966 ne
172 3903 306 3986 culpam
338 3911 485 3988 augeret:
524 3904 570 3968 ita
602 3901 704 3969 lidum
737 3903 806 3970 suis
838 3903 1005 3970 custodem
1037 3927 1073 3972 se
1122 3901 1258 3986 ideoque
1291 3912 1497 3987 praesentem
1535 3904 1602 3969 illis
1642 3906 1756 3970 mortis
1797 3913 1922 3968 metum
1959 3905 2092 3971 incutit:

101 3988 243 4069 quotidie
271 3988 417 4067 exhibet,
447 4009 490 4054 ne
511 4010 551 4054 ex
575 3988 702 4055 levibus
729 3987 855 4056 delictis
882 3990 922 4054 ad
951 3990 1073 4057 scelera
1123 3990 1197 4054 finis
1215 3998 1324 4054 tamen
1346 3989 1542 4074 spectandus
1560 4001 1617 4055 est.
1654 3990 1740 4053 Nam
1757 3990 1785 4053 si
1802 3987 1843 4053 ad
1861 3990 2093 4072 poenitentiam

101 4073 280 4156 prosiliant.
1122 4095 1177 4140 eos
1195 4075 1322 4152 invitat,
1344 4076 1491 4160 sequitur
1508 4075 1574 4141 illis
1591 4096 1681 4158 spem
1700 4074 1815 4140 veniae
1831 4075 1979 4158 relinqui,
1997 4076 2093 4142 modo

184 4160 682 4228 antecrescentem.
734 4160 805 4224 Iam
836 4182 902 4227 non
928 4161 1072 4244 loquitur
1123 4160 1326 4244 resipiscant.

100 4242 190 4312 Deus
220 4244 262 4311 de
290 4245 458 4311 Abraham
491 4253 648 4328 tanquam
681 4245 720 4311 de
753 4245 886 4311 homine
918 4248 1070 4330 quolibet,
1208 4246 1237 4312 8.
1267 4246 1312 4310 Et
1339 4248 1476 4314 mercast
1504 4245 1680 4312 Abimelecb
1707 4264 1805 4309 mooe.
1854 4246 1956 4310 Docet
1984 4247 2093 4312 Moses

100 4329 153 4394 scd
174 4330 389 4414 peculiariter
416 4332 480 4397 sibi
507 4352 619 4397 aarum
649 4351 721 4397 osse
747 4331 904 4412 ostendit,
936 4342 973 4398 ut
994 4353 1071 4400 con·
1123 4350 1220 4414 quam
1242 4331 1358 4398 efficax
1379 4333 1478 4397 fuerit
1499 4331 1675 4398 oraculum.
1718 4329 1803 4394 Nam
1822 4330 2011 4396 Abimelecb
2029 4333 2092 4397 Dei

100 4414 239 4500 iugalem
273 4416 343 4483 eius
375 4417 504 4483 thorum
540 4417 712 4506 privilegio
743 4416 880 4501 quodam
914 4419 1070 4484 tuendum
1122 4438 1200 4486 voce
1222 4418 1462 4502 expavefactus,
1486 4438 1581 4482 mane
1603 4416 1785 4499 consurgit,
1816 4436 1880 4480 non
1904 4425 2031 4481 tantum
2054 4427 2092 4483 ιιι

99 4504 264 4588 suscipiat.
309 4503 508 4587 Prophetam
538 4503 671 4569 honoris
703 4523 800 4570 causa
832 4513 940 4576 vocat,
974 4525 1017 4574 ao.
1043 4505 1071 4570 si
1121 4503 1271 4568 celeriter
1290 4513 1405 4587 pareat
1422 4505 1490 4586 ipse
1512 4503 1658 4569 iniuncto
1676 4500 1737 4566 sibi
1758 4500 1920 4580 mandato,
1941 4500 1998 4566 sed
2016 4523 2092 4569 suos

99 4586 236 4667 diceret,
263 4608 421 4674 magnum
443 4598 477 4655 et
499 4589 639 4655 eximiae
661 4590 878 4672 praestantiae
900 4590 1008 4656 virum
1029 4592 1070 4656 ab
1121 4609 1249 4673 quoque
1270 4588 1311 4654 ad
1333 4587 1417 4654 idem
1440 4588 1602 4673 agendum
1623 4587 1781 4652 hortetur.
1821 4588 1902 4652 Tam
1925 4599 2093 4671 promptoe

99 4691 135 4737 eo
156 4673 288 4740 laesum
310 4695 397 4756 esse,
420 4696 462 4740 ne
485 4676 622 4741 miretur
644 4675 808 4742 duriorem
830 4674 893 4740 sibi
914 4677 1071 4743 inflictam
1121 4674 1322 4740 obedientiae
1345 4675 1548 4758 exemplum,
1578 4671 1664 4756 quod
1685 4673 1721 4736 in
1743 4691 1820 4756 rege
1841 4672 1977 4757 profano
1999 4693 2092 4739 mon·

97 4759 195 4826 fnisse
224 4781 373 4844 poenam.
425 4760 623 4845 Quanquam
654 4768 762 4827 autem
794 4761 924 4845 proprie
952 4783 1070 4827 nomen
1121 4769 1259 4837 stratur,
1287 4781 1417 4825 omnem
1443 4759 1566 4844 torpori
1594 4767 1706 4823 nostro
1734 4759 1973 4824 excusationem
1996 4760 2091 4839 tollit,

97 4845 194 4911 officii
214 4855 280 4912 est:
304 4846 402 4912 latins
424 4855 533 4912 tamen
556 4846 610 4913 hic
630 4857 742 4931 patore
763 4847 929 4928 existimo,
950 4868 1071 4932 nempe
1120 4845 1207 4930 apud
1233 4867 1314 4930 quos
1343 4856 1411 4911 tam
1440 4847 1525 4911 male
1548 4845 1612 4911 Dei
1639 4842 1881 4928 obiurgationes
1908 4847 2089 4927 proliciunt.

97 4951 154 5014 pro
175 4931 311 4998 homine
333 4933 460 5012 selecto,
483 4943 515 4996 et
537 4934 592 5016 qui
610 4933 681 4999 Deo
700 4933 869 4999 familiaris
889 4942 948 4999 est.
984 4933 1069 4999 Nam
1121 4934 1284 5015 Apparuit
1314 4930 1363 4996 illi
1392 4930 1484 4998 Deus
1512 4952 1571 5015 per
1600 4930 1779 4995 somnium:
1813 4929 1869 4994 sod
1902 4951 2002 5012 quum
2032 4953 2091 5012 per

97 5018 172 5099 quia
194 5026 280 5083 tuno
300 5018 391 5084 nulla
411 5017 562 5084 exstabat
590 5019 768 5104 scriptura,
795 5039 860 5085 non
886 5017 982 5084 modo
1011 5040 1069 5102 per
1119 5018 1244 5096 Mosen,
1267 5017 1451 5101 propbetas,
1474 5025 1507 5082 et
1528 5015 1698 5100 apostolos,
1722 5015 1929 5098 unigenitum
1951 5015 2090 5100 denique

96 5104 224 5169 somnia
242 5113 277 5170 st
294 5104 437 5171 visiones
454 5124 490 5170 se
505 5103 599 5170 Deus
621 5105 784 5188 patefecit:
808 5103 865 5170 sed
887 5105 948 5170 sibi
970 5106 1068 5170 etiam
1119 5103 1224 5168 filium
1253 5102 1396 5186 quotidie
1425 5104 1461 5168 in
1490 5122 1584 5168 aures
1612 5109 1739 5167 nostras
1766 5101 1898 5179 clamet,
1926 5109 1976 5166 tot
1998 5103 2090 5166 testi-

96 5186 220 5274 delogit
238 5209 331 5256 raros
348 5198 382 5255 et
399 5196 602 5275 praestantes
619 5191 716 5268 viros,
737 5191 792 5274 qui
811 5192 941 5274 pietatis
957 5211 1070 5255 semen
1118 5189 1229 5254 monia
1257 5189 1366 5255 miuus
1394 5189 1505 5255 valere
1528 5207 1566 5253 ao
1587 5187 1698 5272 vigere
1720 5185 1897 5253 absurdum
1919 5197 1970 5253 est
1990 5208 2088 5271 quam

95 5285 307 5360 spargerent,
334 5297 397 5359 quo
419 5274 524 5362 magis
551 5276 784 5343 inexcusabilis
810 5285 895 5344 esset
916 5276 1066 5343 mundus.
1118 5275 1235 5341 somnii
1257 5275 1354 5340 unius
1376 5275 1544 5340 visionem.

165 5377 283 5434 Caluini
298 5393 391 5448 opero.
430 5378 488 5434 Vol.
508 5377 630 5436 XXIII.
1111 5439 1122 5470 ·
1851 5371 1884 5425 19
