5022 6192
368 456 409 522 15
1022 450 1392 519 COMMENTARIUS
1414 451 1465 518 IN
1488 449 1701 518 GENESIN.
2315 447 2355 511 16

367 627 454 690 ιιιιίιιι
476 626 585 708 posuit
606 622 740 691 verbum
769 637 832 704 'tat
862 621 949 706 quod
971 624 1094 708 fingere
1115 631 1172 688 aut
1194 623 1334 688 formare
1384 624 1474 689 tione
1496 622 1651 708 abyssum
1672 630 1706 687 et
1726 641 1826 705 aquas
1844 629 1949 700 vooat,
1966 620 2120 704 quoniam
2138 620 2171 684 in
2194 617 2279 684 mole
2301 618 2357 682 illa

384 711 392 726 ’
441 711 538 786 ifioat,
561 707 617 776 sed
639 722 715 778 tm.
761 707 871 790 Quare
893 729 1009 774 sensus
1031 717 1089 787 est,
1112 707 1270 774 mundum
1292 729 1333 774 ex
1384 708 1468 773 nihil
1486 706 1627 774 solidum
1649 715 1708 772 aut
1729 707 1854 786 stabile,
1878 705 1959 771 nihil
1981 705 2171 771 distinctum
2194 711 2273 769 arat.

365 798 401 862 ni
429 795 469 862 'lo
491 794 656 863 eonditum
676 815 756 860 esse.
810 793 905 861 Unde
927 793 1087 860 refellitur
1108 815 1219 860 eorum
1240 795 1334 858 rani·
1469 793 1513 859 Et
1533 793 1668 876 mailro
1689 791 1762 860 Dm
1807 793 1934 858 Lotum
1962 791 2051 857 huno
2076 791 2168 856 varie
2188 797 2357 858 torserunt

365 893 417 948 tas
445 883 500 966 qui
527 901 655 965 semper
682 881 782 947 fuisse
802 881 973 946 informem
995 881 1166 946 materiam
1188 881 1334 964 fingunt:
1383 879 1588 1030 interpretes.
1621 876 1718 959 Quod
1735 877 1889 944 nonnulli
1906 876 2167 974 santumnintelli
2192 885 2261 955 unt,
2277 875 2359 940 adeo

365 987 471 1052 usque
499 965 588 1032 aliud
616 965 774 1050 eolligunt
812 987 854 1030 ex
882 966 986 1032 Moeis
1018 967 1207 1031 narratione
1237 984 1333 1048 quam
1385 965 1461 1049 frigi
1484 985 1541 1030 um
1559 969 1609 1030 est
1626 972 1664 1029 ut
1675 963 1869 1030 refutatione
1887 963 1979 1028 nulla
1989 961 2142 1046 indigeat.
2168 897 2236 1043 ὃιιί
2254 969 2359 1026 aeter·

365 1074 449 1119 novo
470 1059 589 1118 ornatu
618 1053 815 1117 instruetum
846 1050 1020 1128 mundum,
1054 1051 1165 1135 illique
1197 1051 1335 1118 formam
1385 1071 1464 1115 num
1486 1048 1551 1114 Dei
1573 1049 1735 1132 spiritum,
1763 1058 1850 1116 reete
1889 1048 1923 1113 id
1950 1047 2097 1131 quidem:
2126 1044 2184 1113 sed
2212 1048 2249 1111 iu
2270 1067 2360 1113 oom-

365 1138 501 1204 inditam
518 1137 618 1203 fuisse
639 1157 703 1221 qua
723 1138 815 1219 prius
832 1145 990 1202 oaruerat.
1020 1137 1093 1204 Hoo
1113 1135 1243 1221 quidem
1265 1135 1336 1202 vul
1384 1134 1485 1220 plexu
1517 1135 1674 1201 orationis
1701 1135 1821 1215 Mosis,
1857 1155 1989 1200 sensum
2025 1153 2090 1199 non
2125 1153 2238 1199 omues
2270 1153 2360 1198 asse·

364 1245 443 1309 gare
463 1223 541 1289 olim
569 1224 657 1288 inter
677 1223 828 1305 profanos
853 1222 1002 1287 homines
1021 1230 1241 1290 oommentum
1264 1221 1335 1300 fnit,
1385 1235 1549 1304 quuntur:
1573 1219 1649 1286 inde
1670 1221 1814 1286 varietas
1834 1221 1871 1285 in
1889 1220 2058 1304 partieipio
2079 1231 2204 1288 nanum
2241 1219 2360 1286 Dicam

365 1309 406 1376 ad
429 1330 510 1394 quos
536 1307 673 1374 obseura
700 1318 831 1372 tontum
859 1307 947 1373 fama
967 1317 1176 1392 pervenerat:
1207 1317 1244 1373 ut
1266 1326 1335 1372 mos
1385 1308 1493 1390 priore
1514 1305 1586 1372 looo
1613 1305 1786 1389 quidnam,
1815 1304 2038 1386 meoiudicio,
2067 1303 2209 1370 voluerit
2237 1303 2359 1370 Moses.

364 1405 415 1462 est
436 1394 616 1474 hominum,
638 1392 702 1458 Dei
726 1393 896 1458 veritatem
918 1391 1034 1459 alienis
1056 1393 1221 1477 figmentis
1243 1391 1334 1457 adul·
1386 1390 1589 1468 Audivimus,
1612 1397 1787 1474 antequam
1799 1389 2060 1457 Densmundnm
2070 1389 2240 1473 expoliret,
2259 1389 2362 1456 fuisse

365 1491 480 1548 terere.
514 1477 581 1545 Sed
603 1481 638 1543 in
661 1478 721 1544 hoo
738 1477 852 1561 putido
872 1499 983 1544 errore
1000 1478 1182 1558 asserendo,
1204 1479 1336 1545 ohristi-
1385 1477 1584 1561 indigestam
1601 1476 1800 1628 mufferiem:
1823 1496 1913 1543 nuno
1930 1475 2024 1544 dooet
2047 1476 2181 1559 spiritus
2198 1475 2360 1541 virtutem

365 1585 446 1632 anos
461 1565 610 1631 hominos
627 1563 774 1630 laborare
795 1561 847 1650 (ut
868 1564 948 1632 faoit
961 1562 1138 1652 Steurhus)
1158 1565 1336 1630 absurdum
1385 1564 1421 1626 in
1442 1581 1483 1628 ea
1504 1565 1652 1628 sustinen
1676 1585 1696 1629 a
1720 1563 1820 1630 fuisse
1841 1563 2068 1628 neeessariam.
2111 1561 2247 1628 Poterat
2268 1561 2361 1626 enim

366 1661 399 1718 et
426 1651 561 1718 minime
586 1649 752 1716 tolerabile
781 1661 840 1715 est.
901 1647 955 1716 Sit
989 1650 1090 1734 igitur
1118 1651 1198 1714 haee
1229 1650 1337 1732 prima
1385 1648 1466 1714 haee
1484 1647 1642 1714 dubitatio
1658 1649 1773 1714 venire
1784 1649 1819 1714 iu
1836 1657 1989 1727 mentem,
2001 1646 2161 1731 quomodo
2172 1646 2363 1713 inordinata

365 1735 538 1812 sententia,
561 1734 719 1800 mundum
737 1755 802 1800 non
820 1755 891 1800 esse
910 1743 1091 1814 aeternum,
1113 1734 1170 1802 sed
1188 1745 1336 1801 ereetum
1386 1733 1487 1799 molas
1498 1741 1611 1812 staret,
1623 1754 1725 1816 quum
1745 1754 1832 1800 nuno
1845 1731 2011 1800 videamus
2023 1731 2184 1798 mundum
2195 1741 2360 1814 tempera·

367 1825 479 1890 aDeo
507 1821 615 1887 fuisse.
658 1819 796 1886 eoelum
824 1829 857 1885 et
881 1829 1002 1885 terram
1031 1841 1097 1885 non
1126 1821 1258 1887 dubium
1286 1828 1337 1887 est
1386 1827 1496 1884 mento
1518 1820 1652 1885 servari.
1677 1818 1756 1886 Ideo
1774 1819 1861 1898 dieit,
1884 1839 2026 1886 massam
2036 1818 2127 1883 illam
2139 1817 2291 1901 quamvis
2308 1817 2362 1882 in-

367 1911 446 1994 quin
474 1907 594 1973 molem
622 1905 712 1970 illam
741 1906 909 1972 oonfusam
936 1917 1044 1984 vocet,
1070 1907 1123 1972 oui
1145 1906 1337 1990 paulopost
1385 1904 1543 1988 dispositu
1562 1904 1657 1984 foret,
1679 1925 1798 1972 aroana
1814 1905 1948 1988 spiritus
1980 1905 2125 1972 effioaoia
2145 1903 2296 1969 stabilem
2318 1903 2362 1968 ad

367 2014 486 2061 nomen
512 2011 672 2076 aquarum
699 1991 845 2074 imponit.
886 1992 983 2058 Ratio
1011 2002 1069 2070 est,
1095 1991 1180 2076 quod
1201 1993 1338 2057 materia
1387 2000 1515 2075 tempus
1536 1989 1647 2056 fuisse.
1689 1989 1760 2056 Iam
1788 1989 1872 2056 duae
1901 1996 1979 2057 suut
2005 1989 2097 2056 verbi
2120 1988 2265 2055 hebroini
2295 1990 2362 2070 sig·

367 2080 423 2148 illa
443 2077 543 2144 totius
572 2076 686 2143 mnndi
715 2098 826 2142 semen
854 2077 961 2142 fuerit.
1006 2078 1109 2142 Porro
1137 2078 1216 2144 haee
1238 2099 1336 2162 gene·
1386 2077 1589 2142 nilioationes
1600 2096 1682 2160 quae
1692 2077 1893 2143 eonveniuut
1904 2077 2068 2160 praesenti
2089 2076 2175 2142 loeo:
2196 2075 2251 2142 vel
2273 2073 2363 2162 quod

366 2166 444 2233 ralis
464 2176 514 2229 eet
535 2162 650 2228 mundi
672 2163 815 2248 partitio.
1387 2167 1535 2227 moveret
1554 2182 1590 2226 se
1609 2168 1704 2244 atque
1726 2163 1866 2246 agitaret
1880 2163 2014 2247 spiritus
2043 2163 2106 2228 Dei
2128 2181 2227 2244 super
2248 2179 2363 2243 aquas,

450 2249 550 2316 Daue.
579 2247 731 2314 Habetur
747 2248 833 2332 apud
852 2247 967 2315 Mosen
990 2232 1100 2324 n'nbtt,
1124 2268 1243 2313 nornen
1264 2247 1337 2330 plu·
1387 2247 1511 2330 vigoris
1539 2247 1664 2314 soiliaet
1681 2245 1853 2314 exserendi
1872 2269 1986 2326 eausa,
2004 2247 2059 2312 vel
2080 2246 2166 2331 quod
2188 2246 2364 2312 inoubaret

367 2337 445 2402 ralis
473 2335 611 2400 numeri.
662 2332 759 2400 Unde
791 2334 944 2418 oolligere
976 2333 1090 2412 solent,
1120 2334 1175 2399 hio
1201 2335 1236 2398 in
1267 2336 1337 2399 Deo
1388 2331 1431 2398 ad
1452 2333 1640 2400 fovendum.
1692 2331 1780 2414 Quia
1812 2335 1975 2400 utrumvis
1998 2334 2100 2419 eligas
2136 2333 2177 2400 ad
2201 2333 2252 2398 rei
2273 2353 2364 2398 sum-

367 2421 474 2488 notari
504 2430 572 2485 tres
596 2440 766 2503 personas:
797 2416 854 2485 sed
883 2419 960 2502 quia
986 2440 1104 2503 parum
1131 2419 1234 2486 solida
1255 2419 1338 2485 mihi
1389 2438 1476 2484 mam
1507 2438 1622 2503 parum
1647 2418 1762 2496 refert,
1797 2417 1935 2485 liberum
1974 2419 2017 2484 sit
2048 2418 2204 2486 iudioium
2237 2418 2363 2484 leotari.

367 2507 497 2573 videtur
520 2513 630 2570 tantae
652 2505 700 2570 rei
721 2503 886 2588 probatio,
915 2524 977 2589 ego
998 2506 1032 2569 in
1055 2520 1136 2570 vooe
1154 2525 1219 2570 non
1241 2506 1338 2571 insin·
1390 2503 1566 2570 Caeterum
1595 2505 1623 2570 si
1649 2505 1707 2569 illa
1734 2525 1846 2571 rarum
1868 2503 2012 2571 confusio
2034 2523 2153 2570 aroana
2174 2504 2240 2570 Dei
2261 2503 2367 2586 inspi-

368 2607 445 2658 tam.
489 2589 580 2673 Quin
603 2589 710 2674 potius
738 2588 891 2655 monendi
919 2598 997 2655 sunt
1017 2590 1155 2657 laotores
1177 2598 1215 2655 ut
1235 2591 1339 2656 sibia
1389 2591 1515 2656 ratione
1543 2611 1625 2674 opus
1654 2590 1785 2666 habuit,
1814 2612 1856 2656 ne
1877 2611 1954 2656 mox
1976 2591 2176 2657 consideret:
2202 2588 2367 2672 quomodo

367 2677 520 2745 violentis
548 2675 709 2742 eiusmodi
738 2675 855 2760 glossis
883 2683 1030 2741 reveunt.
1078 2676 1202 2741 Putant
1230 2677 1279 2741 illi
1304 2698 1338 2742 se
1390 2675 1444 2741 hio
1466 2684 1533 2741 tam
1555 2675 1692 2759 puloher
1714 2697 1751 2742 ao
1774 2675 1948 2742 distinotus
1970 2675 2048 2742 ordo
2070 2697 2129 2760 per
2151 2697 2185 2741 ee
2207 2676 2367 2740 oonsiste-

367 2763 593 2830 testimonium
602 2759 723 2828 habere
739 2760 895 2828 adversus
906 2761 1065 2827 Arrianae
1082 2760 1124 2827 ad
1138 2761 1339 2846 probandam
1389 2776 1450 2838 ret,
1471 2761 1535 2828 nisi
1558 2760 1688 2827 aliunde
1718 2763 1864 2846 rigorem
1891 2761 2125 2828 mutuaretur?
2169 2761 2260 2844 Ergo
2281 2759 2369 2825 illud

366 2849 446 2916 Filii
472 2858 507 2915 et
530 2846 673 2930 Spiritus
701 2846 921 2926 divinitatem,
948 2847 1072 2913 interea
1101 2869 1136 2913 se
1163 2849 1339 2913 involvunt
1389 2847 1518 2930 impleri
1535 2855 1675 2930 oportet:
1698 2847 1824 2912 Emitte
1853 2847 2006 2932 spiritum
2029 2854 2132 2928 tuum,
2156 2855 2190 2912 et
2207 2847 2367 2911 creabun-

366 2937 400 3000 in
423 2954 566 3000 errorem
585 2931 733 2998 Sabellii:
756 2933 833 3016 quia
854 2939 966 3015 postea
986 2932 1116 2998 subiicit
1134 2933 1243 2999 Moses
1260 2932 1338 2998 Elo-
1389 2941 1460 3012 tur,
1483 2944 1517 2998 et
1534 2932 1706 2999 renovabis
1734 2932 1849 2999 faeiem
1878 2941 2001 3000 terrae:
2030 2933 2115 2999 siout
2147 2955 2187 2997 ex
2216 2932 2368 3009 adverso,

366 3019 437 3086 him
458 3020 630 3101 loquutum
653 3037 733 3093 esse,
756 3026 790 3082 et
810 3018 963 3102 spiritum
998 3017 1131 3084 Elohim
1151 3018 1338 3085 inaubuisse
1390 3019 1488 3085 simul
1523 3039 1560 3084 aa
1589 3018 1741 3103 spiritum
1768 3039 1866 3086 suum
1903 3021 2010 3087 aufert
2038 3017 2217 3093 Dominus,
2254 3019 2368 3083 omnia

368 3107 471 3189 aquis.
526 3102 563 3172 si
592 3113 659 3168 tres
687 3123 843 3187 personas
871 3105 976 3169 notari
1004 3104 1126 3186 planet,
1157 3104 1250 3171 nulla
1275 3104 1339 3170 erit
1389 3105 1424 3170 in
1452 3105 1624 3188 pulverem
1653 3125 1749 3170 suum
1781 3105 1921 3186 abeunt,
1958 3114 1991 3171 et
2028 3115 2229 3171 evanesount
2261 3101 2366 3190 (Psal.

368 3211 481 3258 earum
508 3188 680 3256 distinotio.
738 3187 901 3273 Sequetur
929 3191 1017 3255 enim
1051 3197 1084 3256 et
1109 3188 1230 3256 Filium
1257 3211 1276 3254 a
1303 3210 1338 3256 se
1389 3191 1462 3274 104,
1482 3189 1546 3278 29).

367 3279 439 3361 ipso
460 3277 616 3361 genitum,
643 3282 677 3339 et
698 3272 859 3357 Spiritum
877 3296 948 3341 esse
976 3296 1044 3340 non
1066 3275 1186 3356 Patris,
1209 3275 1265 3341 sed
1287 3276 1337 3342 sui
1476 3277 1506 3343 3.
1530 3275 1574 3343 ut
1593 3276 1677 3340 dixit
1699 3275 1796 3342 Deua.
1827 3277 1925 3342 Nuno
1945 3276 2089 3359 primum
2109 3274 2235 3340 induoit
2256 3275 2369 3340 Moses

366 3365 477 3447 ipsius.
521 3361 608 3428 Mihi
636 3360 715 3426 satis
742 3367 807 3441 est,
837 3360 922 3444 quod
944 3361 1079 3444 pluralis
1097 3382 1253 3427 uumerus
1275 3362 1337 3428 Dei
1389 3362 1498 3430 Deum
1515 3363 1712 3445 loquentem,
1736 3361 1802 3428 ausi
1820 3381 1963 3428 massam
1981 3361 2062 3427 ooeli
2084 3371 2118 3427 et
2136 3370 2243 3426 terrae
2261 3381 2370 3426 oreas·

366 3451 507 3516 virtutes
518 3455 613 3513 sonet
624 3466 704 3530 quas
721 3447 756 3511 in
768 3446 907 3526 oreando
918 3447 1040 3512 mundo
1057 3447 1211 3514 exseruit.
1235 3449 1338 3514 Porro
1389 3461 1440 3514 set
1451 3450 1572 3533 absque
1584 3448 1694 3515 verbo.
1718 3448 1821 3531 Atqui
1831 3448 1995 3514 Iohannes
2016 3445 2122 3534 (Ioan.
2137 3447 2165 3526 1,
2178 3445 2211 3531 3)
2224 3452 2369 3511 testatur

366 3535 536 3618 scriptura,
569 3531 680 3611 fateor,
697 3534 827 3598 tametsi
845 3531 965 3600 multas
983 3533 1046 3598 Dei
1068 3533 1206 3599 virtutes
1227 3554 1339 3600 reeen·
1389 3535 1473 3600 nihil
1495 3534 1616 3617 absque
1632 3533 1704 3617 ipso
1714 3531 1837 3600 fastum
1859 3554 1931 3600 esse
1947 3554 2060 3600 eorum
2078 3531 2260 3617 quaefacta
2276 3539 2368 3596 sunt.

366 3625 430 3686 set:
453 3638 582 3702 semper
603 3626 712 3682 tamen
744 3616 784 3681 ad
807 3617 948 3695 Patrem,
972 3628 1005 3683 et
1028 3618 1176 3684 Verbum
1198 3620 1278 3696 eius,
1301 3640 1339 3684 ao
1389 3621 1435 3687 Et
1445 3630 1573 3689 eertum
1595 3629 1644 3686 est
1666 3620 1778 3685 eadem
1790 3620 1882 3685 verbi
1904 3619 2047 3685 effioaoia
2058 3618 2248 3684 inohoatum
2266 3618 2370 3683 fuisse

366 3705 529 3788 Spiritum
552 3724 612 3768 nos
634 3712 781 3779 revocat,
811 3713 847 3768 ut
874 3703 974 3770 etiam
999 3705 1096 3787 paulo
1119 3715 1193 3786 post
1214 3704 1339 3770 videbi·
1389 3707 1549 3772 mundum
1572 3725 1635 3788 qua
1653 3705 1815 3789 perfeetus
1838 3711 1903 3772 ost:
1926 3703 2083 3771 sedDeus
2103 3702 2243 3770 verbum
2266 3723 2369 3768 sunm

366 3811 450 3856 mus,
500 3787 565 3855 Sed
593 3787 678 3866 illae,
701 3809 781 3871 quas
814 3789 925 3874 attigi,
960 3789 1179 3856 absurditates
1209 3791 1341 3856 obstant
1390 3793 1525 3858 nonnisi
1553 3791 1587 3856 in
1611 3792 1693 3858 lueis
1721 3791 1857 3876 origine
1876 3791 2031 3875 protulit:
2062 3791 2140 3874 quia
2165 3790 2201 3854 in
2230 3788 2369 3855 distino-

367 3875 539 3960 quominus
568 3873 732 3940 subtiliter
761 3875 802 3940 ad
829 3894 985 3959 personas
1019 3887 1227 3959 torqueamus
1254 3875 1340 3960 quod
1391 3879 1481 3944 tione
1508 3878 1683 3961 conspicua
1710 3897 1781 3944 esee
1808 3877 1925 3960 inoipit
1949 3877 2019 3942 eius
2048 3875 2217 3959 sapientia,
2268 3871 2369 3955 Quod

367 3960 548 4110 simflioius
578 3959 687 4025 Moses
714 3959 753 4024 de
781 3961 852 4044 ipso
879 3961 949 4027 Deo
978 3962 1217 4044 pronuntiavit.
1269 3962 1342 4028 Hoo
1391 3985 1494 4030 uuum
1524 3965 1564 4028 ad
1587 3962 1793 4028 refutandam
1816 3961 1947 4029 Servati
1976 3960 2212 4046 blasphemiam
2235 3961 2368 4025 suffieit.

367 4049 422 4130 qui
446 4068 496 4111 em
520 4047 875 4112 extraoontroversiam
897 4066 993 4130 pono,
1016 4067 1074 4130 pro
1097 4048 1341 4114 oiroumstantia
1391 4052 1511 4117 Latrat
1531 4050 1586 4115 hie
1603 4048 1891 4122 obseoenusoanis
1913 4050 1975 4114 hoo
1995 4048 2250 4134 primumfuisse
2272 4044 2370 4112 vorbi

367 4133 431 4199 looi
453 4133 644 4199 attributum
663 4130 716 4197 hio
729 4133 799 4196 Deo
820 4131 951 4197 titulum
969 4133 1071 4198 fuisse
1088 4134 1142 4215 qui
1160 4133 1339 4215 potentiam
1390 4137 1524 4201 initium
1552 4153 1653 4219 quum
1675 4133 1767 4200 Deus
1796 4134 1967 4201 mandavit
1994 4142 2033 4199 ut
2061 4132 2120 4197 lux
2149 4141 2249 4198 esset:
2273 4133 2369 4216 quasi

368 4218 440 4284 eius
461 4219 667 4301 exprimeret,
690 4237 772 4299 quae
791 4218 881 4300 prius
899 4219 936 4282 in
958 4227 1091 4283 aeterna
1108 4219 1178 4285 eius
1199 4219 1342 4286 essentia
1391 4243 1469 4287 vero
1496 4241 1595 4287 oansa
1623 4219 1740 4287 effoeto
1768 4241 1826 4286 suo
1852 4221 1942 4304 prior
1970 4240 2037 4285 non
2066 4219 2117 4285 sit.
2169 4219 2240 4284 Imo
2265 4239 2370 4302 quum

368 4303 603 4388 quodammodo
624 4301 751 4369 inolusa
771 4302 888 4368 fuerat.
1391 4308 1456 4374 Dei
1470 4303 1576 4375 ¹verbo
1598 4314 1731 4391 repento
1750 4305 1936 4373 exstiterint
1952 4323 2035 4391 quae
2053 4313 2240 4386 nouerant,
2257 4305 2370 4387 potius

453 4389 482 4454 2.
507 4387 591 4454 Erat
611 4387 757 4470 informis
786 4394 814 4452 rt
833 4389 949 4456 inantia
990 4389 1062 4474 ugo
1083 4391 1119 4454 in
1141 4389 1342 4473 exponendis
1391 4391 1573 4478 oolligenda
1594 4400 1644 4457 est
1665 4401 1799 4457 aeterna
1822 4393 1891 4458 eius
1913 4393 2063 4458 essentia.
2115 4387 2227 4470 Quare
2248 4389 2370 4454 merito

370 4474 496 4541 duobus
517 4475 589 4540 istis
612 4473 772 4555 epithetis,
795 4487 853 4542 lun
872 4485 905 4538 et
922 4488 986 4553 tm,
1012 4496 1078 4540 uon
1099 4496 1154 4541 ero
1172 4476 1268 4542 valde
1286 4498 1342 4542 an·
1392 4479 1530 4563 apostoli
1573 4477 1699 4544 Christi
1739 4477 1947 4543 divinitatem
1985 4477 2062 4544 inde
2093 4475 2247 4560 probant,
2278 4474 2370 4559 quod

369 4562 453 4628 xius.
498 4560 642 4625 Hebraei
669 4559 734 4624 illis
756 4567 894 4626 utuntur
922 4581 1022 4644 quum
1043 4561 1143 4628 inane
1164 4561 1286 4644 aliquid
1309 4571 1342 4627 et
1391 4585 1495 4648 quum
1523 4564 1568 4630 sit
1588 4562 1653 4630 Dei
1675 4583 1791 4641 sermo,
1820 4584 1880 4647 per
1907 4584 1983 4629 eum
2010 4573 2120 4631 ereata
2147 4569 2225 4628 sunt
2246 4560 2368 4626 omnia.

368 4645 550 4724 oonfusum,
569 4652 627 4709 aut
648 4666 770 4738 vanum
793 4655 826 4710 et
847 4644 941 4710 nihili
965 4646 1145 4729 designant.
1185 4648 1260 4714 Nou
1282 4646 1341 4714 du·
1393 4649 1550 4718 Servatus
1588 4650 1786 4730 imaginatur
1824 4669 1945 4716 novam
1982 4649 2016 4715 in
2054 4649 2125 4714 Deo
2164 4647 2368 4731 qualitatem,

369 4731 459 4797 bium
489 4739 539 4798 eat
571 4731 650 4813 quin
682 4731 791 4797 Moses
814 4733 971 4797 creaturis
1002 4734 1152 4799 omnibus
1181 4753 1264 4816 quae
1300 4733 1340 4798 ad
1391 4757 1492 4820 quum
1520 4735 1610 4818 loqui
1646 4737 1760 4818 eoepit.
1816 4735 1862 4798 At
1894 4734 1992 4820 longe
2021 4733 2118 4800 aliter
2146 4732 2186 4798 de
2215 4753 2370 4799 sermone

369 4821 516 4892 formam,
538 4827 706 4890 ornatum.
736 4818 1025 4901 etperfeotionom
1047 4818 1161 4886 mundi
1183 4827 1341 4903 spactant,
1392 4823 1456 4888 Dei
1477 4821 1684 4886 sentiendum
1707 4829 1765 4899 est,
1789 4841 1905 4904 nempe
1926 4821 2122 4904 sapientiam
2144 4839 2215 4885 esse
2235 4820 2272 4884 in
2295 4817 2370 4884 Deo

368 4913 544 4986 utrumque
562 4904 755 4985 opposuerit.
796 4904 978 4980 Tollamus,
1004 4905 1149 4989 inquam,
1178 4906 1343 4970 emundo
1392 4905 1598 4983 residentem,
1620 4917 1653 4972 et
1675 4908 1745 4972 sine
1767 4925 1830 4989 qua
1852 4907 1944 4972 Deus
1966 4926 2133 4990 nunquam
2151 4926 2222 4972 esse
2244 4905 2369 4989 potuit:

369 5010 579 5073 quaeeunque
609 4996 720 5071 postea
746 4988 911 5064 subiioiet,
937 5000 1009 5055 tum
1030 4989 1111 5056 rude
1132 4992 1203 5070 hoo,
1226 4999 1259 5058 et
1280 4993 1343 5056 im·
1392 4995 1486 5062 euius
1507 5003 1618 5058 tamen
1640 4993 1774 5059 effeetus
1797 4993 1949 5077 apparuit
1969 5013 2070 5076 quum
2091 4993 2153 5058 lux
2173 5002 2286 5058 ereata
2307 4999 2369 5056 est

368 5075 517 5160 politum,
539 5072 588 5139 vel
610 5076 719 5158 potius
740 5075 879 5141 informo
901 5075 999 5141 ehaos
1017 5075 1217 5143 habebimus.
1263 5078 1343 5142 Pro·
1480 5077 1530 5145 St
1551 5080 1616 5145 lut.
1650 5079 1774 5145 Lucem
1797 5087 1889 5144 tauta
1911 5078 2036 5145 deooris
2057 5077 2273 5164 praestantia,
2304 5098 2372 5160 qua

369 5161 446 5226 inde
467 5158 552 5244 quod
574 5181 650 5224 mox
669 5162 807 5240 attexit,
827 5162 977 5228 tenebras
999 5162 1098 5227 fuisse
1113 5183 1211 5246 super
1228 5164 1344 5230 faeiem
1394 5163 1562 5232 ornandus
1590 5173 1662 5230 erat
1695 5165 1852 5240 mundus,
1883 5165 2024 5247 priorem
2053 5185 2124 5231 esse
2146 5163 2311 5246 oportuit:
2336 5173 2373 5229 et

367 5247 488 5332 abyssi,
510 5245 547 5310 in
564 5257 657 5328 parte
677 5246 766 5312 illius
788 5247 939 5314 confusae
957 5249 1126 5314 inanitatis
1146 5270 1245 5334 pono:
1270 5251 1346 5334 quia
1395 5252 1458 5318 hoo
1496 5269 1624 5334 quoque
1663 5257 1734 5315 erat
1772 5249 1991 5317 distinotionis
2030 5250 2209 5316 exordium.
2271 5248 2374 5332 Quod

368 5334 428 5397 lux
451 5331 594 5413 aliquam
616 5331 738 5397 mundo
756 5333 870 5399 faeiem
893 5333 971 5399 dare
993 5335 1107 5418 eoepit.
1142 5335 1268 5402 Eadem
1291 5358 1343 5402 ra·
1395 5351 1504 5404 autem
1533 5337 1590 5401 lux
1618 5336 1719 5402 solem
1749 5345 1782 5401 et
1808 5337 1918 5401 lunam
1942 5338 2124 5420 praeeeesit,
2153 5356 2221 5400 uon
2245 5344 2375 5403 temere
