<?xml version="1.0" encoding="UTF-8"?>
<!DOCTYPE html PUBLIC "-//W3C//DTD XHTML 1.0 Transitional//EN"
    "http://www.w3.org/TR/xhtml1/DTD/xhtml1-transitional.dtd">
<html xmlns="http://www.w3.org/1999/xhtml" xml:lang="en" lang="en">
 <head>
  <title>
</title>
<meta http-equiv="Content-Type" content="text/html;charset=utf-8" />
  <meta name='ocr-system' content='tesseract 3.04.00' />
  <meta name='ocr-capabilities' content='ocr_page ocr_carea ocr_par ocr_line ocrx_word'/>
</head>
<body>
  <div class='ocr_page' id='page_1' title='image "./ioanniscalvinio06reusgoog_0231.png"; bbox 0 0 4988 6192; ppageno 0'>
   <div class='ocr_carea' id='block_1_1' title="bbox 105 377 2091 504">
    <p class='ocr_par' dir='ltr' id='par_1_1' title="bbox 105 377 2091 504">
     <span class='ocr_line' id='line_1_1' title="bbox 105 377 2091 504; baseline -0.002 0"><span class='ocrx_word' id='word_1_1' title='bbox 105 437 161 504; x_wconf 86' lang='grc'>389</span> <span class='ocrx_word' id='word_1_2' title='bbox 749 431 1119 504; x_wconf 73' lang='lat' dir='ltr'><strong>COMMENTARIUS</strong></span> <span class='ocrx_word' id='word_1_3' title='bbox 1141 433 1192 501; x_wconf 87' lang='lat' dir='ltr'>IN</span> <span class='ocrx_word' id='word_1_4' title='bbox 1214 431 1429 502; x_wconf 65' lang='lat' dir='ltr'>flumem.</span> <span class='ocrx_word' id='word_1_5' title='bbox 1455 377 1458 384; x_wconf 18' lang='lat'>²</span> <span class='ocrx_word' id='word_1_6' title='bbox 2025 429 2091 500; x_wconf 83' lang='lat'>390</span> 
     </span>
    </p>
   </div>
   <div class='ocr_carea' id='block_1_2' title="bbox 18 621 2095 5332">
    <p class='ocr_par' dir='ltr' id='par_1_2' title="bbox 18 621 2095 5332">
     <span class='ocr_line' id='line_1_2' title="bbox 105 621 2092 710; baseline -0.001 -21"><span class='ocrx_word' id='word_1_7' title='bbox 105 622 225 710; x_wconf 92' lang='lat' dir='ltr'>populo,</span> <span class='ocrx_word' id='word_1_8' title='bbox 248 643 322 690; x_wconf 89' lang='lat' dir='ltr'>oum</span> <span class='ocrx_word' id='word_1_9' title='bbox 344 621 485 707; x_wconf 88' lang='lat' dir='ltr'>superbo</span> <span class='ocrx_word' id='word_1_10' title='bbox 502 621 645 707; x_wconf 85' lang='lat' dir='ltr'>primatu</span> <span class='ocrx_word' id='word_1_11' title='bbox 662 623 805 690; x_wconf 87' lang='lat' dir='ltr'>eminere</span> <span class='ocrx_word' id='word_1_12' title='bbox 822 624 858 690; x_wconf 89' lang='lat' dir='ltr'>in</span> <span class='ocrx_word' id='word_1_13' title='bbox 875 633 973 689; x_wconf 88' lang='lat' dir='ltr'>terra.</span> <span class='ocrx_word' id='word_1_14' title='bbox 1006 623 1066 689; x_wconf 91' lang='lat' dir='ltr'>Ni·</span> <span class='ocrx_word' id='word_1_15' title='bbox 1117 621 1170 686; x_wconf 91' lang='lat' dir='ltr'>oni</span> <span class='ocrx_word' id='word_1_16' title='bbox 1190 621 1305 688; x_wconf 85' lang='lat' dir='ltr'>reliota</span> <span class='ocrx_word' id='word_1_17' title='bbox 1322 628 1393 686; x_wconf 88' lang='lat' dir='ltr'>erat</span> <span class='ocrx_word' id='word_1_18' title='bbox 1413 640 1516 692; x_wconf 86' lang='lat' dir='ltr'>vaona</span> <span class='ocrx_word' id='word_1_19' title='bbox 1537 622 1705 706; x_wconf 78' lang='lat' dir='ltr'>possessio,</span> <span class='ocrx_word' id='word_1_20' title='bbox 1727 631 1765 688; x_wconf 90' lang='lat' dir='ltr'>ut</span> <span class='ocrx_word' id='word_1_21' title='bbox 1784 623 1850 687; x_wconf 89' lang='lat' dir='ltr'>iam</span> <span class='ocrx_word' id='word_1_22' title='bbox 1870 621 1942 689; x_wconf 89' lang='lat' dir='ltr'>sine</span> <span class='ocrx_word' id='word_1_23' title='bbox 1963 621 2092 687; x_wconf 90' lang='lat' dir='ltr'>aemulo</span> 
     </span>
     <span class='ocr_line' id='line_1_3' title="bbox 105 707 2091 796; baseline -0.003 -20"><span class='ocrx_word' id='word_1_24' title='bbox 105 709 148 776; x_wconf 89' lang='lat' dir='ltr'>hil</span> <span class='ocrx_word' id='word_1_25' title='bbox 167 708 232 774; x_wconf 86' lang='lat' dir='ltr'>talo</span> <span class='ocrx_word' id='word_1_26' title='bbox 253 707 461 793; x_wconf 73' lang='lat' dir='ltr'><strong>aggreditur,</strong></span> <span class='ocrx_word' id='word_1_27' title='bbox 493 707 551 775; x_wconf 87' lang='lat' dir='ltr'>sed</span> <span class='ocrx_word' id='word_1_28' title='bbox 580 729 640 796; x_wconf 91' lang='lat' dir='ltr'>per</span> <span class='ocrx_word' id='word_1_29' title='bbox 668 711 823 794; x_wconf 87' lang='lat' dir='ltr'>ambages</span> <span class='ocrx_word' id='word_1_30' title='bbox 851 708 961 776; x_wconf 88' lang='lat' dir='ltr'>neseio</span> <span class='ocrx_word' id='word_1_31' title='bbox 986 729 1067 793; x_wconf 90' lang='lat' dir='ltr'>quas</span> <span class='ocrx_word' id='word_1_32' title='bbox 1117 725 1230 774; x_wconf 86' lang='lat' dir='ltr'>eeoure</span> <span class='ocrx_word' id='word_1_33' title='bbox 1250 715 1417 792; x_wconf 88' lang='lat' dir='ltr'>regnaret:</span> <span class='ocrx_word' id='word_1_34' title='bbox 1448 728 1491 772; x_wconf 92' lang='grc' dir='ltr'>ιιι</span> <span class='ocrx_word' id='word_1_35' title='bbox 1512 708 1684 773; x_wconf 88' lang='lat' dir='ltr'>turbemur</span> <span class='ocrx_word' id='word_1_36' title='bbox 1705 708 1732 774; x_wconf 91' lang='lat' dir='ltr'>si</span> <span class='ocrx_word' id='word_1_37' title='bbox 1753 707 1884 791; x_wconf 89' lang='lat' dir='ltr'>quando</span> <span class='ocrx_word' id='word_1_38' title='bbox 1905 707 1998 790; x_wconf 91' lang='lat' dir='ltr'>impii</span> <span class='ocrx_word' id='word_1_39' title='bbox 2016 715 2091 773; x_wconf 91' lang='lat' dir='ltr'>tan·</span> 
     </span>
     <span class='ocr_line' id='line_1_4' title="bbox 142 792 2090 878; baseline -0.001 -18"><span class='ocrx_word' id='word_1_40' title='bbox 142 802 223 860; x_wconf 90' lang='lat' dir='ltr'>trem</span> <span class='ocrx_word' id='word_1_41' title='bbox 249 804 416 878; x_wconf 86' lang='lat' dir='ltr'>uteunque</span> <span class='ocrx_word' id='word_1_42' title='bbox 441 795 571 878; x_wconf 84' lang='lat' dir='ltr'>plaeere</span> <span class='ocrx_word' id='word_1_43' title='bbox 601 805 745 862; x_wconf 90' lang='lat' dir='ltr'>oonatur.</span> <span class='ocrx_word' id='word_1_44' title='bbox 796 797 847 861; x_wconf 86' lang='lat' dir='ltr'>Ao</span> <span class='ocrx_word' id='word_1_45' title='bbox 868 796 979 862; x_wconf 83' lang='lat' dir='ltr'>Moses</span> <span class='ocrx_word' id='word_1_46' title='bbox 1007 795 1067 861; x_wconf 83' lang='lat' dir='ltr'>rub</span> <span class='ocrx_word' id='word_1_47' title='bbox 1117 813 1215 876; x_wconf 89' lang='lat' dir='ltr'>quam</span> <span class='ocrx_word' id='word_1_48' title='bbox 1232 803 1383 859; x_wconf 89' lang='lat' dir='ltr'>votorum</span> <span class='ocrx_word' id='word_1_49' title='bbox 1408 801 1588 877; x_wconf 89' lang='lat' dir='ltr'>oompotes,</span> <span class='ocrx_word' id='word_1_50' title='bbox 1613 792 1706 859; x_wconf 92' lang='lat' dir='ltr'>nobis</span> <span class='ocrx_word' id='word_1_51' title='bbox 1722 795 1887 877; x_wconf 80' lang='lat' dir='ltr'>oppressis</span> <span class='ocrx_word' id='word_1_52' title='bbox 1905 793 2090 876; x_wconf 89' lang='lat' dir='ltr'>triumphos</span> 
     </span>
     <span class='ocr_line' id='line_1_5' title="bbox 104 816 2091 966; baseline -0.002 -20"><span class='ocrx_word' id='word_1_53' title='bbox 104 816 160 948; x_wconf 57' lang='lat' dir='ltr'>Bam</span> <span class='ocrx_word' id='word_1_54' title='bbox 180 887 261 964; x_wconf 84' lang='lat' dir='ltr'>typo</span> <span class='ocrx_word' id='word_1_55' title='bbox 281 879 376 946; x_wconf 89' lang='lat' dir='ltr'>nobis</span> <span class='ocrx_word' id='word_1_56' title='bbox 398 878 439 946; x_wconf 87' lang='lat' dir='ltr'>ad</span> <span class='ocrx_word' id='word_1_57' title='bbox 462 879 576 950; x_wconf 86' lang='lat' dir='ltr'>vivum</span> <span class='ocrx_word' id='word_1_58' title='bbox 598 879 747 964; x_wconf 80' lang='lat' dir='ltr'>depingit</span> <span class='ocrx_word' id='word_1_59' title='bbox 773 901 888 946; x_wconf 89' lang='lat' dir='ltr'>omnes</span> <span class='ocrx_word' id='word_1_60' title='bbox 915 880 1067 966; x_wconf 88' lang='lat' dir='ltr'>hypoori-</span> <span class='ocrx_word' id='word_1_61' title='bbox 1118 899 1194 945; x_wconf 87' lang='lat' dir='ltr'>suos</span> <span class='ocrx_word' id='word_1_62' title='bbox 1221 879 1344 946; x_wconf 87' lang='lat' dir='ltr'>efflant.</span> <span class='ocrx_word' id='word_1_63' title='bbox 1389 879 1518 945; x_wconf 90' lang='lat' dir='ltr'>Nomen</span> <span class='ocrx_word' id='word_1_64' title='bbox 1546 878 1710 945; x_wconf 88' lang='lat' dir='ltr'>Beerseba</span> <span class='ocrx_word' id='word_1_65' title='bbox 1738 880 1831 962; x_wconf 90' lang='lat' dir='ltr'>ponit</span> <span class='ocrx_word' id='word_1_66' title='bbox 1861 879 1986 958; x_wconf 90' lang='lat' dir='ltr'>Moses,</span> <span class='ocrx_word' id='word_1_67' title='bbox 2014 879 2091 961; x_wconf 86' lang='lat' dir='ltr'>qnia</span> 
     </span>
     <span class='ocr_line' id='line_1_6' title="bbox 103 963 2091 1051; baseline -0.002 -19"><span class='ocrx_word' id='word_1_68' title='bbox 103 973 158 1032; x_wconf 88' lang='lat' dir='ltr'>tas.</span> <span class='ocrx_word' id='word_1_69' title='bbox 200 965 287 1031; x_wconf 89' lang='lat' dir='ltr'>Nam</span> <span class='ocrx_word' id='word_1_70' title='bbox 315 965 442 1050; x_wconf 85' lang='lat' dir='ltr'>quoties</span> <span class='ocrx_word' id='word_1_71' title='bbox 468 966 558 1049; x_wconf 82' lang='lat' dir='ltr'>ipsos</span> <span class='ocrx_word' id='word_1_72' title='bbox 584 974 680 1051; x_wconf 89' lang='lat' dir='ltr'>urget</span> <span class='ocrx_word' id='word_1_73' title='bbox 700 966 765 1033; x_wconf 91' lang='lat' dir='ltr'>Dei</span> <span class='ocrx_word' id='word_1_74' title='bbox 786 965 957 1046; x_wconf 90' lang='lat' dir='ltr'>iudioium,</span> <span class='ocrx_word' id='word_1_75' title='bbox 992 966 1069 1032; x_wconf 90' lang='lat' dir='ltr'>lieet</span> <span class='ocrx_word' id='word_1_76' title='bbox 1119 984 1220 1049; x_wconf 89' lang='lat' dir='ltr'>quum</span> <span class='ocrx_word' id='word_1_77' title='bbox 1241 985 1327 1031; x_wconf 87' lang='lat' dir='ltr'>unus</span> <span class='ocrx_word' id='word_1_78' title='bbox 1348 974 1434 1031; x_wconf 88' lang='lat' dir='ltr'>esset</span> <span class='ocrx_word' id='word_1_79' title='bbox 1456 986 1498 1030; x_wconf 82' lang='lat' dir='ltr'>ex</span> <span class='ocrx_word' id='word_1_80' title='bbox 1520 965 1641 1031; x_wconf 83' lang='lat' dir='ltr'>linibus</span> <span class='ocrx_word' id='word_1_81' title='bbox 1662 974 1769 1030; x_wconf 90' lang='lat' dir='ltr'>terrae</span> <span class='ocrx_word' id='word_1_82' title='bbox 1790 965 1966 1042; x_wconf 81' lang='lat' dir='ltr'>(lhanaan,</span> <span class='ocrx_word' id='word_1_83' title='bbox 1999 963 2091 1047; x_wconf 89' lang='lat' dir='ltr'>isque</span> 
     </span>
     <span class='ocr_line' id='line_1_7' title="bbox 104 1048 2091 1135; baseline -0.003 -16"><span class='ocrx_word' id='word_1_84' title='bbox 104 1052 313 1119; x_wconf 77' lang='lat' dir='ltr'>vulnerentur</span> <span class='ocrx_word' id='word_1_85' title='bbox 333 1071 512 1134; x_wconf 88' lang='lat' dir='ltr'>poenarum</span> <span class='ocrx_word' id='word_1_86' title='bbox 535 1050 661 1130; x_wconf 89' lang='lat' dir='ltr'>dolore,</span> <span class='ocrx_word' id='word_1_87' title='bbox 686 1071 751 1117; x_wconf 90' lang='lat' dir='ltr'>non</span> <span class='ocrx_word' id='word_1_88' title='bbox 774 1060 885 1118; x_wconf 90' lang='lat' dir='ltr'>tamen</span> <span class='ocrx_word' id='word_1_89' title='bbox 907 1059 1069 1135; x_wconf 88' lang='lat' dir='ltr'>quaerunt</span> <span class='ocrx_word' id='word_1_90' title='bbox 1118 1069 1275 1134; x_wconf 86' lang='lat' dir='ltr'>magnum</span> <span class='ocrx_word' id='word_1_91' title='bbox 1296 1048 1461 1116; x_wconf 90' lang='lat' dir='ltr'>desertum</span> <span class='ocrx_word' id='word_1_92' title='bbox 1483 1063 1517 1115; x_wconf 91' lang='lat' dir='ltr'>et</span> <span class='ocrx_word' id='word_1_93' title='bbox 1538 1050 1707 1115; x_wconf 78' lang='lat' dir='ltr'>meridiem</span> <span class='ocrx_word' id='word_1_94' title='bbox 1729 1071 1853 1130; x_wconf 89' lang='lat' dir='ltr'>versus,</span> <span class='ocrx_word' id='word_1_95' title='bbox 1877 1050 1919 1115; x_wconf 92' lang='lat' dir='ltr'>ab</span> <span class='ocrx_word' id='word_1_96' title='bbox 1940 1048 2091 1115; x_wconf 72' lang='lat' dir='ltr'>orientali</span> 
     </span>
     <span class='ocr_line' id='line_1_8' title="bbox 104 1134 2091 1220; baseline -0.001 -16"><span class='ocrx_word' id='word_1_97' title='bbox 104 1157 177 1204; x_wconf 83' lang='lat' dir='ltr'>vera</span> <span class='ocrx_word' id='word_1_98' title='bbox 191 1135 351 1202; x_wconf 88' lang='lat' dir='ltr'>remedia:</span> <span class='ocrx_word' id='word_1_99' title='bbox 370 1156 446 1202; x_wconf 87' lang='lat' dir='ltr'>nam</span> <span class='ocrx_word' id='word_1_100' title='bbox 461 1157 528 1202; x_wconf 84' lang='lat' dir='ltr'>una</span> <span class='ocrx_word' id='word_1_101' title='bbox 545 1145 673 1204; x_wconf 87' lang='lat' dir='ltr'>tantum</span> <span class='ocrx_word' id='word_1_102' title='bbox 691 1137 920 1203; x_wconf 86' lang='lat' dir='ltr'>satisfaotionis</span> <span class='ocrx_word' id='word_1_103' title='bbox 938 1145 1069 1220; x_wconf 89' lang='lat' dir='ltr'>arrepta</span> <span class='ocrx_word' id='word_1_104' title='bbox 1118 1134 1216 1218; x_wconf 89' lang='lat' dir='ltr'>plaga</span> <span class='ocrx_word' id='word_1_105' title='bbox 1225 1136 1260 1199; x_wconf 94' lang='lat' dir='ltr'>in</span> <span class='ocrx_word' id='word_1_106' title='bbox 1272 1155 1370 1218; x_wconf 90' lang='lat' dir='ltr'>quam</span> <span class='ocrx_word' id='word_1_107' title='bbox 1388 1135 1657 1213; x_wconf 87' lang='lat' dir='ltr'>tendebatlaoob,</span> <span class='ocrx_word' id='word_1_108' title='bbox 1676 1137 1830 1201; x_wconf 82' lang='lat' dir='ltr'>remotior</span> <span class='ocrx_word' id='word_1_109' title='bbox 1847 1145 1927 1202; x_wconf 89' lang='lat' dir='ltr'>erat.</span> <span class='ocrx_word' id='word_1_110' title='bbox 1960 1134 2091 1203; x_wconf 85' lang='lat' dir='ltr'>Deinde</span> 
     </span>
     <span class='ocr_line' id='line_1_9' title="bbox 103 1218 2091 1308; baseline -0.001 -22"><span class='ocrx_word' id='word_1_111' title='bbox 103 1223 213 1308; x_wconf 84' lang='lat' dir='ltr'>speeie,</span> <span class='ocrx_word' id='word_1_112' title='bbox 231 1221 372 1305; x_wconf 85' lang='lat' dir='ltr'>simplex</span> <span class='ocrx_word' id='word_1_113' title='bbox 389 1231 423 1288; x_wconf 92' lang='lat' dir='ltr'>et</span> <span class='ocrx_word' id='word_1_114' title='bbox 438 1223 568 1307; x_wconf 85' lang='lat' dir='ltr'>integra</span> <span class='ocrx_word' id='word_1_115' title='bbox 589 1221 629 1288; x_wconf 93' lang='lat' dir='ltr'>ab</span> <span class='ocrx_word' id='word_1_116' title='bbox 649 1221 715 1289; x_wconf 88' lang='lat' dir='ltr'>illis</span> <span class='ocrx_word' id='word_1_117' title='bbox 737 1223 907 1289; x_wconf 88' lang='lat' dir='ltr'>eonversio</span> <span class='ocrx_word' id='word_1_118' title='bbox 928 1222 1068 1308; x_wconf 90' lang='lat' dir='ltr'>negligi·</span> <span class='ocrx_word' id='word_1_119' title='bbox 1119 1218 1264 1286; x_wconf 86' lang='lat' dir='ltr'>(lharras</span> <span class='ocrx_word' id='word_1_120' title='bbox 1289 1220 1428 1298; x_wconf 87' lang='lat' dir='ltr'>subiioit,</span> <span class='ocrx_word' id='word_1_121' title='bbox 1454 1219 1510 1287; x_wconf 93' lang='lat' dir='ltr'>ubi</span> <span class='ocrx_word' id='word_1_122' title='bbox 1528 1221 1695 1288; x_wconf 83' lang='lat' dir='ltr'>Abraham</span> <span class='ocrx_word' id='word_1_123' title='bbox 1721 1242 1739 1286; x_wconf 93' lang='lat' dir='ltr'>e</span> <span class='ocrx_word' id='word_1_124' title='bbox 1762 1221 1869 1305; x_wconf 84' lang='lat' dir='ltr'>patria</span> <span class='ocrx_word' id='word_1_125' title='bbox 1895 1242 1956 1288; x_wconf 88' lang='lat' dir='ltr'>sua</span> <span class='ocrx_word' id='word_1_126' title='bbox 1980 1240 2091 1305; x_wconf 91' lang='lat' dir='ltr'>egres·</span> 
     </span>
     <span class='ocr_line' id='line_1_10' title="bbox 103 1305 2089 1392; baseline -0.001 -18"><span class='ocrx_word' id='word_1_127' title='bbox 103 1317 168 1374; x_wconf 86' lang='lat' dir='ltr'>tur:</span> <span class='ocrx_word' id='word_1_128' title='bbox 191 1306 310 1374; x_wconf 89' lang='lat' dir='ltr'>deinde</span> <span class='ocrx_word' id='word_1_129' title='bbox 326 1309 360 1372; x_wconf 93' lang='lat' dir='ltr'>in</span> <span class='ocrx_word' id='word_1_130' title='bbox 378 1307 437 1373; x_wconf 88' lang='lat' dir='ltr'>iila</span> <span class='ocrx_word' id='word_1_131' title='bbox 458 1327 584 1392; x_wconf 89' lang='lat' dir='ltr'>quoque</span> <span class='ocrx_word' id='word_1_132' title='bbox 606 1309 711 1392; x_wconf 91' lang='lat' dir='ltr'>speoie</span> <span class='ocrx_word' id='word_1_133' title='bbox 732 1308 817 1373; x_wconf 91' lang='lat' dir='ltr'>nihil</span> <span class='ocrx_word' id='word_1_134' title='bbox 838 1327 935 1390; x_wconf 85' lang='lat' dir='ltr'>quum</span> <span class='ocrx_word' id='word_1_135' title='bbox 954 1306 1067 1374; x_wconf 84' lang='lat' dir='ltr'>fuoum</span> <span class='ocrx_word' id='word_1_136' title='bbox 1119 1325 1183 1384; x_wconf 87' lang='lat' dir='ltr'>eus,</span> <span class='ocrx_word' id='word_1_137' title='bbox 1206 1305 1408 1388; x_wconf 75' lang='lat' dir='ltr'>aliquamdiu</span> <span class='ocrx_word' id='word_1_138' title='bbox 1429 1305 1645 1374; x_wconf 86' lang='lat' dir='ltr'>habitaverat.</span> <span class='ocrx_word' id='word_1_139' title='bbox 1689 1310 1839 1391; x_wconf 80' lang='lat' dir='ltr'>Apparet</span> <span class='ocrx_word' id='word_1_140' title='bbox 1866 1315 1975 1374; x_wconf 88' lang='lat' dir='ltr'>antam</span> <span class='ocrx_word' id='word_1_141' title='bbox 1997 1308 2089 1391; x_wconf 90' lang='lat' dir='ltr'>pium</span> 
     </span>
     <span class='ocr_line' id='line_1_11' title="bbox 102 1391 2090 1476; baseline 0 -17"><span class='ocrx_word' id='word_1_142' title='bbox 102 1393 232 1459; x_wconf 82' lang='lat' dir='ltr'>laoiunt.</span> <span class='ocrx_word' id='word_1_143' title='bbox 293 1391 406 1474; x_wconf 80' lang='lat' dir='ltr'>Quum</span> <span class='ocrx_word' id='word_1_144' title='bbox 444 1400 532 1463; x_wconf 89' lang='lat' dir='ltr'>totus</span> <span class='ocrx_word' id='word_1_145' title='bbox 570 1394 759 1476; x_wconf 86' lang='lat' dir='ltr'>reeipisoere</span> <span class='ocrx_word' id='word_1_146' title='bbox 799 1393 930 1459; x_wconf 86' lang='lat' dir='ltr'>deberet</span> <span class='ocrx_word' id='word_1_147' title='bbox 968 1393 1066 1472; x_wconf 79' lang='lat' dir='ltr'>Esau,</span> <span class='ocrx_word' id='word_1_148' title='bbox 1118 1410 1231 1456; x_wconf 89' lang='lat' dir='ltr'>sonem</span> <span class='ocrx_word' id='word_1_149' title='bbox 1252 1391 1371 1470; x_wconf 70' lang='lat' dir='ltr'>Thaso,</span> <span class='ocrx_word' id='word_1_150' title='bbox 1391 1412 1493 1475; x_wconf 85' lang='lat' dir='ltr'>quum</span> <span class='ocrx_word' id='word_1_151' title='bbox 1514 1391 1620 1457; x_wconf 88' lang='lat' dir='ltr'>filium</span> <span class='ocrx_word' id='word_1_152' title='bbox 1643 1403 1802 1476; x_wconf 86' lang='lat' dir='ltr'>sequutus</span> <span class='ocrx_word' id='word_1_153' title='bbox 1820 1400 1887 1473; x_wconf 89' lang='lat' dir='ltr'>est,</span> <span class='ocrx_word' id='word_1_154' title='bbox 1909 1393 1959 1458; x_wconf 86' lang='lat' dir='ltr'>vol</span> <span class='ocrx_word' id='word_1_155' title='bbox 1984 1413 2020 1458; x_wconf 90' lang='lat' dir='ltr'>se</span> <span class='ocrx_word' id='word_1_156' title='bbox 2040 1393 2090 1459; x_wconf 91' lang='lat' dir='ltr'>illi</span> 
     </span>
     <span class='ocr_line' id='line_1_12' title="bbox 102 1475 2092 1564; baseline 0.001 -20"><span class='ocrx_word' id='word_1_157' title='bbox 102 1479 226 1546; x_wconf 88' lang='lat' dir='ltr'>nonnisi</span> <span class='ocrx_word' id='word_1_158' title='bbox 255 1499 358 1543; x_wconf 89' lang='lat' dir='ltr'>unum</span> <span class='ocrx_word' id='word_1_159' title='bbox 390 1478 535 1562; x_wconf 83' lang='lat' dir='ltr'>oouiugii</span> <span class='ocrx_word' id='word_1_160' title='bbox 566 1479 684 1545; x_wconf 90' lang='lat' dir='ltr'>vitium</span> <span class='ocrx_word' id='word_1_161' title='bbox 717 1478 879 1564; x_wconf 88' lang='lat' dir='ltr'>eorrigere</span> <span class='ocrx_word' id='word_1_162' title='bbox 912 1479 1066 1544; x_wconf 81' lang='lat' dir='ltr'>tentavit:</span> <span class='ocrx_word' id='word_1_163' title='bbox 1117 1475 1246 1542; x_wconf 89' lang='lat' dir='ltr'>itineris</span> <span class='ocrx_word' id='word_1_164' title='bbox 1268 1478 1418 1543; x_wconf 87' lang='lat' dir='ltr'>eomitem</span> <span class='ocrx_word' id='word_1_165' title='bbox 1441 1477 1600 1558; x_wconf 85' lang='lat' dir='ltr'>adiunxit,</span> <span class='ocrx_word' id='word_1_166' title='bbox 1623 1498 1691 1543; x_wconf 90' lang='lat' dir='ltr'>nou</span> <span class='ocrx_word' id='word_1_167' title='bbox 1712 1479 1843 1545; x_wconf 81' lang='lat' dir='ltr'>venisse</span> <span class='ocrx_word' id='word_1_168' title='bbox 1860 1479 1966 1545; x_wconf 89' lang='lat' dir='ltr'>solum</span> <span class='ocrx_word' id='word_1_169' title='bbox 1984 1477 2092 1546; x_wconf 88' lang='lat' dir='ltr'>Obar-</span> 
     </span>
     <span class='ocr_line' id='line_1_13' title="bbox 103 1562 2090 1649; baseline 0.002 -21"><span class='ocrx_word' id='word_1_170' title='bbox 103 1563 160 1631; x_wconf 92' lang='lat' dir='ltr'>boo</span> <span class='ocrx_word' id='word_1_171' title='bbox 180 1565 249 1630; x_wconf 89' lang='lat' dir='ltr'>iam</span> <span class='ocrx_word' id='word_1_172' title='bbox 270 1563 369 1629; x_wconf 90' lang='lat' dir='ltr'>nimis</span> <span class='ocrx_word' id='word_1_173' title='bbox 396 1572 613 1647; x_wconf 87' lang='lat' dir='ltr'>praepostere.</span> <span class='ocrx_word' id='word_1_174' title='bbox 657 1564 816 1649; x_wconf 81' lang='lat' dir='ltr'>Sequitur</span> <span class='ocrx_word' id='word_1_175' title='bbox 843 1575 966 1630; x_wconf 86' lang='lat' dir='ltr'>tamen·</span> <span class='ocrx_word' id='word_1_176' title='bbox 983 1563 1068 1630; x_wconf 88' lang='lat' dir='ltr'>alter</span> <span class='ocrx_word' id='word_1_177' title='bbox 1119 1579 1188 1642; x_wconf 82' lang='lat' dir='ltr'>ras,</span> <span class='ocrx_word' id='word_1_178' title='bbox 1220 1562 1275 1627; x_wconf 92' lang='lat' dir='ltr'>ubi</span> <span class='ocrx_word' id='word_1_179' title='bbox 1305 1571 1456 1629; x_wconf 90' lang='lat' dir='ltr'>mortuus</span> <span class='ocrx_word' id='word_1_180' title='bbox 1480 1571 1546 1641; x_wconf 89' lang='lat' dir='ltr'>est,</span> <span class='ocrx_word' id='word_1_181' title='bbox 1580 1562 1636 1629; x_wconf 89' lang='lat' dir='ltr'>sod</span> <span class='ocrx_word' id='word_1_182' title='bbox 1665 1563 1805 1630; x_wconf 83' lang='lat' dir='ltr'>alterum</span> <span class='ocrx_word' id='word_1_183' title='bbox 1830 1584 1957 1648; x_wconf 88' lang='lat' dir='ltr'>quoque</span> <span class='ocrx_word' id='word_1_184' title='bbox 1986 1564 2090 1632; x_wconf 88' lang='lat' dir='ltr'>fllium</span> 
     </span>
     <span class='ocr_line' id='line_1_14' title="bbox 100 1647 2091 1736; baseline 0.002 -22"><span class='ocrx_word' id='word_1_185' title='bbox 100 1649 258 1716; x_wconf 82' lang='lat' dir='ltr'>deleatur:</span> <span class='ocrx_word' id='word_1_186' title='bbox 279 1669 357 1715; x_wconf 88' lang='lat' dir='ltr'>nam</span> <span class='ocrx_word' id='word_1_187' title='bbox 379 1669 497 1715; x_wconf 90' lang='lat' dir='ltr'>uxores</span> <span class='ocrx_word' id='word_1_188' title='bbox 519 1668 603 1734; x_wconf 87' lang='lat' dir='ltr'>quae</span> <span class='ocrx_word' id='word_1_189' title='bbox 623 1651 816 1734; x_wconf 86' lang='lat' dir='ltr'>parentibus</span> <span class='ocrx_word' id='word_1_190' title='bbox 837 1669 953 1716; x_wconf 79' lang='lat' dir='ltr'>exosae</span> <span class='ocrx_word' id='word_1_191' title='bbox 974 1659 1069 1716; x_wconf 89' lang='lat' dir='ltr'>eraut</span> <span class='ocrx_word' id='word_1_192' title='bbox 1118 1647 1253 1712; x_wconf 83' lang='lat' dir='ltr'>Neohor</span> <span class='ocrx_word' id='word_1_193' title='bbox 1284 1668 1359 1714; x_wconf 88' lang='lat' dir='ltr'>oum</span> <span class='ocrx_word' id='word_1_194' title='bbox 1392 1648 1460 1714; x_wconf 89' lang='lat' dir='ltr'>suis</span> <span class='ocrx_word' id='word_1_195' title='bbox 1492 1647 1605 1714; x_wconf 89' lang='lat' dir='ltr'>eodem</span> <span class='ocrx_word' id='word_1_196' title='bbox 1642 1650 1811 1733; x_wconf 74' lang='lat' dir='ltr'>migrasse.</span> <span class='ocrx_word' id='word_1_197' title='bbox 1866 1651 1952 1716; x_wconf 89' lang='lat' dir='ltr'>Nam</span> <span class='ocrx_word' id='word_1_198' title='bbox 1984 1653 2091 1736; x_wconf 87' lang='lat' dir='ltr'>eapite</span> 
     </span>
     <span class='ocr_line' id='line_1_15' title="bbox 100 1731 2091 1819; baseline 0.002 -18"><span class='ocrx_word' id='word_1_199' title='bbox 100 1736 257 1814; x_wconf 77' lang='lat' dir='ltr'>retinens,</span> <span class='ocrx_word' id='word_1_200' title='bbox 278 1756 315 1801; x_wconf 87' lang='lat' dir='ltr'>eo</span> <span class='ocrx_word' id='word_1_201' title='bbox 335 1733 527 1801; x_wconf 78' lang='lat' dir='ltr'>defunctum</span> <span class='ocrx_word' id='word_1_202' title='bbox 546 1743 643 1818; x_wconf 83' lang='lat' dir='ltr'>putat</span> <span class='ocrx_word' id='word_1_203' title='bbox 664 1737 761 1802; x_wconf 87' lang='lat' dir='ltr'>tertia</span> <span class='ocrx_word' id='word_1_204' title='bbox 781 1733 921 1802; x_wconf 90' lang='lat' dir='ltr'>induota.</span> <span class='ocrx_word' id='word_1_205' title='bbox 965 1735 1069 1818; x_wconf 84' lang='lat' dir='ltr'>Atqui</span> <span class='ocrx_word' id='word_1_206' title='bbox 1118 1731 1291 1799; x_wconf 90' lang='lat' dir='ltr'>undeoimo</span> <span class='ocrx_word' id='word_1_207' title='bbox 1317 1731 1509 1800; x_wconf 84' lang='lat' dir='ltr'>habuimus:</span> <span class='ocrx_word' id='word_1_208' title='bbox 1533 1734 1642 1799; x_wconf 75' lang='lat' dir='ltr'>i&#39;bare</span> <span class='ocrx_word' id='word_1_209' title='bbox 1669 1735 1848 1819; x_wconf 83' lang='lat' dir='ltr'>sumpsisse</span> <span class='ocrx_word' id='word_1_210' title='bbox 1869 1736 1973 1802; x_wconf 88' lang='lat' dir='ltr'>filium</span> <span class='ocrx_word' id='word_1_211' title='bbox 1994 1758 2091 1804; x_wconf 90' lang='lat' dir='ltr'>suum</span> 
     </span>
     <span class='ocr_line' id='line_1_16' title="bbox 97 1818 2090 1905; baseline 0.003 -20"><span class='ocrx_word' id='word_1_212' title='bbox 97 1819 157 1887; x_wconf 90' lang='lat' dir='ltr'>boo</span> <span class='ocrx_word' id='word_1_213' title='bbox 177 1821 274 1886; x_wconf 94' lang='lat' dir='ltr'>modo</span> <span class='ocrx_word' id='word_1_214' title='bbox 296 1839 362 1885; x_wconf 93' lang='lat' dir='ltr'>non</span> <span class='ocrx_word' id='word_1_215' title='bbox 384 1820 516 1887; x_wconf 85' lang='lat' dir='ltr'>levatur</span> <span class='ocrx_word' id='word_1_216' title='bbox 535 1831 707 1904; x_wconf 89' lang='lat' dir='ltr'>parentum</span> <span class='ocrx_word' id='word_1_217' title='bbox 730 1822 887 1901; x_wconf 86' lang='lat' dir='ltr'>molestia,</span> <span class='ocrx_word' id='word_1_218' title='bbox 909 1841 970 1888; x_wconf 86' lang='lat' dir='ltr'>neo</span> <span class='ocrx_word' id='word_1_219' title='bbox 991 1842 1068 1905; x_wconf 89' lang='lat' dir='ltr'>pur·</span> <span class='ocrx_word' id='word_1_220' title='bbox 1119 1819 1303 1897; x_wconf 84' lang='lat' dir='ltr'>Abraham,</span> <span class='ocrx_word' id='word_1_221' title='bbox 1332 1827 1366 1884; x_wconf 94' lang='lat' dir='ltr'>et</span> <span class='ocrx_word' id='word_1_222' title='bbox 1387 1819 1453 1884; x_wconf 84' lang='lat' dir='ltr'>Lot</span> <span class='ocrx_word' id='word_1_223' title='bbox 1473 1827 1640 1903; x_wconf 88' lang='lat' dir='ltr'>nepotem,</span> <span class='ocrx_word' id='word_1_224' title='bbox 1670 1828 1703 1885; x_wconf 91' lang='lat' dir='ltr'>et</span> <span class='ocrx_word' id='word_1_225' title='bbox 1726 1818 1820 1886; x_wconf 84' lang='lat' dir='ltr'>Sorai</span> <span class='ocrx_word' id='word_1_226' title='bbox 1841 1842 1965 1887; x_wconf 90' lang='lat' dir='ltr'>nurum</span> <span class='ocrx_word' id='word_1_227' title='bbox 1986 1843 2090 1890; x_wconf 89' lang='lat' dir='ltr'>suam.</span> 
     </span>
     <span class='ocr_line' id='line_1_17' title="bbox 97 1902 2092 1991; baseline 0.003 -21"><span class='ocrx_word' id='word_1_228' title='bbox 97 1913 193 1991; x_wconf 79' lang='lat' dir='ltr'>gutur</span> <span class='ocrx_word' id='word_1_229' title='bbox 215 1904 340 1972; x_wconf 90' lang='lat' dir='ltr'>domus.</span> <span class='ocrx_word' id='word_1_230' title='bbox 383 1905 456 1972; x_wconf 90' lang='lat' dir='ltr'>Iam</span> <span class='ocrx_word' id='word_1_231' title='bbox 478 1925 558 1972; x_wconf 82' lang='lat' dir='ltr'>vero</span> <span class='ocrx_word' id='word_1_232' title='bbox 586 1904 674 1974; x_wconf 88' lang='lat' dir='ltr'>unde</span> <span class='ocrx_word' id='word_1_233' title='bbox 701 1906 764 1973; x_wconf 91' lang='lat' dir='ltr'>sibi</span> <span class='ocrx_word' id='word_1_234' title='bbox 790 1907 921 1972; x_wconf 84' lang='lat' dir='ltr'>tertiam</span> <span class='ocrx_word' id='word_1_235' title='bbox 943 1906 1069 1972; x_wconf 90' lang='lat' dir='ltr'>induoit</span> <span class='ocrx_word' id='word_1_236' title='bbox 1119 1902 1216 1970; x_wconf 91' lang='lat' dir='ltr'>Unde</span> <span class='ocrx_word' id='word_1_237' title='bbox 1244 1904 1431 1987; x_wconf 87' lang='lat' dir='ltr'>oolligimne</span> <span class='ocrx_word' id='word_1_238' title='bbox 1457 1904 1641 1971; x_wconf 85' lang='lat' dir='ltr'>substitisse</span> <span class='ocrx_word' id='word_1_239' title='bbox 1669 1914 1750 1970; x_wconf 88' lang='lat' dir='ltr'>tuno</span> <span class='ocrx_word' id='word_1_240' title='bbox 1771 1906 1904 1974; x_wconf 88' lang='lat' dir='ltr'>Naohor</span> <span class='ocrx_word' id='word_1_241' title='bbox 1929 1908 1964 1972; x_wconf 96' lang='lat' dir='ltr'>in</span> <span class='ocrx_word' id='word_1_242' title='bbox 1992 1907 2092 1975; x_wconf 86' lang='lat' dir='ltr'>Ohal·</span> 
     </span>
     <span class='ocr_line' id='line_1_18' title="bbox 97 1987 2095 2076; baseline 0.002 -19"><span class='ocrx_word' id='word_1_243' title='bbox 97 1991 254 2058; x_wconf 84' lang='lat' dir='ltr'>uxorem?</span> <span class='ocrx_word' id='word_1_244' title='bbox 282 1993 335 2057; x_wconf 81' lang='lat' dir='ltr'>llx</span> <span class='ocrx_word' id='word_1_245' title='bbox 367 2011 488 2076; x_wconf 88' lang='lat' dir='ltr'>genere</span> <span class='ocrx_word' id='word_1_246' title='bbox 514 1989 652 2076; x_wconf 85' lang='lat' dir='ltr'>Irmael,</span> <span class='ocrx_word' id='word_1_247' title='bbox 684 2012 782 2075; x_wconf 91' lang='lat' dir='ltr'>quem</span> <span class='ocrx_word' id='word_1_248' title='bbox 814 1992 936 2058; x_wconf 87' lang='lat' dir='ltr'>seimus</span> <span class='ocrx_word' id='word_1_249' title='bbox 967 1993 1068 2058; x_wconf 83' lang='lat' dir='ltr'>luisse</span> <span class='ocrx_word' id='word_1_250' title='bbox 1120 1987 1200 2054; x_wconf 88' lang='lat' dir='ltr'>daea</span> <span class='ocrx_word' id='word_1_251' title='bbox 1221 2008 1282 2054; x_wconf 89' lang='lat' dir='ltr'>suo</span> <span class='ocrx_word' id='word_1_252' title='bbox 1304 1989 1407 2056; x_wconf 90' lang='lat' dir='ltr'>natali</span> <span class='ocrx_word' id='word_1_253' title='bbox 1429 1989 1508 2056; x_wconf 87' lang='lat' dir='ltr'>solo.</span> <span class='ocrx_word' id='word_1_254' title='bbox 1551 1989 1648 2057; x_wconf 88' lang='lat' dir='ltr'>Nune</span> <span class='ocrx_word' id='word_1_255' title='bbox 1668 2011 1769 2074; x_wconf 89' lang='lat' dir='ltr'>quum</span> <span class='ocrx_word' id='word_1_256' title='bbox 1789 1991 1875 2057; x_wconf 91' lang='lat' dir='ltr'>dioat</span> <span class='ocrx_word' id='word_1_257' title='bbox 1896 1992 2007 2059; x_wconf 84' lang='lat' dir='ltr'>Moses</span> <span class='ocrx_word' id='word_1_258' title='bbox 2029 1995 2095 2061; x_wconf 83' lang='lat' dir='ltr'>La·</span> 
     </span>
     <span class='ocr_line' id='line_1_19' title="bbox 94 2073 2095 2162; baseline 0.002 -20"><span class='ocrx_word' id='word_1_259' title='bbox 94 2077 305 2162; x_wconf 78' lang='lat' dir='ltr'>degenerem,</span> <span class='ocrx_word' id='word_1_260' title='bbox 337 2084 371 2142; x_wconf 90' lang='lat' dir='ltr'>et</span> <span class='ocrx_word' id='word_1_261' title='bbox 403 2077 495 2143; x_wconf 89' lang='lat' dir='ltr'>onius</span> <span class='ocrx_word' id='word_1_262' title='bbox 526 2078 698 2160; x_wconf 86' lang='lat' dir='ltr'>posteritas</span> <span class='ocrx_word' id='word_1_263' title='bbox 727 2097 747 2142; x_wconf 98' lang='lat' dir='ltr'>a</span> <span class='ocrx_word' id='word_1_264' title='bbox 775 2098 857 2161; x_wconf 91' lang='lat' dir='ltr'>puro</span> <span class='ocrx_word' id='word_1_265' title='bbox 885 2078 949 2144; x_wconf 90' lang='lat' dir='ltr'>Dei</span> <span class='ocrx_word' id='word_1_266' title='bbox 976 2077 1069 2144; x_wconf 86' lang='lat' dir='ltr'>onitu</span> <span class='ocrx_word' id='word_1_267' title='bbox 1119 2073 1184 2140; x_wconf 88' lang='lat' dir='ltr'>ban</span> <span class='ocrx_word' id='word_1_268' title='bbox 1206 2073 1373 2141; x_wconf 82' lang='lat' dir='ltr'>habitasse</span> <span class='ocrx_word' id='word_1_269' title='bbox 1390 2074 1536 2156; x_wconf 74' lang='lat' dir='ltr'>charris,</span> <span class='ocrx_word' id='word_1_270' title='bbox 1556 2075 1633 2142; x_wconf 87' lang='lat' dir='ltr'>inde</span> <span class='ocrx_word' id='word_1_271' title='bbox 1655 2077 1814 2143; x_wconf 92' lang='lat' dir='ltr'>ooniioere</span> <span class='ocrx_word' id='word_1_272' title='bbox 1832 2076 1917 2159; x_wconf 88' lang='lat' dir='ltr'>lioot,</span> <span class='ocrx_word' id='word_1_273' title='bbox 1938 2100 1981 2144; x_wconf 92' lang='lat' dir='ltr'>ne</span> <span class='ocrx_word' id='word_1_274' title='bbox 1998 2080 2095 2146; x_wconf 91' lang='lat' dir='ltr'>inhu-</span> 
     </span>
     <span class='ocr_line' id='line_1_20' title="bbox 95 2159 2093 2247; baseline 0.001 -19"><span class='ocrx_word' id='word_1_275' title='bbox 95 2161 286 2242; x_wconf 85' lang='lat' dir='ltr'>desoiverat.</span> <span class='ocrx_word' id='word_1_276' title='bbox 337 2162 446 2228; x_wconf 90' lang='lat' dir='ltr'>Huius</span> <span class='ocrx_word' id='word_1_277' title='bbox 474 2161 523 2229; x_wconf 91' lang='lat' dir='ltr'>rei</span> <span class='ocrx_word' id='word_1_278' title='bbox 551 2162 682 2247; x_wconf 88' lang='lat' dir='ltr'>insigne</span> <span class='ocrx_word' id='word_1_279' title='bbox 708 2161 805 2230; x_wconf 92' lang='lat' dir='ltr'>hodie</span> <span class='ocrx_word' id='word_1_280' title='bbox 838 2162 1069 2230; x_wconf 88' lang='lat' dir='ltr'>dooumentum</span> <span class='ocrx_word' id='word_1_281' title='bbox 1118 2177 1238 2225; x_wconf 86' lang='lat' dir='ltr'>manus</span> <span class='ocrx_word' id='word_1_282' title='bbox 1258 2159 1364 2227; x_wconf 87' lang='lat' dir='ltr'>videri</span> <span class='ocrx_word' id='word_1_283' title='bbox 1385 2169 1496 2244; x_wconf 81' lang='lat' dir='ltr'>posset</span> <span class='ocrx_word' id='word_1_284' title='bbox 1518 2160 1650 2228; x_wconf 83' lang='lat' dir='ltr'>Nsehor</span> <span class='ocrx_word' id='word_1_285' title='bbox 1672 2171 1800 2246; x_wconf 85' lang='lat' dir='ltr'>patrem</span> <span class='ocrx_word' id='word_1_286' title='bbox 1830 2162 1998 2244; x_wconf 90' lang='lat' dir='ltr'>deserens,</span> <span class='ocrx_word' id='word_1_287' title='bbox 2027 2165 2093 2232; x_wconf 91' lang='lat' dir='ltr'>ool·</span> 
     </span>
     <span class='ocr_line' id='line_1_21' title="bbox 93 2244 2095 2332; baseline 0.001 -18"><span class='ocrx_word' id='word_1_288' title='bbox 93 2249 242 2316; x_wconf 87' lang='lat' dir='ltr'>oernitur</span> <span class='ocrx_word' id='word_1_289' title='bbox 262 2249 298 2313; x_wconf 93' lang='lat' dir='ltr'>in</span> <span class='ocrx_word' id='word_1_290' title='bbox 318 2249 412 2314; x_wconf 82' lang='lat' dir='ltr'>laetis</span> <span class='ocrx_word' id='word_1_291' title='bbox 433 2267 471 2314; x_wconf 88' lang='lat' dir='ltr'>ao</span> <span class='ocrx_word' id='word_1_292' title='bbox 493 2247 627 2332; x_wconf 87' lang='lat' dir='ltr'>perfidis</span> <span class='ocrx_word' id='word_1_293' title='bbox 648 2247 890 2330; x_wconf 81' lang='lat' dir='ltr'>mediatoribus,</span> <span class='ocrx_word' id='word_1_294' title='bbox 914 2249 971 2332; x_wconf 91' lang='lat' dir='ltr'>qui</span> <span class='ocrx_word' id='word_1_295' title='bbox 992 2248 1068 2315; x_wconf 90' lang='lat' dir='ltr'>reli-</span> <span class='ocrx_word' id='word_1_296' title='bbox 1119 2244 1213 2311; x_wconf 81' lang='lat' dir='ltr'>leolis</span> <span class='ocrx_word' id='word_1_297' title='bbox 1234 2246 1323 2311; x_wconf 83' lang='lat' dir='ltr'>vasis</span> <span class='ocrx_word' id='word_1_298' title='bbox 1345 2245 1385 2311; x_wconf 87' lang='lat' dir='ltr'>ad</span> <span class='ocrx_word' id='word_1_299' title='bbox 1408 2267 1484 2312; x_wconf 91' lang='lat' dir='ltr'>eum</span> <span class='ocrx_word' id='word_1_300' title='bbox 1510 2256 1623 2330; x_wconf 86' lang='lat' dir='ltr'>postea</span> <span class='ocrx_word' id='word_1_301' title='bbox 1651 2247 1792 2314; x_wconf 87' lang='lat' dir='ltr'>venisse.</span> <span class='ocrx_word' id='word_1_302' title='bbox 1836 2249 1956 2316; x_wconf 90' lang='lat' dir='ltr'>Paueis</span> <span class='ocrx_word' id='word_1_303' title='bbox 1982 2257 2095 2318; x_wconf 88' lang='lat' dir='ltr'>autem</span> 
     </span>
     <span class='ocr_line' id='line_1_22' title="bbox 94 2330 2091 2419; baseline 0.002 -19"><span class='ocrx_word' id='word_1_304' title='bbox 94 2335 200 2418; x_wconf 87' lang='lat' dir='ltr'>gionis</span> <span class='ocrx_word' id='word_1_305' title='bbox 242 2333 376 2400; x_wconf 85' lang='lat' dir='ltr'>dissidia</span> <span class='ocrx_word' id='word_1_306' title='bbox 408 2333 546 2417; x_wconf 90' lang='lat' dir='ltr'>pulobre</span> <span class='ocrx_word' id='word_1_307' title='bbox 578 2355 614 2400; x_wconf 89' lang='lat' dir='ltr'>so</span> <span class='ocrx_word' id='word_1_308' title='bbox 646 2353 839 2417; x_wconf 91' lang='lat' dir='ltr'>oomponere</span> <span class='ocrx_word' id='word_1_309' title='bbox 873 2341 1006 2419; x_wconf 89' lang='lat' dir='ltr'>putant,</span> <span class='ocrx_word' id='word_1_310' title='bbox 1040 2334 1068 2401; x_wconf 91' lang='lat' dir='ltr'>si</span> <span class='ocrx_word' id='word_1_311' title='bbox 1119 2330 1229 2396; x_wconf 90' lang='lat' dir='ltr'>verbis</span> <span class='ocrx_word' id='word_1_312' title='bbox 1258 2330 1412 2397; x_wconf 86' lang='lat' dir='ltr'>admonet</span> <span class='ocrx_word' id='word_1_313' title='bbox 1432 2331 1542 2399; x_wconf 84' lang='lat' dir='ltr'>Moses</span> <span class='ocrx_word' id='word_1_314' title='bbox 1571 2351 1669 2415; x_wconf 90' lang='lat' dir='ltr'>quam</span> <span class='ocrx_word' id='word_1_315' title='bbox 1690 2330 1808 2399; x_wconf 90' lang='lat' dir='ltr'>durum</span> <span class='ocrx_word' id='word_1_316' title='bbox 1831 2355 1869 2401; x_wconf 91' lang='lat' dir='ltr'>ao</span> <span class='ocrx_word' id='word_1_317' title='bbox 1893 2334 2091 2403; x_wconf 87' lang='lat' dir='ltr'>laboriosum</span> 
     </span>
     <span class='ocr_line' id='line_1_23' title="bbox 91 2416 2093 2504; baseline 0.003 -20"><span class='ocrx_word' id='word_1_318' title='bbox 91 2418 189 2486; x_wconf 90' lang='lat' dir='ltr'>modo</span> <span class='ocrx_word' id='word_1_319' title='bbox 223 2418 363 2485; x_wconf 83' lang='lat' dir='ltr'>induetis</span> <span class='ocrx_word' id='word_1_320' title='bbox 389 2418 550 2486; x_wconf 85' lang='lat' dir='ltr'>ooloribus</span> <span class='ocrx_word' id='word_1_321' title='bbox 578 2420 783 2504; x_wconf 88' lang='lat' dir='ltr'>eorruptelae</span> <span class='ocrx_word' id='word_1_322' title='bbox 809 2420 908 2486; x_wconf 91' lang='lat' dir='ltr'>nimis</span> <span class='ocrx_word' id='word_1_323' title='bbox 940 2437 1068 2486; x_wconf 88' lang='lat' dir='ltr'>orassae</span> <span class='ocrx_word' id='word_1_324' title='bbox 1119 2423 1231 2482; x_wconf 88' lang='lat' dir='ltr'>sanoto</span> <span class='ocrx_word' id='word_1_325' title='bbox 1259 2416 1330 2481; x_wconf 88' lang='lat' dir='ltr'>viro</span> <span class='ocrx_word' id='word_1_326' title='bbox 1359 2418 1422 2483; x_wconf 88' lang='lat' dir='ltr'>iter</span> <span class='ocrx_word' id='word_1_327' title='bbox 1450 2417 1549 2484; x_wconf 83' lang='lat' dir='ltr'>inerit</span> <span class='ocrx_word' id='word_1_328' title='bbox 1574 2417 1615 2483; x_wconf 97' lang='lat' dir='ltr'>ob</span> <span class='ocrx_word' id='word_1_329' title='bbox 1641 2418 1773 2503; x_wconf 86' lang='lat' dir='ltr'>longam</span> <span class='ocrx_word' id='word_1_330' title='bbox 1801 2417 2005 2487; x_wconf 87' lang='lat' dir='ltr'>distantiam:</span> <span class='ocrx_word' id='word_1_331' title='bbox 2038 2423 2093 2490; x_wconf 87' lang='lat' dir='ltr'>oui</span> 
     </span>
     <span class='ocr_line' id='line_1_24' title="bbox 91 2501 2093 2590; baseline 0.002 -21"><span class='ocrx_word' id='word_1_332' title='bbox 91 2511 260 2590; x_wconf 84' lang='lat' dir='ltr'>tegantur.</span> <span class='ocrx_word' id='word_1_333' title='bbox 308 2505 377 2571; x_wconf 85' lang='lat' dir='ltr'>Res</span> <span class='ocrx_word' id='word_1_334' title='bbox 404 2505 476 2588; x_wconf 86' lang='lat' dir='ltr'>ipsa</span> <span class='ocrx_word' id='word_1_335' title='bbox 502 2504 598 2570; x_wconf 82' lang='lat' dir='ltr'>fateri</span> <span class='ocrx_word' id='word_1_336' title='bbox 625 2525 682 2571; x_wconf 88' lang='lat' dir='ltr'>eos</span> <span class='ocrx_word' id='word_1_337' title='bbox 709 2505 810 2590; x_wconf 86' lang='lat' dir='ltr'>uegit,</span> <span class='ocrx_word' id='word_1_338' title='bbox 844 2505 925 2571; x_wconf 89' lang='lat' dir='ltr'>adeo</span> <span class='ocrx_word' id='word_1_339' title='bbox 956 2503 1068 2572; x_wconf 79' lang='lat' dir='ltr'>foedos</span> <span class='ocrx_word' id='word_1_340' title='bbox 1119 2502 1221 2567; x_wconf 88' lang='lat' dir='ltr'>etiam</span> <span class='ocrx_word' id='word_1_341' title='bbox 1238 2501 1370 2568; x_wconf 89' lang='lat' dir='ltr'>additur</span> <span class='ocrx_word' id='word_1_342' title='bbox 1391 2503 1496 2569; x_wconf 85' lang='lat' dir='ltr'>altera</span> <span class='ocrx_word' id='word_1_343' title='bbox 1512 2504 1769 2585; x_wconf 89' lang='lat' dir='ltr'>oiroumstantia‚</span> <span class='ocrx_word' id='word_1_344' title='bbox 1786 2504 1871 2588; x_wconf 90' lang='lat' dir='ltr'>quod</span> <span class='ocrx_word' id='word_1_345' title='bbox 1890 2505 1982 2572; x_wconf 92' lang='lat' dir='ltr'>humi</span> <span class='ocrx_word' id='word_1_346' title='bbox 2001 2527 2093 2574; x_wconf 90' lang='lat' dir='ltr'>sano-</span> 
     </span>
     <span class='ocr_line' id='line_1_25' title="bbox 90 2586 2091 2677; baseline 0.002 -21"><span class='ocrx_word' id='word_1_347' title='bbox 90 2609 221 2657; x_wconf 87' lang='lat' dir='ltr'>errores</span> <span class='ocrx_word' id='word_1_348' title='bbox 250 2597 348 2676; x_wconf 87' lang='lat' dir='ltr'>atque</span> <span class='ocrx_word' id='word_1_349' title='bbox 375 2590 495 2656; x_wconf 89' lang='lat' dir='ltr'>abusus</span> <span class='ocrx_word' id='word_1_350' title='bbox 516 2591 551 2655; x_wconf 95' lang='lat' dir='ltr'>in</span> <span class='ocrx_word' id='word_1_351' title='bbox 574 2597 695 2674; x_wconf 87' lang='lat' dir='ltr'>papatu</span> <span class='ocrx_word' id='word_1_352' title='bbox 722 2599 886 2674; x_wconf 88' lang='lat' dir='ltr'>grassatos</span> <span class='ocrx_word' id='word_1_353' title='bbox 913 2610 999 2671; x_wconf 87' lang='lat' dir='ltr'>esse,</span> <span class='ocrx_word' id='word_1_354' title='bbox 1029 2601 1068 2655; x_wconf 86' lang='lat' dir='ltr'>ut</span> <span class='ocrx_word' id='word_1_355' title='bbox 1119 2593 1174 2652; x_wconf 87' lang='lat' dir='ltr'>tus</span> <span class='ocrx_word' id='word_1_356' title='bbox 1195 2586 1247 2651; x_wconf 85' lang='lat' dir='ltr'>vir</span> <span class='ocrx_word' id='word_1_357' title='bbox 1268 2586 1331 2653; x_wconf 88' lang='lat' dir='ltr'>sub</span> <span class='ocrx_word' id='word_1_358' title='bbox 1357 2587 1411 2654; x_wconf 90' lang='lat' dir='ltr'>dio</span> <span class='ocrx_word' id='word_1_359' title='bbox 1437 2587 1552 2654; x_wconf 88' lang='lat' dir='ltr'>onbuit</span> <span class='ocrx_word' id='word_1_360' title='bbox 1578 2589 1648 2654; x_wconf 91' lang='lat' dir='ltr'>eine</span> <span class='ocrx_word' id='word_1_361' title='bbox 1677 2591 1811 2670; x_wconf 88' lang='lat' dir='ltr'>eomite,</span> <span class='ocrx_word' id='word_1_362' title='bbox 1839 2591 1911 2657; x_wconf 90' lang='lat' dir='ltr'>sine</span> <span class='ocrx_word' id='word_1_363' title='bbox 1939 2591 2091 2677; x_wconf 92' lang='lat' dir='ltr'>hospitio.</span> 
     </span>
     <span class='ocr_line' id='line_1_26' title="bbox 90 2670 2092 2762; baseline 0.003 -22"><span class='ocrx_word' id='word_1_364' title='bbox 90 2675 326 2742; x_wconf 77' lang='lat' dir='ltr'>reformatione</span> <span class='ocrx_word' id='word_1_365' title='bbox 346 2677 480 2741; x_wconf 90' lang='lat' dir='ltr'>omnino</span> <span class='ocrx_word' id='word_1_366' title='bbox 501 2676 546 2741; x_wconf 92' lang='lat' dir='ltr'>sit</span> <span class='ocrx_word' id='word_1_367' title='bbox 574 2694 672 2758; x_wconf 89' lang='lat' dir='ltr'>opus:</span> <span class='ocrx_word' id='word_1_368' title='bbox 703 2675 761 2741; x_wconf 90' lang='lat' dir='ltr'>sed</span> <span class='ocrx_word' id='word_1_369' title='bbox 788 2677 944 2742; x_wconf 80' lang='lat' dir='ltr'>foetorem</span> <span class='ocrx_word' id='word_1_370' title='bbox 976 2675 1067 2743; x_wconf 91' lang='lat' dir='ltr'>illius</span> <span class='ocrx_word' id='word_1_371' title='bbox 1120 2670 1228 2739; x_wconf 82' lang='lat' dir='ltr'>Siouti</span> <span class='ocrx_word' id='word_1_372' title='bbox 1256 2682 1368 2739; x_wconf 92' lang='lat' dir='ltr'>antem</span> <span class='ocrx_word' id='word_1_373' title='bbox 1395 2672 1539 2740; x_wconf 86' lang='lat' dir='ltr'>breviter</span> <span class='ocrx_word' id='word_1_374' title='bbox 1559 2673 1641 2740; x_wconf 84' lang='lat' dir='ltr'>haee</span> <span class='ocrx_word' id='word_1_375' title='bbox 1663 2681 1791 2741; x_wconf 89' lang='lat' dir='ltr'>tantum</span> <span class='ocrx_word' id='word_1_376' title='bbox 1817 2678 1951 2762; x_wconf 86' lang='lat' dir='ltr'>attingit</span> <span class='ocrx_word' id='word_1_377' title='bbox 1971 2679 2092 2762; x_wconf 85' lang='lat' dir='ltr'>Moses,</span> 
     </span>
     <span class='ocr_line' id='line_1_27' title="bbox 90 2758 2093 2848; baseline 0.001 -20"><span class='ocrx_word' id='word_1_378' title='bbox 90 2759 293 2828; x_wconf 80' lang='lat' dir='ltr'>Camarinae</span> <span class='ocrx_word' id='word_1_379' title='bbox 313 2761 438 2828; x_wconf 88' lang='lat' dir='ltr'>moveri</span> <span class='ocrx_word' id='word_1_380' title='bbox 459 2760 592 2826; x_wconf 90' lang='lat' dir='ltr'>nolunt:</span> <span class='ocrx_word' id='word_1_381' title='bbox 613 2768 742 2827; x_wconf 88' lang='lat' dir='ltr'>tantum</span> <span class='ocrx_word' id='word_1_382' title='bbox 762 2761 865 2846; x_wconf 89' lang='lat' dir='ltr'>igitur</span> <span class='ocrx_word' id='word_1_383' title='bbox 882 2761 1067 2846; x_wconf 87' lang='lat' dir='ltr'>emplastris</span> <span class='ocrx_word' id='word_1_384' title='bbox 1118 2758 1165 2822; x_wconf 88' lang='lat' dir='ltr'>ita</span> <span class='ocrx_word' id='word_1_385' title='bbox 1186 2779 1291 2842; x_wconf 88' lang='lat' dir='ltr'>neque</span> <span class='ocrx_word' id='word_1_386' title='bbox 1313 2779 1374 2843; x_wconf 89' lang='lat' dir='ltr'>ego</span> <span class='ocrx_word' id='word_1_387' title='bbox 1393 2758 1532 2842; x_wconf 82' lang='lat' dir='ltr'>prolixis</span> <span class='ocrx_word' id='word_1_388' title='bbox 1552 2760 1662 2826; x_wconf 89' lang='lat' dir='ltr'>verbis</span> <span class='ocrx_word' id='word_1_389' title='bbox 1683 2768 1772 2827; x_wconf 84' lang='lat' dir='ltr'>utar:</span> <span class='ocrx_word' id='word_1_390' title='bbox 1795 2781 1849 2828; x_wconf 87' lang='lat' dir='ltr'>res</span> <span class='ocrx_word' id='word_1_391' title='bbox 1871 2763 1959 2828; x_wconf 91' lang='lat' dir='ltr'>enim</span> <span class='ocrx_word' id='word_1_392' title='bbox 1981 2785 2040 2848; x_wconf 90' lang='lat' dir='ltr'>per</span> <span class='ocrx_word' id='word_1_393' title='bbox 2057 2787 2093 2832; x_wconf 91' lang='lat' dir='ltr'>se</span> 
     </span>
     <span class='ocr_line' id='line_1_28' title="bbox 86 2843 2093 3016; baseline 0.001 -17"><span class='ocrx_word' id='word_1_394' title='bbox 86 2857 255 3000; x_wconf 51' lang='lat' dir='ltr'>titii</span> <span class='ocrx_word' id='word_1_395' title='bbox 279 2845 486 3016; x_wconf 63' lang='lat' dir='ltr'>isitii.</span> <span class='ocrx_word' id='word_1_396' title='bbox 505 2845 1068 3000; x_wconf 53' lang='lat' dir='ltr'>heistettttatth</span> <span class='ocrx_word' id='word_1_397' title='bbox 1118 2843 1270 2995; x_wconf 60' lang='lat' dir='ltr'>libili·</span> <span class='ocrx_word' id='word_1_398' title='bbox 1303 2843 2093 3002; x_wconf 61' lang='lat' dir='ltr'>ithai”tiltttlititthhtit</span> 
     </span>
     <span class='ocr_line' id='line_1_29' title="bbox 221 2979 1269 3010; baseline 0 0"><span class='ocrx_word' id='word_1_399' title='bbox 221 2982 229 2998; x_wconf 90' lang='lat'><strong>·</strong></span> <span class='ocrx_word' id='word_1_400' title='bbox 1261 2979 1269 3010; x_wconf 90' lang='grc' dir='ltr'>ι</span> 
     </span>
     <span class='ocr_line' id='line_1_30' title="bbox 18 2957 2091 3102; baseline -0.003 -16"><span class='ocrx_word' id='word_1_401' title='bbox 18 3055 20 3058; x_wconf 95' lang='grc'>-</span> <span class='ocrx_word' id='word_1_402' title='bbox 85 3039 224 3086; x_wconf 82' lang='lat' dir='ltr'>suornm</span> <span class='ocrx_word' id='word_1_403' title='bbox 246 3017 312 3084; x_wconf 91' lang='lat' dir='ltr'>Dei</span> <span class='ocrx_word' id='word_1_404' title='bbox 333 3017 475 3098; x_wconf 88' lang='lat' dir='ltr'>oultum,</span> <span class='ocrx_word' id='word_1_405' title='bbox 507 3017 566 3083; x_wconf 92' lang='lat' dir='ltr'>sod</span> <span class='ocrx_word' id='word_1_406' title='bbox 595 3019 670 3102; x_wconf 87' lang='lat' dir='ltr'>quia</span> <span class='ocrx_word' id='word_1_407' title='bbox 692 3016 791 3086; x_wconf 86' lang='lat' dir='ltr'>verbo</span> <span class='ocrx_word' id='word_1_408' title='bbox 812 3018 932 3098; x_wconf 85' lang='lat' dir='ltr'>Dsiin</span> <span class='ocrx_word' id='word_1_409' title='bbox 960 3019 1067 3085; x_wconf 87' lang='lat' dir='ltr'>lueom</span> <span class='ocrx_word' id='word_1_410' title='bbox 1119 3013 1205 3098; x_wconf 90' lang='lat' dir='ltr'>quod</span> <span class='ocrx_word' id='word_1_411' title='bbox 1226 3015 1372 3083; x_wconf 89' lang='lat' dir='ltr'>lautitias</span> <span class='ocrx_word' id='word_1_412' title='bbox 1392 3025 1522 3082; x_wconf 87' lang='lat' dir='ltr'>nostras</span> <span class='ocrx_word' id='word_1_413' title='bbox 1543 3017 1694 3102; x_wconf 84' lang='lat' dir='ltr'>oorrigat.</span> <span class='ocrx_word' id='word_1_414' title='bbox 1990 2957 2011 3020; x_wconf 71' lang='lat' dir='ltr'><strong>p</strong></span> <span class='ocrx_word' id='word_1_415' title='bbox 2082 2987 2091 3018; x_wconf 73' lang='grc'><strong><em>’</em></strong></span> 
     </span>
     <span class='ocr_line' id='line_1_31' title="bbox 85 3101 2092 3192; baseline 0.003 -24"><span class='ocrx_word' id='word_1_416' title='bbox 85 3125 181 3172; x_wconf 91' lang='lat' dir='ltr'>nuno</span> <span class='ocrx_word' id='word_1_417' title='bbox 204 3105 363 3188; x_wconf 87' lang='lat' dir='ltr'>protraeti</span> <span class='ocrx_word' id='word_1_418' title='bbox 385 3111 476 3180; x_wconf 87' lang='lat' dir='ltr'>sunt,</span> <span class='ocrx_word' id='word_1_419' title='bbox 498 3102 572 3169; x_wconf 90' lang='lat' dir='ltr'>ideo</span> <span class='ocrx_word' id='word_1_420' title='bbox 593 3103 795 3171; x_wconf 90' lang='lat' dir='ltr'>deseendunt</span> <span class='ocrx_word' id='word_1_421' title='bbox 816 3104 856 3169; x_wconf 92' lang='lat' dir='ltr'>ad</span> <span class='ocrx_word' id='word_1_422' title='bbox 878 3103 959 3171; x_wconf 90' lang='lat' dir='ltr'>haee</span> <span class='ocrx_word' id='word_1_423' title='bbox 980 3125 1068 3172; x_wconf 87' lang='lat' dir='ltr'>nova</span> <span class='ocrx_word' id='word_1_424' title='bbox 1206 3101 1257 3168; x_wconf 84' lang='lat'>12.</span> <span class='ocrx_word' id='word_1_425' title='bbox 1280 3101 1325 3167; x_wconf 76' lang='lat' dir='ltr'>Ee</span> <span class='ocrx_word' id='word_1_426' title='bbox 1344 3103 1519 3168; x_wconf 78' lang='lat' dir='ltr'>somniarit.</span> <span class='ocrx_word' id='word_1_427' title='bbox 1563 3101 1669 3169; x_wconf 88' lang='lat' dir='ltr'>Dooet</span> <span class='ocrx_word' id='word_1_428' title='bbox 1698 3102 1752 3170; x_wconf 90' lang='lat' dir='ltr'>hio</span> <span class='ocrx_word' id='word_1_429' title='bbox 1773 3103 1883 3171; x_wconf 87' lang='lat' dir='ltr'>Moses</span> <span class='ocrx_word' id='word_1_430' title='bbox 1912 3125 2011 3190; x_wconf 87' lang='lat' dir='ltr'>quem</span> <span class='ocrx_word' id='word_1_431' title='bbox 2033 3124 2092 3192; x_wconf 91' lang='lat' dir='ltr'>op·</span> 
     </span>
     <span class='ocr_line' id='line_1_32' title="bbox 84 3187 2092 3291; baseline 0.002 -35"><span class='ocrx_word' id='word_1_432' title='bbox 84 3189 245 3257; x_wconf 82' lang='lat' dir='ltr'>artifieio.</span> <span class='ocrx_word' id='word_1_433' title='bbox 280 3187 346 3257; x_wconf 82' lang='lat' dir='ltr'>Sed</span> <span class='ocrx_word' id='word_1_434' title='bbox 363 3189 486 3255; x_wconf 85' lang='lat' dir='ltr'>frustra</span> <span class='ocrx_word' id='word_1_435' title='bbox 503 3188 564 3256; x_wconf 89' lang='lat' dir='ltr'>sihi</span> <span class='ocrx_word' id='word_1_436' title='bbox 586 3189 715 3256; x_wconf 90' lang='lat' dir='ltr'>delitias</span> <span class='ocrx_word' id='word_1_437' title='bbox 737 3190 870 3270; x_wconf 83' lang='lat' dir='ltr'>faeiunt,</span> <span class='ocrx_word' id='word_1_438' title='bbox 891 3189 925 3254; x_wconf 91' lang='lat' dir='ltr'>in</span> <span class='ocrx_word' id='word_1_439' title='bbox 948 3190 1068 3272; x_wconf 89' lang='lat' dir='ltr'>quibus</span> <span class='ocrx_word' id='word_1_440' title='bbox 1118 3193 1259 3270; x_wconf 85' lang='lat' dir='ltr'>portuno</span> <span class='ocrx_word' id='word_1_441' title='bbox 1280 3207 1375 3254; x_wconf 88' lang='lat' dir='ltr'>servo</span> <span class='ocrx_word' id='word_1_442' title='bbox 1392 3207 1453 3254; x_wconf 89' lang='lat' dir='ltr'>suo</span> <span class='ocrx_word' id='word_1_443' title='bbox 1470 3188 1641 3268; x_wconf 90' lang='lat' dir='ltr'>Dominus,</span> <span class='ocrx_word' id='word_1_444' title='bbox 1664 3196 1698 3254; x_wconf 89' lang='lat' dir='ltr'>et</span> <span class='ocrx_word' id='word_1_445' title='bbox 1720 3190 1755 3253; x_wconf 95' lang='lat' dir='ltr'>in</span> <span class='ocrx_word' id='word_1_446' title='bbox 1775 3189 1846 3274; x_wconf 91' lang='lat' dir='ltr'>ipso</span> <span class='ocrx_word' id='word_1_447' title='bbox 1867 3189 1966 3291; x_wconf 72' lang='lat' dir='ltr'>(quod</span> <span class='ocrx_word' id='word_1_448' title='bbox 1987 3193 2092 3283; x_wconf 89' lang='lat' dir='ltr'>aiunt)</span> 
     </span>
     <span class='ocr_line' id='line_1_33' title="bbox 82 3273 2093 3360; baseline 0.002 -18"><span class='ocrx_word' id='word_1_449' title='bbox 82 3277 148 3342; x_wconf 89' lang='lat' dir='ltr'>sub</span> <span class='ocrx_word' id='word_1_450' title='bbox 178 3295 324 3360; x_wconf 85' lang='lat' dir='ltr'>persone</span> <span class='ocrx_word' id='word_1_451' title='bbox 344 3275 436 3341; x_wconf 84' lang='lat' dir='ltr'>llsau</span> <span class='ocrx_word' id='word_1_452' title='bbox 457 3273 511 3340; x_wconf 92' lang='lat' dir='ltr'>hio</span> <span class='ocrx_word' id='word_1_453' title='bbox 531 3295 552 3340; x_wconf 86' lang='lat' dir='ltr'>a</span> <span class='ocrx_word' id='word_1_454' title='bbox 573 3275 667 3342; x_wconf 84' lang='lat' dir='ltr'>Mose</span> <span class='ocrx_word' id='word_1_455' title='bbox 694 3275 903 3342; x_wconf 88' lang='lat' dir='ltr'>damnantur.</span> <span class='ocrx_word' id='word_1_456' title='bbox 947 3275 1068 3342; x_wconf 84' lang='lat' dir='ltr'>Valeat</span> <span class='ocrx_word' id='word_1_457' title='bbox 1119 3273 1273 3355; x_wconf 88' lang='lat' dir='ltr'>temporis</span> <span class='ocrx_word' id='word_1_458' title='bbox 1298 3273 1435 3339; x_wconf 87' lang='lat' dir='ltr'>artioulo</span> <span class='ocrx_word' id='word_1_459' title='bbox 1462 3273 1667 3340; x_wconf 86' lang='lat' dir='ltr'>sueourrerit.</span> <span class='ocrx_word' id='word_1_460' title='bbox 1718 3273 1804 3356; x_wconf 78' lang='lat' dir='ltr'>Quis</span> <span class='ocrx_word' id='word_1_461' title='bbox 1831 3298 1920 3342; x_wconf 90' lang='lat' dir='ltr'>emm</span> <span class='ocrx_word' id='word_1_462' title='bbox 1947 3298 2014 3344; x_wconf 92' lang='lat' dir='ltr'>non</span> <span class='ocrx_word' id='word_1_463' title='bbox 2043 3279 2093 3346; x_wconf 91' lang='lat' dir='ltr'>di-</span> 
     </span>
     <span class='ocr_line' id='line_1_34' title="bbox 80 3357 2093 3447; baseline 0.002 -20"><span class='ocrx_word' id='word_1_464' title='bbox 80 3361 193 3447; x_wconf 88' lang='lat' dir='ltr'>igitur</span> <span class='ocrx_word' id='word_1_465' title='bbox 210 3359 336 3445; x_wconf 89' lang='lat' dir='ltr'>putida,</span> <span class='ocrx_word' id='word_1_466' title='bbox 357 3379 456 3444; x_wconf 85' lang='lat' dir='ltr'>quam</span> <span class='ocrx_word' id='word_1_467' title='bbox 473 3360 640 3442; x_wconf 87' lang='lat' dir='ltr'>simulant,</span> <span class='ocrx_word' id='word_1_468' title='bbox 662 3361 859 3439; x_wconf 82' lang='lat' dir='ltr'>reformatio,</span> <span class='ocrx_word' id='word_1_469' title='bbox 881 3381 965 3445; x_wconf 87' lang='lat' dir='ltr'>quae</span> <span class='ocrx_word' id='word_1_470' title='bbox 983 3361 1068 3427; x_wconf 92' lang='lat' dir='ltr'>nihil</span> <span class='ocrx_word' id='word_1_471' title='bbox 1119 3358 1223 3424; x_wconf 87' lang='lat' dir='ltr'>xisset</span> <span class='ocrx_word' id='word_1_472' title='bbox 1244 3365 1393 3424; x_wconf 89' lang='lat' dir='ltr'>sanetum</span> <span class='ocrx_word' id='word_1_473' title='bbox 1409 3357 1512 3425; x_wconf 57' lang='lat' dir='ltr'>‘Iaoob</span> <span class='ocrx_word' id='word_1_474' title='bbox 1534 3379 1554 3424; x_wconf 91' lang='lat' dir='ltr'>a</span> <span class='ocrx_word' id='word_1_475' title='bbox 1574 3360 1646 3426; x_wconf 91' lang='lat' dir='ltr'>Deo</span> <span class='ocrx_word' id='word_1_476' title='bbox 1668 3361 1807 3444; x_wconf 86' lang='lat' dir='ltr'>negligi,</span> <span class='ocrx_word' id='word_1_477' title='bbox 1840 3363 1896 3445; x_wconf 91' lang='lat' dir='ltr'>qui</span> <span class='ocrx_word' id='word_1_478' title='bbox 1919 3363 1960 3429; x_wconf 88' lang='lat' dir='ltr'>ad</span> <span class='ocrx_word' id='word_1_479' title='bbox 1981 3365 2093 3432; x_wconf 85' lang='lat' dir='ltr'>inour·</span> 
     </span>
     <span class='ocr_line' id='line_1_35' title="bbox 80 3443 2093 3599; baseline 0.002 -86"><span class='ocrx_word' id='word_1_480' title='bbox 80 3448 235 3598; x_wconf 52' lang='lat' dir='ltr'>iimplex</span> <span class='ocrx_word' id='word_1_481' title='bbox 252 3445 349 3512; x_wconf 85' lang='lat' dir='ltr'>affert</span> <span class='ocrx_word' id='word_1_482' title='bbox 365 3465 426 3548; x_wconf 77' lang='lat' dir='ltr'>neo</span> <span class='ocrx_word' id='word_1_483' title='bbox 442 3446 615 3596; x_wconf 56' lang='lat' dir='ltr'>sitnoerum.</span> <span class='ocrx_word' id='word_1_484' title='bbox 650 3447 755 3599; x_wconf 57' lang='grc' dir='ltr'><strong>Ριῖιξι</strong></span> <span class='ocrx_word' id='word_1_485' title='bbox 771 3447 848 3530; x_wconf 90' lang='lat' dir='ltr'>quia</span> <span class='ocrx_word' id='word_1_486' title='bbox 864 3446 919 3547; x_wconf 81' lang='lat' dir='ltr'>hio</span> <span class='ocrx_word' id='word_1_487' title='bbox 935 3447 1067 3599; x_wconf 61' lang='lat' dir='ltr'>morbfia</span> <span class='ocrx_word' id='word_1_488' title='bbox 1119 3465 1191 3594; x_wconf 60' lang='grc' dir='ltr'><strong>ῗὲιιιι</strong></span> <span class='ocrx_word' id='word_1_489' title='bbox 1213 3444 1356 3545; x_wconf 77' lang='lat' dir='ltr'>ferarum</span> <span class='ocrx_word' id='word_1_490' title='bbox 1386 3445 1571 3595; x_wconf 51' lang='lat' dir='ltr'>onpositrlrlsl,</span> <span class='ocrx_word' id='word_1_491' title='bbox 1603 3453 1637 3510; x_wconf 93' lang='grc' dir='ltr'>ιι</span> <span class='ocrx_word' id='word_1_492' title='bbox 1657 3443 1990 3596; x_wconf 42' lang='lat' dir='ltr'>obnoxiusqonrnibus</span> <span class='ocrx_word' id='word_1_493' title='bbox 2012 3451 2093 3552; x_wconf 78' lang='lat' dir='ltr'>ooeli</span> 
     </span>
     <span class='ocr_line' id='line_1_36' title="bbox 78 3535 2092 3703; baseline 0.002 -17"><span class='ocrx_word' id='word_1_494' title='bbox 78 3539 1068 3703; x_wconf 54' lang='lat' dir='ltr'>,tlthisiasteriumstatutas</span> <span class='ocrx_word' id='word_1_495' title='bbox 1118 3550 1555 3699; x_wconf 58' lang='lat' dir='ltr'>,tristitiam</span> <span class='ocrx_word' id='word_1_496' title='bbox 1572 3535 2092 3691; x_wconf 58' lang='lat' dir='ltr'>rttltttt‘thihtitt</span> 
     </span>
     <span class='ocr_line' id='line_1_37' title="bbox 79 3701 2090 3793; baseline 0.001 -24"><span class='ocrx_word' id='word_1_497' title='bbox 79 3725 144 3772; x_wconf 92' lang='lat' dir='ltr'>nos</span> <span class='ocrx_word' id='word_1_498' title='bbox 175 3703 266 3770; x_wconf 90' lang='lat' dir='ltr'>nihil</span> <span class='ocrx_word' id='word_1_499' title='bbox 295 3723 409 3790; x_wconf 89' lang='lat' dir='ltr'>agere,</span> <span class='ocrx_word' id='word_1_500' title='bbox 439 3703 543 3768; x_wconf 91' lang='lat' dir='ltr'>donee</span> <span class='ocrx_word' id='word_1_501' title='bbox 573 3702 713 3769; x_wconf 85' lang='lat' dir='ltr'>revulsis</span> <span class='ocrx_word' id='word_1_502' title='bbox 734 3723 754 3768; x_wconf 89' lang='lat' dir='ltr'>a</span> <span class='ocrx_word' id='word_1_503' title='bbox 779 3703 888 3770; x_wconf 84' lang='lat' dir='ltr'>radios</span> <span class='ocrx_word' id='word_1_504' title='bbox 916 3706 1066 3788; x_wconf 87' lang='lat' dir='ltr'>peooatis,</span> <span class='ocrx_word' id='word_1_505' title='bbox 1118 3701 1358 3782; x_wconf 84' lang='lat' dir='ltr'>neoesritatem,</span> <span class='ocrx_word' id='word_1_506' title='bbox 1379 3701 1544 3768; x_wconf 88' lang='lat' dir='ltr'>Dominus</span> <span class='ocrx_word' id='word_1_507' title='bbox 1564 3714 1698 3785; x_wconf 89' lang='lat' dir='ltr'>repente</span> <span class='ocrx_word' id='word_1_508' title='bbox 1718 3702 1767 3768; x_wconf 88' lang='lat' dir='ltr'>illi</span> <span class='ocrx_word' id='word_1_509' title='bbox 1790 3721 1921 3770; x_wconf 87' lang='lat' dir='ltr'>manum</span> <span class='ocrx_word' id='word_1_510' title='bbox 1944 3709 2090 3793; x_wconf 87' lang='lat' dir='ltr'>porrigit,</span> 
     </span>
     <span class='ocr_line' id='line_1_38' title="bbox 76 3786 2089 3874; baseline 0.001 -17"><span class='ocrx_word' id='word_1_511' title='bbox 76 3791 225 3874; x_wconf 90' lang='lat' dir='ltr'>penitus</span> <span class='ocrx_word' id='word_1_512' title='bbox 244 3791 317 3856; x_wconf 93' lang='lat' dir='ltr'>Deo</span> <span class='ocrx_word' id='word_1_513' title='bbox 337 3809 398 3854; x_wconf 90' lang='lat' dir='ltr'>nos</span> <span class='ocrx_word' id='word_1_514' title='bbox 420 3787 570 3856; x_wconf 87' lang='lat' dir='ltr'>addioere</span> <span class='ocrx_word' id='word_1_515' title='bbox 590 3786 801 3856; x_wconf 88' lang='lat' dir='ltr'>studebimus.</span> <span class='ocrx_word' id='word_1_516' title='bbox 1116 3787 1252 3870; x_wconf 90' lang='lat' dir='ltr'>eiusque</span> <span class='ocrx_word' id='word_1_517' title='bbox 1273 3787 1438 3853; x_wconf 88' lang='lat' dir='ltr'>molestias</span> <span class='ocrx_word' id='word_1_518' title='bbox 1462 3787 1630 3871; x_wconf 86' lang='lat' dir='ltr'>praeolaro</span> <span class='ocrx_word' id='word_1_519' title='bbox 1656 3789 1788 3855; x_wconf 89' lang='lat' dir='ltr'>oraeulo</span> <span class='ocrx_word' id='word_1_520' title='bbox 1817 3791 1953 3858; x_wconf 80' lang='lat' dir='ltr'>mirifice</span> <span class='ocrx_word' id='word_1_521' title='bbox 1982 3793 2089 3860; x_wconf 91' lang='lat' dir='ltr'>suble·</span> 
     </span>
     <span class='ocr_line' id='line_1_39' title="bbox 174 3871 2089 3964; baseline 0.003 -22"><span class='ocrx_word' id='word_1_522' title='bbox 174 3877 232 3942; x_wconf 92' lang='lat'>10.</span> <span class='ocrx_word' id='word_1_523' title='bbox 265 3875 311 3942; x_wconf 79' lang='lat' dir='ltr'>ut</span> <span class='ocrx_word' id='word_1_524' title='bbox 341 3893 483 3959; x_wconf 69' lang='grc' dir='ltr'><strong>ιιιιιιιιι</strong></span> <span class='ocrx_word' id='word_1_525' title='bbox 512 3873 654 3940; x_wconf 83' lang='grc' dir='ltr'><strong>Ιιιιιιοι.</strong></span> <span class='ocrx_word' id='word_1_526' title='bbox 704 3873 748 3939; x_wconf 91' lang='lat' dir='ltr'>In</span> <span class='ocrx_word' id='word_1_527' title='bbox 780 3874 879 3940; x_wconf 87' lang='lat' dir='ltr'>huius</span> <span class='ocrx_word' id='word_1_528' title='bbox 911 3874 1066 3943; x_wconf 87' lang='lat' dir='ltr'>historiae</span> <span class='ocrx_word' id='word_1_529' title='bbox 1117 3879 1182 3940; x_wconf 90' lang='lat' dir='ltr'>vat.</span> <span class='ocrx_word' id='word_1_530' title='bbox 1222 3871 1328 3939; x_wconf 81' lang='lat' dir='ltr'>Siouti</span> <span class='ocrx_word' id='word_1_531' title='bbox 1350 3893 1428 3958; x_wconf 91' lang='lat' dir='ltr'>ergo</span> <span class='ocrx_word' id='word_1_532' title='bbox 1449 3874 1541 3957; x_wconf 88' lang='lat' dir='ltr'>prius</span> <span class='ocrx_word' id='word_1_533' title='bbox 1562 3874 1682 3940; x_wconf 89' lang='lat' dir='ltr'>enituit</span> <span class='ocrx_word' id='word_1_534' title='bbox 1701 3875 1826 3941; x_wconf 90' lang='lat' dir='ltr'>inviota</span> <span class='ocrx_word' id='word_1_535' title='bbox 1846 3877 1917 3942; x_wconf 89' lang='lat' dir='ltr'>eius</span> <span class='ocrx_word' id='word_1_536' title='bbox 1936 3899 2089 3964; x_wconf 88' lang='lat' dir='ltr'>perseve-</span> 
     </span>
     <span class='ocr_line' id='line_1_40' title="bbox 72 3958 2089 4046; baseline 0.002 -17"><span class='ocrx_word' id='word_1_537' title='bbox 72 3970 251 4029; x_wconf 83' lang='lat' dir='ltr'>oontextu</span> <span class='ocrx_word' id='word_1_538' title='bbox 272 3962 335 4026; x_wconf 89' lang='lat' dir='ltr'>hoo</span> <span class='ocrx_word' id='word_1_539' title='bbox 356 3963 391 4026; x_wconf 95' lang='lat' dir='ltr'>in</span> <span class='ocrx_word' id='word_1_540' title='bbox 413 3959 529 4044; x_wconf 88' lang='lat' dir='ltr'>primis</span> <span class='ocrx_word' id='word_1_541' title='bbox 554 3959 734 4024; x_wconf 89' lang='lat' dir='ltr'>notandum</span> <span class='ocrx_word' id='word_1_542' title='bbox 755 3967 820 4038; x_wconf 90' lang='lat' dir='ltr'>est,</span> <span class='ocrx_word' id='word_1_543' title='bbox 849 3960 1009 4045; x_wconf 90' lang='lat' dir='ltr'>quomodo</span> <span class='ocrx_word' id='word_1_544' title='bbox 1029 3963 1066 4028; x_wconf 92' lang='lat' dir='ltr'>in</span> <span class='ocrx_word' id='word_1_545' title='bbox 1116 3958 1240 4025; x_wconf 87' lang='lat' dir='ltr'>rantia:</span> <span class='ocrx_word' id='word_1_546' title='bbox 1263 3959 1311 4024; x_wconf 90' lang='lat' dir='ltr'>sio</span> <span class='ocrx_word' id='word_1_547' title='bbox 1322 3959 1487 4025; x_wconf 91' lang='lat' dir='ltr'>Dominus</span> <span class='ocrx_word' id='word_1_548' title='bbox 1504 3980 1593 4025; x_wconf 94' lang='lat' dir='ltr'>nuno</span> <span class='ocrx_word' id='word_1_549' title='bbox 1615 3968 1770 4043; x_wconf 84' lang='lat' dir='ltr'>paternae</span> <span class='ocrx_word' id='word_1_550' title='bbox 1787 3981 1866 4046; x_wconf 90' lang='lat' dir='ltr'>erga</span> <span class='ocrx_word' id='word_1_551' title='bbox 1882 3961 1994 4030; x_wconf 91' lang='lat' dir='ltr'>fideles</span> <span class='ocrx_word' id='word_1_552' title='bbox 2011 3986 2089 4034; x_wconf 88' lang='lat' dir='ltr'>suos</span> 
     </span>
     <span class='ocr_line' id='line_1_41' title="bbox 74 4043 2087 4130; baseline 0.002 -15"><span class='ocrx_word' id='word_1_553' title='bbox 74 4050 186 4116; x_wconf 86' lang='lat' dir='ltr'>nnius</span> <span class='ocrx_word' id='word_1_554' title='bbox 212 4046 356 4113; x_wconf 89' lang='lat' dir='ltr'>hominis</span> <span class='ocrx_word' id='word_1_555' title='bbox 383 4045 488 4130; x_wconf 88' lang='lat' dir='ltr'>eapite</span> <span class='ocrx_word' id='word_1_556' title='bbox 510 4044 676 4111; x_wconf 88' lang='lat' dir='ltr'>Dominus</span> <span class='ocrx_word' id='word_1_557' title='bbox 701 4044 869 4111; x_wconf 89' lang='lat' dir='ltr'>eoelesiam</span> <span class='ocrx_word' id='word_1_558' title='bbox 898 4067 991 4113; x_wconf 89' lang='lat' dir='ltr'>snam</span> <span class='ocrx_word' id='word_1_559' title='bbox 1013 4056 1065 4114; x_wconf 91' lang='lat' dir='ltr'>tu-</span> <span class='ocrx_word' id='word_1_560' title='bbox 1116 4065 1214 4110; x_wconf 90' lang='lat' dir='ltr'>ourae</span> <span class='ocrx_word' id='word_1_561' title='bbox 1239 4043 1448 4109; x_wconf 86' lang='lat' dir='ltr'>memorabile</span> <span class='ocrx_word' id='word_1_562' title='bbox 1479 4047 1643 4128; x_wconf 89' lang='lat' dir='ltr'>speoimen</span> <span class='ocrx_word' id='word_1_563' title='bbox 1671 4046 1747 4111; x_wconf 91' lang='lat' dir='ltr'>edit.</span> <span class='ocrx_word' id='word_1_564' title='bbox 1791 4047 1869 4112; x_wconf 66' lang='lat' dir='ltr'>Tria</span> <span class='ocrx_word' id='word_1_565' title='bbox 1896 4057 2004 4115; x_wconf 90' lang='lat' dir='ltr'>autem</span> <span class='ocrx_word' id='word_1_566' title='bbox 2033 4051 2087 4120; x_wconf 91' lang='lat' dir='ltr'>hio</span> 
     </span>
     <span class='ocr_line' id='line_1_42' title="bbox 72 4128 2087 4220; baseline 0.001 -19"><span class='ocrx_word' id='word_1_567' title='bbox 72 4141 173 4201; x_wconf 86' lang='lat' dir='ltr'>tatus</span> <span class='ocrx_word' id='word_1_568' title='bbox 200 4133 257 4199; x_wconf 89' lang='lat' dir='ltr'>sit.</span> <span class='ocrx_word' id='word_1_569' title='bbox 301 4131 387 4198; x_wconf 86' lang='lat' dir='ltr'>Nam</span> <span class='ocrx_word' id='word_1_570' title='bbox 408 4131 502 4197; x_wconf 84' lang='lat' dir='ltr'>leaeo</span> <span class='ocrx_word' id='word_1_571' title='bbox 522 4152 582 4215; x_wconf 93' lang='lat' dir='ltr'>pro</span> <span class='ocrx_word' id='word_1_572' title='bbox 606 4139 656 4195; x_wconf 84' lang='lat' dir='ltr'>ter</span> <span class='ocrx_word' id='word_1_573' title='bbox 681 4131 808 4197; x_wconf 89' lang='lat' dir='ltr'>senium</span> <span class='ocrx_word' id='word_1_574' title='bbox 834 4131 940 4198; x_wconf 84' lang='lat' dir='ltr'>instar</span> <span class='ocrx_word' id='word_1_575' title='bbox 958 4133 1066 4199; x_wconf 88' lang='lat' dir='ltr'>trunoi</span> <span class='ocrx_word' id='word_1_576' title='bbox 1115 4129 1230 4196; x_wconf 92' lang='lat' dir='ltr'>ordine</span> <span class='ocrx_word' id='word_1_577' title='bbox 1257 4128 1401 4195; x_wconf 87' lang='lat' dir='ltr'>notanda</span> <span class='ocrx_word' id='word_1_578' title='bbox 1429 4137 1521 4194; x_wconf 87' lang='lat' dir='ltr'>sunt:</span> <span class='ocrx_word' id='word_1_579' title='bbox 1548 4130 1668 4212; x_wconf 87' lang='lat' dir='ltr'>primo,</span> <span class='ocrx_word' id='word_1_580' title='bbox 1696 4128 1781 4214; x_wconf 92' lang='lat' dir='ltr'>quod</span> <span class='ocrx_word' id='word_1_581' title='bbox 1803 4133 1965 4200; x_wconf 90' lang='lat' dir='ltr'>Dominus</span> <span class='ocrx_word' id='word_1_582' title='bbox 1986 4157 2087 4220; x_wconf 87' lang='lat' dir='ltr'>appa·</span> 
     </span>
     <span class='ocr_line' id='line_1_43' title="bbox 70 4151 2085 4304; baseline 0.001 -18"><span class='ocrx_word' id='word_1_583' title='bbox 70 4220 168 4286; x_wconf 88' lang='lat' dir='ltr'>aridi</span> <span class='ocrx_word' id='word_1_584' title='bbox 193 4218 339 4285; x_wconf 88' lang='lat' dir='ltr'>iaoebat:</span> <span class='ocrx_word' id='word_1_585' title='bbox 361 4226 395 4283; x_wconf 86' lang='lat' dir='ltr'>et</span> <span class='ocrx_word' id='word_1_586' title='bbox 415 4217 567 4300; x_wconf 87' lang='lat' dir='ltr'>quamvis</span> <span class='ocrx_word' id='word_1_587' title='bbox 583 4151 705 4282; x_wconf 77' lang='lat' dir='ltr'>lateret</span> <span class='ocrx_word' id='word_1_588' title='bbox 720 4216 757 4282; x_wconf 94' lang='lat' dir='ltr'>in</span> <span class='ocrx_word' id='word_1_589' title='bbox 778 4217 850 4282; x_wconf 85' lang='lat' dir='ltr'>eiua</span> <span class='ocrx_word' id='word_1_590' title='bbox 869 4216 966 4284; x_wconf 87' lang='lat' dir='ltr'>eorde</span> <span class='ocrx_word' id='word_1_591' title='bbox 988 4219 1066 4285; x_wconf 88' lang='lat' dir='ltr'>viva</span> <span class='ocrx_word' id='word_1_592' title='bbox 1115 4216 1183 4281; x_wconf 88' lang='lat' dir='ltr'>ruit</span> <span class='ocrx_word' id='word_1_593' title='bbox 1210 4214 1275 4298; x_wconf 90' lang='lat' dir='ltr'>ipsi</span> <span class='ocrx_word' id='word_1_594' title='bbox 1295 4212 1392 4281; x_wconf 89' lang='lat' dir='ltr'>Iaoob</span> <span class='ocrx_word' id='word_1_595' title='bbox 1412 4215 1445 4279; x_wconf 93' lang='lat' dir='ltr'>in</span> <span class='ocrx_word' id='word_1_596' title='bbox 1475 4215 1614 4280; x_wconf 90' lang='lat' dir='ltr'>somnio:</span> <span class='ocrx_word' id='word_1_597' title='bbox 1644 4214 1761 4282; x_wconf 90' lang='lat' dir='ltr'>deinde</span> <span class='ocrx_word' id='word_1_598' title='bbox 1787 4237 1804 4281; x_wconf 91' lang='lat' dir='ltr'>s</span> <span class='ocrx_word' id='word_1_599' title='bbox 1827 4218 1911 4284; x_wconf 89' lang='lat' dir='ltr'>eoies</span> <span class='ocrx_word' id='word_1_600' title='bbox 1939 4221 2085 4304; x_wconf 83' lang='lat' dir='ltr'>visionis,</span> 
     </span>
     <span class='ocr_line' id='line_1_44' title="bbox 68 4239 2086 4390; baseline 0.001 -17"><span class='ocrx_word' id='word_1_601' title='bbox 68 4305 202 4387; x_wconf 81' lang='lat' dir='ltr'>radix,</span> <span class='ocrx_word' id='word_1_602' title='bbox 243 4303 337 4369; x_wconf 90' lang='lat' dir='ltr'>nulla</span> <span class='ocrx_word' id='word_1_603' title='bbox 366 4312 476 4368; x_wconf 86' lang='lat' dir='ltr'>tamen</span> <span class='ocrx_word' id='word_1_604' title='bbox 509 4302 650 4387; x_wconf 86' lang='lat' dir='ltr'>amplius</span> <span class='ocrx_word' id='word_1_605' title='bbox 681 4303 716 4367; x_wconf 93' lang='lat' dir='ltr'>in</span> <span class='ocrx_word' id='word_1_606' title='bbox 748 4302 866 4368; x_wconf 86' lang='lat' dir='ltr'>effoeta</span> <span class='ocrx_word' id='word_1_607' title='bbox 897 4312 930 4369; x_wconf 90' lang='lat' dir='ltr'>et</span> <span class='ocrx_word' id='word_1_608' title='bbox 961 4303 1065 4369; x_wconf 87' lang='lat' dir='ltr'>sterili</span> <span class='ocrx_word' id='word_1_609' title='bbox 1114 4299 1219 4384; x_wconf 85' lang='lat' dir='ltr'>qualis</span> <span class='ocrx_word' id='word_1_610' title='bbox 1241 4299 1566 4366; x_wconf 87' lang='lat' dir='ltr'>deseribituraMose</span> <span class='ocrx_word' id='word_1_611' title='bbox 1583 4298 1695 4386; x_wconf 88' lang='lat' dir='ltr'>(Num.</span> <span class='ocrx_word' id='word_1_612' title='bbox 1716 4301 1766 4382; x_wconf 82' lang='lat'>12,</span> <span class='ocrx_word' id='word_1_613' title='bbox 1784 4239 1834 4390; x_wconf 68' lang='lat' dir='ltr'>dl:</span> <span class='ocrx_word' id='word_1_614' title='bbox 1857 4305 1962 4385; x_wconf 87' lang='lat' dir='ltr'>tertio,</span> <span class='ocrx_word' id='word_1_615' title='bbox 1985 4309 2086 4376; x_wconf 88' lang='lat' dir='ltr'>verba</span> 
     </span>
     <span class='ocr_line' id='line_1_45' title="bbox 66 4384 2086 4474; baseline 0.001 -16"><span class='ocrx_word' id='word_1_616' title='bbox 66 4401 194 4458; x_wconf 81' lang='lat' dir='ltr'>aetate</span> <span class='ocrx_word' id='word_1_617' title='bbox 220 4411 295 4474; x_wconf 89' lang='lat' dir='ltr'>spes</span> <span class='ocrx_word' id='word_1_618' title='bbox 316 4386 437 4454; x_wconf 86' lang='lat' dir='ltr'>sobolis</span> <span class='ocrx_word' id='word_1_619' title='bbox 458 4389 611 4455; x_wconf 90' lang='lat' dir='ltr'>restabat.</span> <span class='ocrx_word' id='word_1_620' title='bbox 647 4389 738 4455; x_wconf 79' lang='lat' dir='ltr'>Esau</span> <span class='ocrx_word' id='word_1_621' title='bbox 759 4388 858 4454; x_wconf 85' lang='lat' dir='ltr'>viridi</span> <span class='ocrx_word' id='word_1_622' title='bbox 880 4388 1014 4473; x_wconf 88' lang='lat' dir='ltr'>quidem</span> <span class='ocrx_word' id='word_1_623' title='bbox 1031 4397 1065 4456; x_wconf 90' lang='lat' dir='ltr'>ot</span> <span class='ocrx_word' id='word_1_624' title='bbox 1113 4385 1246 4452; x_wconf 89' lang='lat' dir='ltr'>oraouli.</span> <span class='ocrx_word' id='word_1_625' title='bbox 1290 4384 1401 4467; x_wconf 81' lang='lat' dir='ltr'>Quum</span> <span class='ocrx_word' id='word_1_626' title='bbox 1423 4385 1541 4451; x_wconf 87' lang='lat' dir='ltr'>somnii</span> <span class='ocrx_word' id='word_1_627' title='bbox 1562 4386 1601 4451; x_wconf 84' lang='lat' dir='ltr'>fit</span> <span class='ocrx_word' id='word_1_628' title='bbox 1622 4388 1757 4466; x_wconf 90' lang='lat' dir='ltr'>mentio,</span> <span class='ocrx_word' id='word_1_629' title='bbox 1786 4408 1854 4453; x_wconf 95' lang='lat' dir='ltr'>non</span> <span class='ocrx_word' id='word_1_630' title='bbox 1878 4389 2013 4457; x_wconf 90' lang='lat' dir='ltr'>dubium</span> <span class='ocrx_word' id='word_1_631' title='bbox 2035 4404 2086 4461; x_wconf 90' lang='lat' dir='ltr'>est</span> 
     </span>
     <span class='ocr_line' id='line_1_46' title="bbox 65 4468 2084 4558; baseline 0 -13"><span class='ocrx_word' id='word_1_632' title='bbox 65 4477 204 4544; x_wconf 86' lang='lat' dir='ltr'>florido</span> <span class='ocrx_word' id='word_1_633' title='bbox 245 4494 338 4541; x_wconf 88' lang='lat' dir='ltr'>ramo</span> <span class='ocrx_word' id='word_1_634' title='bbox 375 4473 507 4554; x_wconf 89' lang='lat' dir='ltr'>similis,</span> <span class='ocrx_word' id='word_1_635' title='bbox 549 4472 728 4557; x_wconf 88' lang='lat' dir='ltr'>plurimum</span> <span class='ocrx_word' id='word_1_636' title='bbox 766 4475 993 4541; x_wconf 85' lang='lat' dir='ltr'>ostentationis</span> <span class='ocrx_word' id='word_1_637' title='bbox 1031 4481 1065 4540; x_wconf 90' lang='lat' dir='ltr'>et</span> <span class='ocrx_word' id='word_1_638' title='bbox 1114 4472 1222 4538; x_wconf 84' lang='lat' dir='ltr'>notari</span> <span class='ocrx_word' id='word_1_639' title='bbox 1235 4480 1360 4536; x_wconf 87' lang='lat' dir='ltr'>eertum</span> <span class='ocrx_word' id='word_1_640' title='bbox 1377 4468 1461 4535; x_wconf 92' lang='lat' dir='ltr'>illud</span> <span class='ocrx_word' id='word_1_641' title='bbox 1482 4471 1691 4538; x_wconf 89' lang='lat' dir='ltr'>revelationis</span> <span class='ocrx_word' id='word_1_642' title='bbox 1712 4494 1825 4558; x_wconf 88' lang='lat' dir='ltr'>genus,</span> <span class='ocrx_word' id='word_1_643' title='bbox 1847 4496 1910 4558; x_wconf 92' lang='lat' dir='ltr'>quo</span> <span class='ocrx_word' id='word_1_644' title='bbox 1921 4475 2084 4547; x_wconf 91' lang='lat' dir='ltr'>Dominus</span> 
     </span>
     <span class='ocr_line' id='line_1_47' title="bbox 64 4557 2084 4650; baseline -0 -20"><span class='ocrx_word' id='word_1_645' title='bbox 64 4581 230 4648; x_wconf 80' lang='lat' dir='ltr'>pompae</span> <span class='ocrx_word' id='word_1_646' title='bbox 246 4558 397 4638; x_wconf 88' lang='lat' dir='ltr'>habebat,</span> <span class='ocrx_word' id='word_1_647' title='bbox 419 4559 477 4626; x_wconf 89' lang='lat' dir='ltr'>sed</span> <span class='ocrx_word' id='word_1_648' title='bbox 499 4567 745 4626; x_wconf 86' lang='lat' dir='ltr'>momentaneus</span> <span class='ocrx_word' id='word_1_649' title='bbox 764 4566 894 4625; x_wconf 79' lang='lat' dir='ltr'>tuntum</span> <span class='ocrx_word' id='word_1_650' title='bbox 915 4571 987 4625; x_wconf 87' lang='lat' dir='ltr'>erat</span> <span class='ocrx_word' id='word_1_651' title='bbox 1007 4560 1063 4626; x_wconf 92' lang='lat' dir='ltr'>ille</span> <span class='ocrx_word' id='word_1_652' title='bbox 1113 4558 1191 4623; x_wconf 92' lang='lat' dir='ltr'>olim</span> <span class='ocrx_word' id='word_1_653' title='bbox 1219 4575 1298 4640; x_wconf 88' lang='lat' dir='ltr'>erga</span> <span class='ocrx_word' id='word_1_654' title='bbox 1323 4575 1436 4622; x_wconf 87' lang='lat' dir='ltr'>servos</span> <span class='ocrx_word' id='word_1_655' title='bbox 1463 4575 1541 4622; x_wconf 86' lang='lat' dir='ltr'>euos</span> <span class='ocrx_word' id='word_1_656' title='bbox 1563 4557 1612 4622; x_wconf 82' lang='lat' dir='ltr'>uti</span> <span class='ocrx_word' id='word_1_657' title='bbox 1644 4557 1777 4625; x_wconf 85' lang='lat' dir='ltr'>solebat.</span> <span class='ocrx_word' id='word_1_658' title='bbox 1822 4559 1984 4645; x_wconf 87' lang='lat' dir='ltr'>Oognovit</span> <span class='ocrx_word' id='word_1_659' title='bbox 2004 4584 2084 4650; x_wconf 90' lang='lat' dir='ltr'>ergo</span> 
     </span>
     <span class='ocr_line' id='line_1_48' title="bbox 64 4639 2083 4735; baseline 0.001 -21"><span class='ocrx_word' id='word_1_660' title='bbox 64 4651 189 4735; x_wconf 89' lang='lat' dir='ltr'>vigor.</span> <span class='ocrx_word' id='word_1_661' title='bbox 239 4645 337 4713; x_wconf 84' lang='lat' dir='ltr'>Iaoob</span> <span class='ocrx_word' id='word_1_662' title='bbox 358 4654 513 4729; x_wconf 79' lang='lat' dir='ltr'>tanquam</span> <span class='ocrx_word' id='word_1_663' title='bbox 535 4653 684 4711; x_wconf 86' lang='lat' dir='ltr'>exseotus</span> <span class='ocrx_word' id='word_1_664' title='bbox 709 4644 862 4712; x_wconf 83' lang='lat' dir='ltr'>sursulus</span> <span class='ocrx_word' id='word_1_665' title='bbox 883 4645 920 4709; x_wconf 92' lang='lat' dir='ltr'>in</span> <span class='ocrx_word' id='word_1_666' title='bbox 941 4653 1063 4711; x_wconf 83' lang='lat' dir='ltr'>terram</span> <span class='ocrx_word' id='word_1_667' title='bbox 1112 4643 1210 4710; x_wconf 90' lang='lat' dir='ltr'>Iaoob</span> <span class='ocrx_word' id='word_1_668' title='bbox 1232 4641 1294 4706; x_wconf 93' lang='lat' dir='ltr'>hoo</span> <span class='ocrx_word' id='word_1_669' title='bbox 1322 4641 1383 4707; x_wconf 91' lang='lat' dir='ltr'>sibi</span> <span class='ocrx_word' id='word_1_670' title='bbox 1411 4639 1571 4708; x_wconf 87' lang='lat' dir='ltr'>divinitus</span> <span class='ocrx_word' id='word_1_671' title='bbox 1599 4642 1709 4709; x_wconf 85' lang='lat' dir='ltr'>offerri</span> <span class='ocrx_word' id='word_1_672' title='bbox 1741 4645 1921 4724; x_wconf 87' lang='lat' dir='ltr'>somnium,</span> <span class='ocrx_word' id='word_1_673' title='bbox 1954 4650 2083 4731; x_wconf 89' lang='lat' dir='ltr'>quoda</span> 
     </span>
     <span class='ocr_line' id='line_1_49' title="bbox 63 4725 2081 4821; baseline 0 -20"><span class='ocrx_word' id='word_1_674' title='bbox 63 4736 179 4821; x_wconf 78' lang='lat' dir='ltr'>longe</span> <span class='ocrx_word' id='word_1_675' title='bbox 217 4731 394 4799; x_wconf 88' lang='lat' dir='ltr'>distantem</span> <span class='ocrx_word' id='word_1_676' title='bbox 424 4731 635 4796; x_wconf 79' lang='lat' dir='ltr'>transfertur:</span> <span class='ocrx_word' id='word_1_677' title='bbox 664 4751 772 4814; x_wconf 89' lang='lat' dir='ltr'>neque</span> <span class='ocrx_word' id='word_1_678' title='bbox 792 4738 830 4796; x_wconf 88' lang='lat' dir='ltr'>ut</span> <span class='ocrx_word' id='word_1_679' title='bbox 849 4730 917 4797; x_wconf 91' lang='lat' dir='ltr'>illio</span> <span class='ocrx_word' id='word_1_680' title='bbox 944 4731 1063 4798; x_wconf 87' lang='lat' dir='ltr'>insitus</span> <span class='ocrx_word' id='word_1_681' title='bbox 1112 4727 1306 4813; x_wconf 83' lang='lat' dir='ltr'>vulgaribus</span> <span class='ocrx_word' id='word_1_682' title='bbox 1323 4725 1482 4792; x_wconf 86' lang='lat' dir='ltr'>differret:</span> <span class='ocrx_word' id='word_1_683' title='bbox 1500 4727 1599 4811; x_wconf 88' lang='lat' dir='ltr'>idque</span> <span class='ocrx_word' id='word_1_684' title='bbox 1609 4736 1728 4793; x_wconf 90' lang='lat' dir='ltr'>sonant</span> <span class='ocrx_word' id='word_1_685' title='bbox 1738 4729 1842 4796; x_wconf 84' lang='lat' dir='ltr'>Mosis</span> <span class='ocrx_word' id='word_1_686' title='bbox 1853 4733 1961 4812; x_wconf 85' lang='lat' dir='ltr'>verba,</span> <span class='ocrx_word' id='word_1_687' title='bbox 1980 4755 2081 4817; x_wconf 89' lang='lat' dir='ltr'>quum</span> 
     </span>
     <span class='ocr_line' id='line_1_50' title="bbox 61 4812 2081 4905; baseline -0.001 -16"><span class='ocrx_word' id='word_1_688' title='bbox 61 4823 124 4889; x_wconf 89' lang='lat' dir='ltr'>vel</span> <span class='ocrx_word' id='word_1_689' title='bbox 149 4821 333 4905; x_wconf 86' lang='lat' dir='ltr'>plantatus</span> <span class='ocrx_word' id='word_1_690' title='bbox 353 4815 506 4882; x_wconf 87' lang='lat' dir='ltr'>roboret</span> <span class='ocrx_word' id='word_1_691' title='bbox 526 4817 785 4900; x_wconf 89' lang='lat' dir='ltr'>magnitudinem</span> <span class='ocrx_word' id='word_1_692' title='bbox 814 4817 976 4900; x_wconf 76' lang='lat' dir='ltr'>requirat,</span> <span class='ocrx_word' id='word_1_693' title='bbox 1005 4816 1063 4884; x_wconf 90' lang='lat' dir='ltr'>sed</span> <span class='ocrx_word' id='word_1_694' title='bbox 1112 4815 1204 4894; x_wconf 87' lang='lat' dir='ltr'>dioit,</span> <span class='ocrx_word' id='word_1_695' title='bbox 1234 4813 1422 4896; x_wconf 85' lang='lat' dir='ltr'>apparuisse</span> <span class='ocrx_word' id='word_1_696' title='bbox 1454 4812 1564 4878; x_wconf 91' lang='lat' dir='ltr'>Deum</span> <span class='ocrx_word' id='word_1_697' title='bbox 1595 4813 1633 4878; x_wconf 88' lang='lat' dir='ltr'>in</span> <span class='ocrx_word' id='word_1_698' title='bbox 1664 4815 1799 4882; x_wconf 89' lang='lat' dir='ltr'>somnio.</span> <span class='ocrx_word' id='word_1_699' title='bbox 1850 4815 1959 4882; x_wconf 88' lang='lat' dir='ltr'>Deum</span> <span class='ocrx_word' id='word_1_700' title='bbox 1991 4821 2081 4887; x_wconf 93' lang='lat' dir='ltr'>enim</span> 
     </span>
     <span class='ocr_line' id='line_1_51' title="bbox 60 4896 2080 4988; baseline -0.002 -12"><span class='ocrx_word' id='word_1_701' title='bbox 60 4916 103 4976; x_wconf 90' lang='grc' dir='ltr'>ιιι</span> <span class='ocrx_word' id='word_1_702' title='bbox 128 4903 282 4974; x_wconf 73' lang='lat' dir='ltr'>coelesti</span> <span class='ocrx_word' id='word_1_703' title='bbox 309 4902 369 4967; x_wconf 89' lang='lat' dir='ltr'>irri</span> <span class='ocrx_word' id='word_1_704' title='bbox 412 4901 502 4968; x_wconf 88' lang='lat' dir='ltr'>tione</span> <span class='ocrx_word' id='word_1_705' title='bbox 529 4901 666 4981; x_wconf 83' lang='lat' dir='ltr'>tinetas,</span> <span class='ocrx_word' id='word_1_706' title='bbox 699 4923 765 4968; x_wconf 91' lang='lat' dir='ltr'>non</span> <span class='ocrx_word' id='word_1_707' title='bbox 793 4923 888 4969; x_wconf 87' lang='lat' dir='ltr'>seous</span> <span class='ocrx_word' id='word_1_708' title='bbox 909 4911 1007 4986; x_wconf 90' lang='lat' dir='ltr'>atque</span> <span class='ocrx_word' id='word_1_709' title='bbox 1026 4903 1062 4968; x_wconf 92' lang='lat' dir='ltr'>in</span> <span class='ocrx_word' id='word_1_710' title='bbox 1113 4898 1225 4966; x_wconf 83' lang='lat' dir='ltr'>ridere</span> <span class='ocrx_word' id='word_1_711' title='bbox 1252 4917 1320 4964; x_wconf 93' lang='lat' dir='ltr'>non</span> <span class='ocrx_word' id='word_1_712' title='bbox 1345 4904 1474 4980; x_wconf 90' lang='lat' dir='ltr'>poterat</span> <span class='ocrx_word' id='word_1_713' title='bbox 1494 4896 1606 4978; x_wconf 89' lang='lat' dir='ltr'>Iaeob,</span> <span class='ocrx_word' id='word_1_714' title='bbox 1634 4899 1687 4964; x_wconf 88' lang='lat' dir='ltr'>vel</span> <span class='ocrx_word' id='word_1_715' title='bbox 1714 4901 1837 4966; x_wconf 86' lang='lat' dir='ltr'>sentiro</span> <span class='ocrx_word' id='word_1_716' title='bbox 1864 4913 2080 4988; x_wconf 88' lang='lat' dir='ltr'>praesentem,</span> 
     </span>
     <span class='ocr_line' id='line_1_52' title="bbox 57 4981 1984 5076; baseline -0.002 -18"><span class='ocrx_word' id='word_1_717' title='bbox 57 5015 150 5061; x_wconf 82' lang='lat' dir='ltr'>aere</span> <span class='ocrx_word' id='word_1_718' title='bbox 174 4989 334 5076; x_wconf 88' lang='lat' dir='ltr'>pullulet.</span> <span class='ocrx_word' id='word_1_719' title='bbox 408 4987 415 5002; x_wconf 86' lang='lat'><strong><em>‘</em></strong></span> <span class='ocrx_word' id='word_1_720' title='bbox 455 4986 565 5053; x_wconf 89' lang='lat' dir='ltr'>biliter</span> <span class='ocrx_word' id='word_1_721' title='bbox 580 4987 668 5053; x_wconf 90' lang='lat' dir='ltr'>enim</span> <span class='ocrx_word' id='word_1_722' title='bbox 685 5008 760 5054; x_wconf 91' lang='lat' dir='ltr'>eum</span> <span class='ocrx_word' id='word_1_723' title='bbox 782 4989 871 5054; x_wconf 80' lang='lat' dir='ltr'>fovet</span> <span class='ocrx_word' id='word_1_724' title='bbox 888 4987 1062 5070; x_wconf 87' lang='lat' dir='ltr'>Dominus,</span> <span class='ocrx_word' id='word_1_725' title='bbox 1111 4986 1176 5051; x_wconf 89' lang='lat' dir='ltr'>nisi</span> <span class='ocrx_word' id='word_1_726' title='bbox 1195 4983 1293 5051; x_wconf 88' lang='lat' dir='ltr'>oertis</span> <span class='ocrx_word' id='word_1_727' title='bbox 1313 4983 1400 5048; x_wconf 86' lang='lat' dir='ltr'>notis</span> <span class='ocrx_word' id='word_1_728' title='bbox 1421 4981 1573 5050; x_wconf 85' lang='lat' dir='ltr'>distinata</span> <span class='ocrx_word' id='word_1_729' title='bbox 1593 4983 1709 5050; x_wconf 83' lang='lat' dir='ltr'>fuisset</span> <span class='ocrx_word' id='word_1_730' title='bbox 1730 4987 1802 5052; x_wconf 89' lang='lat' dir='ltr'>eius</span> <span class='ocrx_word' id='word_1_731' title='bbox 1823 4989 1984 5056; x_wconf 85' lang='lat' dir='ltr'>maiestas.</span> 
     </span>
     <span class='ocr_line' id='line_1_53' title="bbox 56 5068 2080 5164; baseline -0.003 -16"><span class='ocrx_word' id='word_1_732' title='bbox 56 5089 98 5149; x_wconf 86' lang='lat' dir='ltr'>et</span> <span class='ocrx_word' id='word_1_733' title='bbox 117 5080 288 5164; x_wconf 84' lang='lat' dir='ltr'>vigorem</span> <span class='ocrx_word' id='word_1_734' title='bbox 306 5076 337 5139; x_wconf 90' lang='lat' dir='ltr'>ei</span> <span class='ocrx_word' id='word_1_735' title='bbox 353 5072 550 5158; x_wconf 87' lang='lat' dir='ltr'>suppeditat,</span> <span class='ocrx_word' id='word_1_736' title='bbox 569 5073 671 5139; x_wconf 89' lang='lat' dir='ltr'>donee</span> <span class='ocrx_word' id='word_1_737' title='bbox 688 5093 801 5140; x_wconf 87' lang='lat' dir='ltr'>rursus</span> <span class='ocrx_word' id='word_1_738' title='bbox 817 5094 894 5140; x_wconf 90' lang='lat' dir='ltr'>eum</span> <span class='ocrx_word' id='word_1_739' title='bbox 912 5072 1062 5142; x_wconf 83' lang='lat' dir='ltr'>traduost</span> <span class='ocrx_word' id='word_1_740' title='bbox 1196 5069 1276 5136; x_wconf 77' lang='lat' dir='ltr'>ane</span> <span class='ocrx_word' id='word_1_741' title='bbox 1296 5070 1393 5136; x_wconf 76' lang='lat' dir='ltr'>aeta.</span> <span class='ocrx_word' id='word_1_742' title='bbox 1437 5068 1503 5134; x_wconf 88' lang='lat' dir='ltr'>Hio</span> <span class='ocrx_word' id='word_1_743' title='bbox 1523 5080 1679 5135; x_wconf 85' lang='lat' dir='ltr'>narratur</span> <span class='ocrx_word' id='word_1_744' title='bbox 1705 5071 1811 5137; x_wconf 83' lang='lat' dir='ltr'>forma</span> <span class='ocrx_word' id='word_1_745' title='bbox 1839 5073 1973 5140; x_wconf 90' lang='lat' dir='ltr'>visionis</span> <span class='ocrx_word' id='word_1_746' title='bbox 2018 5097 2080 5142; x_wconf 92' lang='lat' dir='ltr'>uae</span> 
     </span>
     <span class='ocr_line' id='line_1_54' title="bbox 55 5097 2081 5245; baseline -0.002 -12"><span class='ocrx_word' id='word_1_747' title='bbox 55 5169 99 5234; x_wconf 90' lang='lat' dir='ltr'>in</span> <span class='ocrx_word' id='word_1_748' title='bbox 125 5165 282 5230; x_wconf 89' lang='lat' dir='ltr'>domum</span> <span class='ocrx_word' id='word_1_749' title='bbox 304 5161 416 5244; x_wconf 88' lang='lat' dir='ltr'>patris.</span> <span class='ocrx_word' id='word_1_750' title='bbox 459 5158 592 5225; x_wconf 84' lang='lat' dir='ltr'>interea</span> <span class='ocrx_word' id='word_1_751' title='bbox 608 5159 782 5245; x_wconf 88' lang='lat' dir='ltr'>diligenter</span> <span class='ocrx_word' id='word_1_752' title='bbox 802 5159 976 5227; x_wconf 86' lang='lat' dir='ltr'>observent</span> <span class='ocrx_word' id='word_1_753' title='bbox 995 5161 1061 5228; x_wconf 91' lang='lat' dir='ltr'>lee-</span> <span class='ocrx_word' id='word_1_754' title='bbox 1110 5155 1242 5222; x_wconf 90' lang='lat' dir='ltr'>adrem</span> <span class='ocrx_word' id='word_1_755' title='bbox 1263 5156 1407 5220; x_wconf 85' lang='lat' dir='ltr'>maxime</span> <span class='ocrx_word' id='word_1_756' title='bbox 1426 5155 1584 5238; x_wconf 89' lang='lat' dir='ltr'>pertinet,</span> <span class='ocrx_word' id='word_1_757' title='bbox 1617 5155 1703 5239; x_wconf 89' lang='lat' dir='ltr'>quod</span> <span class='ocrx_word' id='word_1_758' title='bbox 1723 5154 1817 5224; x_wconf 90' lang='lat' dir='ltr'>Dens</span> <span class='ocrx_word' id='word_1_759' title='bbox 1837 5178 1874 5224; x_wconf 87' lang='lat' dir='ltr'>ee</span> <span class='ocrx_word' id='word_1_760' title='bbox 1902 5097 2081 5228; x_wconf 88' lang='lat' dir='ltr'>ostenderit</span> 
     </span>
     <span class='ocr_line' id='line_1_55' title="bbox 55 5238 2079 5332; baseline 0.001 -20"><span class='ocrx_word' id='word_1_761' title='bbox 55 5262 185 5330; x_wconf 80' lang='lat' dir='ltr'>tores,</span> <span class='ocrx_word' id='word_1_762' title='bbox 229 5244 313 5332; x_wconf 92' lang='lat' dir='ltr'>quod</span> <span class='ocrx_word' id='word_1_763' title='bbox 343 5244 420 5312; x_wconf 88' lang='lat' dir='ltr'>dum</span> <span class='ocrx_word' id='word_1_764' title='bbox 448 5246 519 5330; x_wconf 87' lang='lat' dir='ltr'>ipse</span> <span class='ocrx_word' id='word_1_765' title='bbox 546 5244 738 5313; x_wconf 88' lang='lat' dir='ltr'>benediotus</span> <span class='ocrx_word' id='word_1_766' title='bbox 760 5246 824 5312; x_wconf 91' lang='lat' dir='ltr'>Dei</span> <span class='ocrx_word' id='word_1_767' title='bbox 853 5247 889 5312; x_wconf 89' lang='lat' dir='ltr'>in</span> <span class='ocrx_word' id='word_1_768' title='bbox 908 5245 1059 5313; x_wconf 87' lang='lat' dir='ltr'>exsilium</span> <span class='ocrx_word' id='word_1_769' title='bbox 1110 5240 1216 5309; x_wconf 86' lang='lat' dir='ltr'>soulae</span> <span class='ocrx_word' id='word_1_770' title='bbox 1232 5238 1388 5320; x_wconf 86' lang='lat' dir='ltr'>insidens,</span> <span class='ocrx_word' id='word_1_771' title='bbox 1410 5240 1503 5307; x_wconf 88' lang='lat' dir='ltr'>ouius</span> <span class='ocrx_word' id='word_1_772' title='bbox 1520 5240 1660 5307; x_wconf 88' lang='lat' dir='ltr'>extremi</span> <span class='ocrx_word' id='word_1_773' title='bbox 1677 5242 1759 5308; x_wconf 86' lang='lat' dir='ltr'>fines</span> <span class='ocrx_word' id='word_1_774' title='bbox 1775 5244 1901 5311; x_wconf 89' lang='lat' dir='ltr'>eoelum</span> <span class='ocrx_word' id='word_1_775' title='bbox 1913 5253 1946 5310; x_wconf 88' lang='grc' dir='ltr'>ιι</span> <span class='ocrx_word' id='word_1_776' title='bbox 1957 5255 2079 5314; x_wconf 86' lang='lat' dir='ltr'>terram</span> 
     </span>
    </p>
   </div>
   <div class='ocr_carea' id='block_1_3' title="bbox 51 5325 2081 5487">
    <p class='ocr_par' dir='ltr' id='par_1_3' title="bbox 51 5325 2081 5487">
     <span class='ocr_line' id='line_1_56' title="bbox 51 5325 2081 5487; baseline 0.008 -79"><span class='ocrx_word' id='word_1_777' title='bbox 51 5339 234 5414; x_wconf 72' lang='lat' dir='ltr'>refieitur,</span> <span class='ocrx_word' id='word_1_778' title='bbox 262 5331 339 5398; x_wconf 85' lang='lat' dir='ltr'>data</span> <span class='ocrx_word' id='word_1_779' title='bbox 365 5329 429 5398; x_wconf 85' lang='lat' dir='ltr'>fuit</span> <span class='ocrx_word' id='word_1_780' title='bbox 453 5331 590 5415; x_wconf 87' lang='lat' dir='ltr'>reprobo</span> <span class='ocrx_word' id='word_1_781' title='bbox 611 5331 702 5399; x_wconf 76' lang='lat' dir='ltr'>Esau</span> <span class='ocrx_word' id='word_1_782' title='bbox 729 5331 890 5417; x_wconf 88' lang='lat' dir='ltr'>gloriandi</span> <span class='ocrx_word' id='word_1_783' title='bbox 911 5331 1059 5413; x_wconf 87' lang='lat' dir='ltr'>materia,</span> <span class='ocrx_word' id='word_1_784' title='bbox 1109 5327 1298 5414; x_wconf 65' lang='lat' dir='ltr'>tanssflbfflb</span> <span class='ocrx_word' id='word_1_785' title='bbox 1321 5335 1354 5392; x_wconf 62' lang='lat'>⁰⁸</span> <span class='ocrx_word' id='word_1_786' title='bbox 1373 5346 1456 5409; x_wconf 74' lang='lat'><strong>(1⁰⁸⁰</strong></span> <span class='ocrx_word' id='word_1_787' title='bbox 1475 5325 1610 5411; x_wconf 72' lang='lat' dir='ltr'>³¹¹ss⁰1⁰⁸</span> <span class='ocrx_word' id='word_1_788' title='bbox 1631 5326 1779 5410; x_wconf 72' lang='lat' dir='ltr'>V⁰h0b⁸b</span> <span class='ocrx_word' id='word_1_789' title='bbox 1800 5336 2081 5487; x_wconf 51' lang='lat' dir='ltr'>”gplmmmt</span> 
     </span>
    </p>
   </div>
   <div class='ocr_carea' id='block_1_4' title="bbox 0 0 2498 6192">
    <p class='ocr_par' dir='ltr' id='par_1_4' title="bbox 0 0 2498 6192">
     <span class='ocr_line' id='line_1_57' title="bbox 0 0 2498 6192; baseline 0 12"><span class='ocrx_word' id='word_1_790' title='bbox 0 0 2498 6192; x_wconf 95' lang='lat' dir='ltr'> </span> 
     </span>
    </p>
   </div>
  </div>
 </body>
</html>
