5000 6208
165 479 226 543 185
825 473 1196 541 COMMENTARIUS
1218 474 1268 540 IN
1292 473 1505 540 GENESLN.
2102 475 2164 542 leo

251 665 336 730 Noui
357 664 438 746 qdod
458 663 575 730 mulier
595 664 644 729 sis
658 660 797 744 pulchro
818 666 955 745 aspecta.
1000 659 1138 743 Quaeri·
1191 670 1224 729 ct
1245 663 1281 728 in
1303 662 1378 728 aula
1406 660 1607 729 habitaverit
1635 661 1676 727 ad
1706 668 1834 745 tempus
1857 660 2002 744 aliquod,
2030 662 2165 730 multia

162 758 217 816 tur
239 750 328 817 unde
350 749 414 816 ista
436 747 530 816 Sarai
552 747 777 832 pulchritudo,
799 767 881 831 quae
903 749 967 812 iam
989 756 1062 813 erat
1083 768 1138 814 vs·
1190 770 1269 834 rege
1298 755 1484 831 corruptam
1516 755 1642 829 putant.
1686 747 1801 831 Neque
1823 747 1909 812 euim
1932 747 2164 834 eredibileiestq

162 837 241 902 tulo.
286 836 373 900 Nam
395 845 432 900 ut
453 833 568 900 demus
589 833 714 902 formae
737 833 898 918 elegantia
919 833 1011 918 prins
1032 833 1139 900 excel·
1190 856 1290 917 quum
1312 834 1412 899 homo
1439 833 1631 899 libidinosus
1653 852 1726 898 eam
1755 832 1891 898 haberet
1911 832 1946 897 in
1968 855 2084 912 manu,
2106 856 2163 918 paq

161 923 279 1003 luisse,
309 921 387 987 anni
412 929 500 987 certe
529 921 668 1004 gratiam
703 919 927 997 detraxerant,
958 928 992 984 et
1020 921 1140 986 seimus
1190 921 1332 1004 paroisse
1352 919 1422 986 eius
1443 918 1628 1002 pudicitiae.
1664 917 1705 983 Id
1723 918 1854 1002 quidem
1877 920 2073 1001 promeritus
2094 921 2163 992 [um

162 1015 325 1091 quantum
354 1006 473 1072 seniles
501 1025 603 1089 rugae
625 1005 809 1071 deforment
835 1007 974 1088 optimas
1003 1015 1036 1070 et
1065 1005 1139 1105 pul·
1190 1015 1243 1071 rat
1259 1005 1393 1083 Abram,
1417 1007 1473 1088 qui
1494 1005 1602 1070 loenm
1626 1024 1691 1069 non
1715 1003 1848 1071 dederat
1869 1005 1994 1089 gratiae
2012 1006 2088 1084 Dei,
2098 1013 2164 1072 uiuo

162 1094 342 1160 cherrimus
359 1092 467 1158 facies.
503 1091 617 1158 Primo
634 1088 824 1174 respondeo.
845 1090 983 1156 minime
1004 1089 1139 1157 dubrum
1190 1093 1303 1157 uxoris
1324 1092 1508 1156 castitatem
1530 1090 1565 1155 in
1587 1090 1657 1156 eius
1681 1090 1780 1154 fidem
1802 1099 1835 1154 et
1862 1091 2044 1156 custodiam
2063 1091 2163 1177 depos

163 1200 232 1246 esse
254 1179 335 1264 quin
358 1188 436 1244 tune
457 1178 560 1243 maior
581 1177 682 1244 fixerit
702 1178 737 1243 in
758 1176 945 1243 hominibus
965 1177 1138 1242 vivacitas:
1189 1185 1309 1257 suerat,
1331 1177 1387 1242 sed
1409 1176 1506 1260 plaga
1526 1196 1609 1259 quas
1629 1197 1705 1242 mox
1726 1183 1864 1259 sequuta
1882 1184 1939 1252 est,
1957 1178 2036 1243 satis
2054 1183 2163 1261 ottanp

162 1266 284 1332 seimus
313 1272 422 1329 autem
445 1275 482 1328 ut
510 1264 604 1347 vigor
632 1263 794 1330 sustineat
821 1263 968 1329 formam.
1008 1261 1139 1327 Deinde
1190 1262 1238 1327 dit
1267 1263 1411 1328 habitam
1439 1262 1511 1328 eius
1538 1281 1650 1327 curam
1678 1261 1779 1328 fuisse
1801 1283 1821 1326 a
1841 1261 1999 1328 Domino:
2032 1271 2072 1328 et
2085 1261 2163 1330 hine

162 1350 267 1416 valuit
294 1351 363 1415 eius
392 1349 549 1415 sterilitas
578 1349 619 1414 ad
649 1347 846 1415 servandam
880 1347 1019 1414 formam
1053 1349 1138 1413 inte·
1189 1348 1342 1433 colligere
1363 1348 1441 1413 lieet
1461 1349 1617 1413 intactam
1640 1348 1778 1414 stetisse.
1815 1348 1958 1413 Tametsi
1977 1348 2164 1415 autemihot

162 1457 270 1521 grana
300 1444 469 1518 totumque
496 1435 641 1518 corporis
672 1433 838 1501 habitum:
870 1435 946 1516 quia
975 1433 1058 1498 nihil
1088 1441 1138 1499 est
1179 1433 1224 1499 ‘in
1245 1433 1315 1501 loco
1337 1434 1419 1499 nihil
1450 1433 1603 1518 exprimit
1623 1434 1750 1511 Moses,
1779 1454 1822 1498 ex
1851 1435 2162 1516 comparatiohartm

161 1521 246 1604 quod
275 1521 381 1605 magis
406 1520 545 1586 fominus
568 1519 715 1587 debilitet
736 1540 833 1603 quam
859 1521 1043 1602 frequentes
1060 1540 1137 1602 par·
1188 1541 1264 1585 men
1287 1520 1402 1585 similis
1423 1519 1581 1585 historiae
1608 1519 1798 1586 coniicimus
1827 1541 1893 1584 non
1922 1519 2066 1586 defuisse
2083 1533 2163 1604 tunp

161 1619 223 1674 tus.
269 1605 443 1673 (laetarum
466 1627 534 1672 non
562 1604 674 1671 dubito
700 1607 779 1689 quin
806 1605 932 1670 formae
964 1605 1137 1688 integritas
1189 1627 1317 1690 quoque
1345 1605 1394 1670 illi
1416 1605 1479 1670 Dei
1508 1603 1724 1689 praesidium,
1754 1626 1856 1687 quum
1884 1605 1918 1669 in
1941 1604 2163 1688 eodemuessqt

160 1697 195 1758 in
217 1692 275 1758 illa
296 1700 403 1758 aetate
432 1692 599 1776 singulare
628 1691 729 1758 luerit
757 1690 878 1756 donum
896 1691 977 1767 Dei,
1000 1712 1058 1756 cur
1080 1712 1137 1756 au·
1189 1693 1342 1774 periculo.
1373 1691 1461 1757 .Non
1483 1711 1600 1773 passus
1622 1696 1673 1756 est
1694 1689 1785 1757 Deus
1807 1711 1880 1755 eam
1903 1691 2020 1774 violari
2041 1710 2162 1775 arrpge

160 1789 227 1844 tem
257 1779 349 1844 senio
379 1777 480 1844 deteri
508 1785 641 1844 sanctae
665 1777 804 1842 feminae
822 1779 960 1842 formam
982 1785 1053 1841 tam
1074 1777 1137 1843 cito
1190 1777 1312 1842 Gerar:
1342 1775 1440 1862 (Gen.
1463 1777 1522 1855 20,
1547 1776 1580 1862 1)
1609 1797 1652 1840 un
1672 1776 1855 1842 Pharaonis
1882 1775 2162 1860 libidiniranpusit

159 1865 310 1944 noluerit,
333 1865 511 1942 nescimus,
546 1864 611 1929 nisi
632 1863 718 1946 qnod
739 1882 878 1947 magnae
900 1869 934 1927 et
955 1862 1057 1928 durae
1078 1882 1136 1926 an-
1189 1871 1256 1928 tam
1278 1861 1488 1946 putabimus?
1517 1863 1566 1927 An
1595 1861 1698 1946 pluris
1726 1861 1872 1928 duxisset
1900 1863 2162 1947 semeleoorrtups

159 1950 292 2015 rietatis
319 1970 417 2016 musa
444 1950 564 2014 marito
591 1948 657 2015 fuit
686 1949 808 2014 formas
829 1947 920 2014 illins
942 1949 1047 2014 decor.
1093 1949 1138 2014 lllt
1189 1955 1257 2014 tam
1279 1947 1440 2015 subiicere
1462 1947 1604 2014 seeundo
1625 1948 1757 2031 probro,
1787 1968 1885 2032 quam
1907 1953 2062 2030 servator¹
2079 1969 2163 2032 quae

159 2036 341 2104 communis
362 2055 442 2102 usus
467 2035 576 2114 docet,
605 2034 660 2118 qui
682 2041 768 2100 stata
790 2045 823 2098 et
852 2033 1008 2100 mediocri
1031 2035 1137 2099 forma
1189 2055 1317 2117 semper
1354 2035 1484 2117 integra
1522 2041 1674 2116 castaque
1712 2032 1863 2100 vixerat?
1903 2033 2038 2100 Deinde
2063 2036 2163 2100 siv-m

158 2122 303 2187 conteuti
325 2142 391 2187 non
414 2128 500 2200 sunt,
522 2141 556 2186 m
624 2141 720 2186 oeno
738 2119 858 2185 damno
878 2121 1001 2186 sentire
1023 2120 1136 2204 quanti
1188 2120 1298 2186 Abrae
1321 2128 1387 2184 tam
1410 2120 1588 2204 propitium
1611 2119 1771 2199 exhibuit,
1795 2129 1830 2183 ut
1851 2120 1921 2184 eius
1944 2121 2162 2203 uiopemu'tm

158 2215 286 2273 constet
306 2205 481 2272 immodica
505 2206 581 2288 pulc
606 2205 724 2271 ritudo.
1187 2227 1261 2270 rum
1295 2204 1336 2271 ab
1368 2207 1439 2290 ipso
1478 2207 1686 2290 prostitutam
1721 2205 1761 2270 ab
1792 2205 2162 2290 ignominiamauipeuab,

246 2293 296 2358 12.
319 2291 396 2358 Erit
415 2293 529 2374 itaque.
573 2291 715 2358 Videtur
744 2291 883 2357 iniurius
908 2312 978 2356 csse
1000 2292 1051 2356 Ae
1098 2313 1135 2375 p·
1188 2292 1348 2374 quomodo
1380 2311 1446 2356 non
1480 2293 1593 2356 ivisset
1625 2292 1754 2357 obviam
1788 2292 1889 2376 priori
1920 2291 2162 2374 perihriloil'rEt

157 2379 213 2444 tiis
235 2377 370 2455 Abram,
394 2377 953 2461 quoddeillismalesuapicatur‚
977 2378 1135 2460 aquius
1187 2375 1272 2442 forte
1294 2377 1401 2461 viguit
1423 2377 1608 2443 adhucillo
1630 2377 1757 2444 saeculo
1779 2376 2092 2461 maiorintdgritat,
2125 2387 2162 2442 nt

156 2462 303 2530 nondum
332 2463 440 2529 laesus
476 2464 591 2528 luerat.
647 2462 746 2528 (lerte
775 2484 873 2546 quum
916 2463 1035 2528 caritas
1067 2483 1134 2528 non
1187 2483 1254 2528 non
1276 2469 1344 2528 tam
1366 2462 1519 2546 profusae
1547 2473 1657 2528 essent
1683 2483 1799 2548 regum
1827 2461 1993 2528 libidines„
2023 2463 2162 2530 :ilsintld

156 2550 199 2614 sit
221 2550 390 2634 suspicax,
412 2549 542 2616 videtur
563 2549 675 2632 inique
696 2548 816 2628 facere,
840 2548 926 2631 quod
949 2569 1017 2613 non
1039 2547 1135 2613 modo
1187 2569 1288 2632 quum
1310 2549 1440 2614 subiicit
1462 2550 1581 2629 Moses,
1603 2548 1728 2614 Abram
1752 2547 1854 2615 Sarae
1879 2556 1977 2627 cauea
1993 2549 2161 2616 inlsadtlii

156 2634 302 2700 libidinis
323 2656 378 2701 eos
405 2633 590 2713 insimulet,
619 2634 798 2700 sedetiam
827 2642 993 2717 suspectos
1014 2634 1135 2700 habeat
1186 2634 1341 2700 beraliter
1373 2643 1567 2700 tractatum:
1607 2635 1685 2701 hinc
1724 2634 2162 2718 colligimusubrd'hauaono

157 2721 334 2788 homicidii.
378 2720 591 2803 Respondeo,
618 2742 684 2784 non
707 2721 829 2784 frustra
850 2727 1000 2785 sanctum
1023 2718 1133 2784 virum
1185 2720 1291 2804 ipsam
1320 2721 1497 2786 honorifice
1523 2722 1623 2786 fuisse
1650 2727 1835 2803 exceptam,
1864 2727 1898 2784 et
1919 2719 2160 2786 nunelrirhitam

156 2805 197 2872 ab
214 2828 255 2872 ea
277 2813 374 2891 gente
396 2806 458 2871 eibi
481 2816 634 2882 metuere,
658 2805 699 2870 de
720 2827 784 2890 qua
804 2805 909 2870 multa
927 2806 1059 2870 sinistra
1076 2824 1134 2870 au·
1184 2806 1256 2872 loco
1277 2807 1386 2873 scorti.
1423 2805 1519 2887 Quod
1538 2827 1615 2890 ergo
1637 2807 1718 2872 dicit
1734 2807 1843 2872 Moses
1866 2805 2162 2888 deductamiluisse

157 2893 271 2958 dierat.
321 2893 367 2957 Et
398 2892 464 2957 iam
499 2891 576 2957 alibi
608 2901 735 2957 tantam
768 2891 940 2956 hominum
971 2889 1133 2956 malitiam
1184 2893 1220 2956 in
1242 2891 1399 2976 palatium
1421 2893 1520 2977 regis,
1543 2914 1609 2957 non
1630 2892 1828 2976 interpretor
1850 2891 1952 2958 fuisse
1970 2890 2161 2970 fuaemus

157 2986 229 3043 erat
252 2986 424 3062 expertus,
459 2986 497 3042 ut
524 2978 642 3041 merito
670 2977 799 3060 quidvis
827 2977 943 3043 timere
975 2986 1085 3060 posset
1113 2997 1133 3040 a
1185 2979 1295 3045 statim
1319 2999 1394 3045 cum
1415 2999 1492 3062 rege
1521 2977 1695 3058 dormiret,
1723 2977 1780 3048 sed
1804 2985 1842 3042 ut
1862 2999 1921 3044 rex
1938 2977 2162 3060 calaminica

157 3063 304 3148 profanis
330 3061 395 3128 Dei
424 3061 711 3146 contemptoribus.
758 3062 874 3145 Neque
900 3074 1011 3128 tamen
1039 3062 1132 3145 qnid·
1185 3086 1255 3131 eam
1280 3063 1414 3130 duceret
1432 3085 1577 3130 uxorem.
1990 3091 2061 3128 ert·
2100 3087 2160 3128 ιιιι

158 3171 256 3232 quam
296 3149 491 3232 pronunciat
531 3149 571 3213 de
606 3148 795 3233 Aegyptiis:
837 3148 894 3213 sed
926 3169 1064 3214 uxorem
1097 3149 1133 3214 in
1272 3149 1701 3231 maturescentem.
1739 3147 1776 3215 si
1795 3148 2162 3232 simplieitenmamaret

157 3237 353 3302 sententiam
386 3256 478 3300 suam
513 3233 673 3299 adducere
708 3234 837 3312 volens,
877 3234 953 3315 quid
987 3233 1133 3300 accidere
1185 3237 1294 3302 Moses
1316 3236 1424 3301 Deum
1453 3237 1632 3320 sumpsisse
1661 3255 1800 3319 poenam
1827 3232 2160 3320 denegant-reuma

157 3322 269 3405 possit,
293 3329 420 3385 mature
442 3319 603 3386 admonet.
642 3319 697 3386 Sic
721 3331 830 3384 autem
854 3318 1018 3385 abstinere
1043 3319 1137 3400 iubet
1184 3323 1320 3387 missum
1343 3321 1555 3402 adulterium,
1584 3329 1741 3386 nontam
1764 3325 2159 3403 apertq⁴‘·ounstareh:uou·

157 3427 217 3472 nos
240 3405 333 3472 Deus
355 3427 375 3471 a
396 3405 550 3490 malignis
572 3406 776 3488 sinistrisque
800 3404 939 3482 iudiciis,
962 3415 1001 3470 nt
1020 3413 1132 3470 tamen
1184 3407 1307 3473 sultnm
1330 3407 1370 3472 ab
1397 3427 1435 3472 eo
1463 3407 1565 3472 fuisse
1589 3405 1683 3473 Sarai
1713 3406 2160 3490 castium'seuequumluit

156 3513 273 3558 cavare
295 3492 335 3557 ab
357 3492 478 3576 ignotis
501 3491 686 3557 hominibus
709 3491 891 3573 permittat:
914 3488 1010 3574 idque
1032 3492 1071 3557 fit
1087 3493 1132 3556 ci·
1184 3500 1270 3559 serta
1292 3493 1445 3575 exprimit
1467 3514 1653 3577 percussam
1676 3493 1777 3558 fuisse
1799 3491 1934 3556 minum
1953 3494 2039 3576 reg'i's
2058 3513 2159 3576 prope

156 3589 209 3642 tra
230 3579 369 3642 fratrum
391 3577 555 3642 iniuriam.
593 3577 707 3659 Neque
725 3586 833 3641 tamen
855 3597 939 3660 nego
957 3578 1034 3659 quin
1053 3578 1133 3644 haec
1185 3588 1236 3644 ter
1253 3578 1349 3645 Sarai
1372 3599 1509 3643 uxorem
1527 3577 1646 3658 Abrae,
1669 3599 1742 3644 meo
1763 3577 2160 3661 quietantiarum-omnia

156 3663 331 3747 trepidatio
357 3662 466 3728 Abrae
491 3662 625 3728 modum
651 3663 842 3728 excesserit:
872 3684 910 3727 ac
938 3664 1014 3728 fecit
1038 3683 1132 3745 prae·
1185 3664 1345 3731 dubitatio
1374 3664 1517 3743 tollitur,
1547 3664 1631 3748 qnod
1654 3666 1744 3730 Deus
1765 3664 1969 3746 iurgantium
1997 3664 2157 3732 servi-eut

155 3761 288 3834 postera
310 3750 457 3814 anxietas
478 3758 515 3813 ut
535 3771 570 3815 se
591 3750 693 3814 altero
717 3749 795 3813 vitio
816 3747 1013 3830 implicaret,
1036 3748 1133 3814 sicuti
1183 3771 1316 3816 manum
1341 3770 1435 3816 anam
1463 3759 1622 3816 armatam
1644 3751 1681 3814 in
1711 3750 2159 3834 tempumiroppompriupue·

153 3837 221 3902 iam
243 3832 396 3899 diximus.
1184 3836 1280 3904 Sarai
1303 3836 1489 3902 violaretur.
1533 3835 1642 3920 Atque
1659 3837 1712 3902 hic
1733 3835 2158 3920 iusignuzhthema'sulueue

244 3919 295 3985 15.
319 3919 546 3986 laudaverunt
566 3939 635 3986 eom
655 3917 827 3986 Pharaoni.
873 3919 1033 4000 Quamvis
1056 3941 1131 4004 pec·
1182 3930 1340 4002 mentum,
1362 3941 1460 4005 quam
1481 3921 1618 3988 sollicite
1640 3942 1751 3988 servos
1771 3921 2159 4002 suoe‘qeudcttllpminesr

155 4006 281 4072 caverit
309 4004 434 4070 Abram
463 4005 601 4070 nimium
630 4004 789 4082 timendo,
823 4013 856 4070 et
885 4015 960 4070 ante
991 4015 1130 4089 tempus,
1182 4009 1237 4090 qui
1277 4008 1455 4090 contempti
1492 4018 1527 4073 et
1564 4007 1717 4091 ignobilis
1758 4007 1916 4088 adnuae}
1934 4007 2158 4090 *patrocinium

155 4103 267 4157 tamen
280 4103 418 4156 eventus
436 4091 529 4155 docet
547 4110 613 4154 non
631 4092 752 4155 frustra
771 4111 847 4156 eum
865 4092 1028 4157 timuisse:
1046 4111 1131 4157 uxor
1181 4095 1325 4176 suscepit
1357 4106 1468 4159 eontra
1501 4094 1771 4176 potentissimumi
1793 4095 1924 4176 domm:
1939 4092 2158 4176 :qurdtudmoe

154 4178 242 4243 euim
266 4177 315 4240 illi
340 4185 451 4260 erepta
482 4175 611 4242 ducitur
641 4178 682 4241 ad
711 4196 832 4260 regem.
877 4176 990 4243 Primo
1020 4186 1128 4242 antem
1182 4179 1260 4244 dum
1288 4179 1420 4245 Psalmo
1444 4180 1521 4257 105,
1551 4180 1591 4244 12
1621 4179 2158 4258 celebratnnvliaec.historia',i‹·qt

153 4263 194 4328 de
217 4263 391 4347 Aegyptiis
418 4263 454 4326 in
482 4283 601 4346 genere
629 4261 775 4345 loquitur
796 4263 918 4351 Moses:
953 4268 1067 4345 postea
1088 4262 1131 4328 ad
1181 4264 1319 4331 similes:
1349 4285 1449 4347 quum
1472 4281 1580 4330 essent
1602 4285 1739 4330 numero
1762 4266 1870 4347 pauci,
1893 4274 1926 4329 et
1945 4263 2097 4346 inquilini
2119 4264 2155 4327 in

153 4349 277 4414 aulicos
300 4345 477 4428 deseendit,
501 4368 565 4430 quo
587 4349 750 4432 significat
767 4368 932 4412 rumorem
950 4349 1072 4430 passim
1089 4348 1130 4414 de
1182 4359 1284 4429 terra,
1317 4359 1525 4416 transeuntes
1552 4349 1591 4415 de
1620 4359 1716 4435 gente
1748 4352 1782 4414 iu
1816 4359 1962 4434 gentem,
1995 4357 2155 4432 vagantes

152 4434 261 4499 forma
284 4432 378 4500 Sorai
402 4433 572 4518 vulgatum
595 4455 678 4499 esse:
706 4431 855 4516 cupidius
883 4454 961 4498 vero
985 4434 1025 4500 ab
1047 4434 1129 4499 auli·
1181 4437 1266 4500 inter
1299 4436 1445 4502 diversos
1500 4435 1628 4518 opulos,
1654 4435 1739 4521 quod
1766 4435 1857 4502 Deus
1887 4436 2068 4517 coarguerit
2095 4455 2154 4518 pro

154 4523 202 4587 cis
224 4520 325 4586 fuisse
350 4529 542 4601 exceptum,
571 4521 626 4602 qui
648 4519 712 4584 sibi
740 4520 813 4601 plus
842 4520 992 4585 licentiae
1020 4519 1131 4584 indul·
1180 4522 1262 4605 ipsis
1283 4543 1393 4607 reges,
1422 4458 1599 4607 prolibeus
1626 4544 1669 4586 ne
1696 4521 1870 4605 tangerent
1891 4521 2041 4587 Christos
2068 4541 2152 4598 suos,

155 4615 246 4690 gent.
283 4604 378 4685 Quod
403 4619 512 4670 autem
535 4605 664 4671 subiicit
685 4625 739 4671 eos
761 4605 933 4670 nunciasse
955 4605 1034 4689 regi,
1053 4605 1131 4669 hinc
1181 4616 1215 4671 et
1241 4628 1283 4672 ne
1307 4607 1475 4690 prophetis
1501 4609 1569 4673 suis
1602 4621 1766 4674 nocerent.
1814 4607 1910 4672 Unde
1940 4607 2035 4671 etiam
2066 4605 2153 4670 sumi

155 4691 342 4776 colligimus
371 4711 469 4774 quam
499 4698 596 4756 vetus
625 4691 668 4755 sit
701 4691 884 4774 corruptela
917 4710 999 4772 quae
1031 4689 1130 4757 hodio
1180 4703 1287 4776 potest
1305 4694 1487 4758 sententiae
1505 4714 1610 4776 nuper
1628 4693 1793 4776 exposiiae
1815 4691 2027 4758 adudrmatib.
2044 4690 2151 4756 mam

156 4778 228 4842 sine
251 4775 347 4841 modo
377 4785 545 4859 grassatur
571 4778 605 4839 iu
634 4776 719 4840 aulis
748 4797 871 4860 regum.
914 4775 1000 4840 Nam
1030 4797 1130 4860 quum
1181 4780 1209 4844 si
1239 4777 1331 4844 Deus
1358 4779 1566 4844 Pharaonem
1599 4780 1745 4863 coarguit
1763 4776 2154 4856 ueunpamtlauduer,

154 4864 269 4929 omnia
297 4861 464 4927 blanditiis
493 4869 527 4925 et
554 4860 796 4927 adulationibus
823 4861 890 4927 illic
917 4862 1014 4943 plena
1045 4863 1129 4927 sint:
1180 4864 1329 4948 sequitur
1366 4864 1515 4931 illaesum
1548 4863 2029 4931 sewasesaasaimuonurert.
2079 4861 2155 4928 blo's

155 4959 227 5012 tum
259 4967 335 5012 vero
364 4965 514 5030 proceres
540 4947 606 5012 huc
635 4947 807 5031 praecipue
834 4945 1011 5012 intendunt
1038 4947 1129 5031 inge·
1181 4971 1309 5033 quoque
1332 4950 1450 5016 talibus
1478 4951 1636 5033 exemplis
1665 4950 1767 5024 edocti
1782 4949 2155 5030 ‘sciamqsdutcuuqne

155 5035 265 5109 nium,
297 5041 335 5098 ut
366 5032 505 5098 subinde
538 5034 677 5098 afferant
705 5033 790 5116 quod
819 5032 950 5117 regibus
977 5032 1128 5099 arrideat.
1180 5035 1328 5118 paucitas
1351 5045 1383 5100 st
1412 5036 1589 5101 iufirmitas
1618 5037 1741 5102 uestra>
1758 5033 2014 5118 umtemp'ut‘eit
2037 5053 2152 5110 coram

154 5120 274 5201 Itaque
303 5116 452 5184 videmus
474 5120 666 5202 utquisque
695 5120 801 5202 gratia
828 5121 914 5183 inter
936 5139 989 5183 eos
1009 5119 1130 5201 pollere
1179 5119 1318 5200 mundo,
1348 5143 1406 5187 nos
1428 5129 1538 5186 tamen
1562 5123 1632 5187 Deo
1653 5123 1810 5205 pretiosos
1827 5121 1938 5199 (sssaqi
1953 5131 1991 5184 ut
2017 5119 2154 5202 regibus

154 5207 255 5289 cupit,
279 5223 345 5269 non
367 5204 541 5269 servilibus
562 5203 658 5271 modo
680 5203 856 5284 blanditiis,
880 5203 937 5270 sed
960 5204 1129 5270 lenociniis
1181 5213 1278 5290 atque
1300 5209 1397 5273 etiam
1425 5209 1485 5271 toti
1507 5205 2026 5282 mundo's'avhostemedeclaret·
2040 5207 2153 5270 nostrai

154 5311 285 5375 quoquo
307 5311 378 5355 esse
399 5289 554 5355 deditum.
1180 5313 1285 5359 causa.
1332 5291 1482 5360 Sciamus
1504 5315 1564 5359 nus
1586 5294 1657 5360 eins
1678 5291 1948 5376 praesidiotogdp
1973 5293 2151 5355 acetrum

243 5375 289 5441 Et
317 5375 441 5444 sublato
470 5382 514 5442 cst
540 5377 662 5442 molier.
712 5374 823 5455 Quum
852 5373 991 5441 abducta
1018 5375 1125 5456 fuerit,
1181 5380 1238 5462 qui
1261 5380 1336 5463 plue
1358 5387 1511 5464 possunt,
1539 5379 1638 5446 libido
1660 5380 1879 5452 ebriolentia
1896 5379 1955 5446 hos
1977 5377 2149 5460 opprimat.
