5022 6192
373 399 393 464 7
1047 401 1378 472 ARGUMENTUM
1399 401 1450 469 IN
1471 400 1686 471 eausam.
2342 399 2365 466 8

370 584 468 651 rabili
488 585 552 652 Dei
573 585 691 652 iudicio
713 585 915 670 admonitus,
937 588 1073 655 eandem
1095 589 1137 656 11
1153 599 1301 674 posteros
1323 589 1548 658 transmittere
1569 588 1738 676 neglexit?
1760 589 1834 655 Hoc
1855 587 1960 674 elogio
1989 587 2183 654 nominatim
2193 585 2367 654 Abrabam

366 703 523 776 ornatur,
545 697 631 781 quod
659 698 801 766 familiae
829 719 908 766 suae
935 697 1047 767 docter
1068 701 1113 766 sit
1134 720 1172 768 11
1199 704 1364 788 magister.
1408 699 1506 787 (Gen.
1531 699 1670 788 1119.)
1712 701 1759 767 Et
1796 699 1931 780 seimus,
1967 719 2069 784 quum
2097 698 2223 766 abesset
2250 699 2365 782 procul

369 806 497 884 Moses,
527 806 667 875 foederis
692 817 804 876 tamen
827 832 846 876 1
867 812 939 877 1111
968 832 1043 879 eum
1072 811 1220 895 patribus
1248 813 1322 878 initi
1344 813 1494 879 notitiam
1513 812 1575 880 toti
1596 811 1716 896 populo
1737 811 1850 878 tritam
1871 811 1980 877 fuisse.
2022 809 2139 894 Neque
2159 810 2249 876 enim
2270 812 2365 895 11111

368 938 492 984 novum
520 917 642 1003 aliquid
671 920 781 1004 prodit
814 928 909 988 natos
937 942 1009 989 esse
1031 944 1074 988 ex
1102 935 1213 990 saneto
1237 944 1359 1009 genero
1388 923 1571 1005 Israelitss,
1598 922 1682 1008 qnod
1714 922 1809 989 Deus
1834 923 1897 990 sibi
1928 929 2123 1007 cooptasset:
2146 921 2205 988 sed
2233 930 2365 989 1111111

368 1038 603 1097 commemorat
620 1031 705 1116 quod
727 1053 839 1099 omnes
861 1033 1026 1112 tenebant,
1048 1034 1132 1118 1111
1155 1054 1250 1102 senes
1268 1035 1333 1118 ipsi
1354 1055 1374 1100 a
1395 1034 1528 1118 proavis
1545 1041 1749 1119 acceperant,
1768 1031 1855 1118 1111
1872 1034 2011 1118 1111111
2028 1035 2118 1099 omni
2138 1036 2365 1102 controversia

367 1141 456 1205 inter
477 1160 533 1206 eos
550 1141 690 1208 carebat.
733 1143 849 1228 Itaque
870 1165 976 1228 neque
999 1143 1132 1212 dubium
1150 1147 1245 1213 nobis
1262 1166 1333 1213 esse
1350 1144 1448 1212 debet
1464 1145 1542 1230 quin
1559 1144 1675 1211 mundi
1691 1145 1821 1225 creatio,
1839 1151 1878 1210 ut
1894 1144 1949 1211 hio
1976 1144 2180 1225 describitur,
2197 1164 2241 1211 ex
2257 1148 2365 1213 veteri

366 1270 405 1318 ae
425 1262 584 1336 perpetua
605 1263 734 1337 patrum
757 1255 934 1322 traditione
955 1255 1022 1321 iam
1043 1265 1121 1322 nota
1142 1266 1237 1325 esset.
1281 1257 1406 1323 Verum
1431 1257 1508 1340 quia
1533 1256 1618 1322 nihil
1640 1257 1745 1342 magis
1774 1255 1919 1339 proclive
1941 1265 1991 1323 est
2012 1275 2110 1340 quam
2135 1258 2300 1340 corrumpi
2321 1257 2364 1324 ab

366 1362 552 1432 homiuibus
562 1364 627 1431 Dei
638 1366 822 1444 1111111111,
844 1376 882 1432 11
897 1367 993 1450 longo
1010 1369 1166 1451 temporis
1176 1389 1328 1435 successu
1339 1367 1464 1452 quasia
1480 1388 1515 1432 se
1525 1367 1598 1452 ipsa
1615 1364 1804 1452 degeneret:
1819 1387 1883 1451 quo
1900 1386 1984 1452 pura
2001 1367 2138 1433 historia
2155 1367 2363 1448 retineretur,

366 1493 437 1540 eam
461 1476 623 1543 Dominus
645 1478 775 1560 seriptis
797 1477 1018 1544 commendari
1040 1479 1154 1545 voluit.
1196 1480 1287 1564 Ergo
1305 1478 1413 1546 Moses
1434 1478 1505 1544 eius
1526 1477 1693 1546 doetrinae
1715 1498 1813 1561 qnam
1831 1478 1961 1564 seriptis
1979 1477 2168 1562 complexus
2185 1487 2244 1559 est,
2262 1480 2364 1547 fidem

365 1582 462 1670 (quae
484 1587 654 1653 bominum
675 1589 808 1655 levitate
830 1591 920 1655 fluxa
940 1610 1011 1657 esse
1032 1588 1172 1677 poterat)
1193 1589 1362 1656 stabilivit.
1405 1589 1502 1656 Nune
1523 1588 1565 1655 11
1587 1589 1689 1657 111111
1707 1589 1879 1656 consilium
1896 1589 2008 1669 redeo,
2027 1590 2079 1655 vel
2103 1589 2239 1673 spiritus
2256 1593 2364 1659 saneti

366 1699 492 1782 potius,
516 1699 571 1782 qui
592 1719 652 1782 per
669 1721 705 1765 es
727 1700 796 1767 eius
817 1699 972 1784 loquutus
1000 1712 1060 1769 est.
1104 1702 1228 1782 Deum,
1250 1701 1307 1785 qui
1333 1700 1507 1768 invisibilis
1534 1709 1599 1780 est,
1629 1700 1761 1768 nonnisi
1786 1701 1919 1766 excide
1946 1700 2098 1786 operibus
2124 1703 2363 1787 cognoscimus.

368 1807 451 1875 Ideo
473 1809 641 1896 eleganter
669 1809 849 1894 Apostolus
860 1812 989 1879 saecula
1019 1810 1229 1892 cocstede»)
1248 1817 1475 1896 ἐκφαινομένων
1497 1811 1675 1895 βλεπόμενα,
1694 1809 1792 1898 (Η111.
1815 1811 1865 1890 11,
1888 1810 1982 1899 3111
2008 1812 2151 1893 sidioas,
2175 1814 2365 1896 spectacula

367 1940 478 1986 rerum
501 1941 567 1986 non
589 1924 827 2006 apparentium.
872 1923 964 1989 Haeo
985 1924 1070 1990 ratio
1091 1931 1142 1990 eet
1170 1945 1229 1990 eur
1250 1922 1431 2003 Dominus,
1456 1932 1572 1990 utnos
1595 1904 1708 1989 adsui
1734 1921 1886 1989 notitiam
1914 1922 2049 2005 invitet,
2076 1933 2237 2008 proponat
2265 1925 2362 1992 nobis

372 2043 448 2096 ante
470 2031 580 2098 oeulos
598 2034 678 2099 coeli
700 2043 870 2118 terraeque
895 2034 1062 2114 fabricam,
1081 2045 1115 2102 et
1135 2036 1170 2100 in
1187 2055 1227 2100 ea
1247 2055 1283 2102 se
1311 2033 1548 2119 quodammodo
1563 2034 1773 2117 conspicuum
1803 2033 1927 2100 reddat.
1963 2035 2049 2102 Nam
2070 2043 2204 2102 aeterna
2231 2057 2362 2120 queque

367 2143 439 2208 eius
461 2143 617 2210 divinitas
639 2155 674 2210 et
694 2143 903 2230 potentia(ut
924 2146 1033 2231 inquit
1060 2146 1185 2213 Paulus
1212 2147 1307 2212 Rem.
1331 2146 1361 2222 1,
1383 2143 1439 2232 20)
1467 2144 1535 2213 illie
1563 2145 1718 2212 relucent
1751 2145 1798 2210 Et
1813 2144 1895 2210 illud
1913 2144 2051 2212 Davidis
2068 2154 2119 2213 est
2139 2147 2359 2228 verissimum,

365 2255 483 2332 coeloe,
507 2265 673 2340 11111111
690 2256 805 2341 lingua
821 2267 962 2338 careant,
982 2258 1120 2326 disertos
1137 2265 1247 2324 tamen
1268 2277 1339 2324 esse
1356 2255 1479 2341 gloriae
1489 2255 1554 2323 Dei
1572 2275 1747 2339 praecones
1765 2254 1834 2341 (Pe.
1858 2256 1909 2336 19,
1932 2255 1979 2342 1);
1991 2257 2248 2341 pulcherrimum
2268 2257 2361 2326 hune

365 2375 504 2433 naturae
525 2367 672 2433 ordinem
694 2366 821 2434 silendo
843 2368 986 2435 clamare
1007 2389 1106 2454 quam
1134 2368 1336 2436 admirabilis
1356 2368 1401 2434 sit
1421 2368 1491 2434 eius
1518 2367 1687 2451 sapientia.
1727 2367 1801 2434 Hoe
1823 2389 1862 2434 eo
1884 2367 2074 2453 diligentins
2098 2369 2280 2436 notandum
2298 2377 2360 2450 est,

363 2478 451 2562 qued
470 2487 537 2545 tam
554 2481 649 2564 pauci
665 2490 789 2548 rectam
807 2479 1023 2565 cognoscendi
1040 2480 1104 2547 Dei
1122 2481 1210 2545 viam
1229 2487 1355 2546 tenent:
1379 2478 1512 2562 plurimi
1533 2486 1643 2544 autem
1660 2477 1696 2543 in
1714 2475 1872 2546 oreaurris
1893 2478 2067 2546 haerentes
2083 2473 2231 2564 opificem
2249 2481 2359 2564 ipsum

365 2610 430 2656 non
452 2601 577 2658 curent.
620 2591 707 2658 Nam
728 2591 853 2658 duobus
864 2590 917 2656 bis
928 2592 1083 2658 extremis
1093 2591 1183 2658 vitiis
1204 2591 1272 2656 fere
1288 2590 1439 2656 laborant
1456 2588 1613 2668 hemines,
1631 2587 1714 2683 quod
1738 2589 1803 2669 alii,
1821 2590 1998 2673 praeterito
2016 2589 2216 2667 Dentatum
2232 2593 2360 2676 ingenii

365 2703 415 2767 sui
434 2701 500 2766 vim
524 2701 565 2768 ad
587 2699 724 2768 naturae
746 2701 1037 2769 considerationem
1060 2702 1242 2787 applicante
1264 2702 1320 2766 alii
1342 2709 1468 2784 autem,
1491 2699 1648 2786 neglectis
1670 2698 1736 2766 Dei
1757 2701 1925 2784 operibus,
1950 2700 2053 2768 111111
2074 2699 2219 2786 adeoque
2239 2703 2360 2770 insana

364 2814 553 2880 curiositate
580 2815 620 2880 11
642 2812 872 2898 inquirendam
894 2815 964 2880 eius
975 2814 1152 2880 essentiam
1162 2811 1321 2879 involant.
1359 2812 1537 2896 Perperam
1558 2812 1699 2896 utrique.
1747 2809 1911 2896 Occupari
1939 2815 1975 2878 in
1999 2811 2202 2898 vestigandis
2219 2821 2360 2880 naturae

363 2925 509 3004 areanis,
532 2934 571 2991 ut
587 2946 755 3009 nunquam
777 2924 819 2990 ad
855 2931 1003 2991 autorem
1031 2934 1203 2991 convertas
1232 2924 1358 3004 oeulos,
1385 2943 1578 3007 perversum
1599 2929 1651 2988 est
1681 2921 1841 2990 studium:
1864 2923 1930 2988 frui
1952 2944 2031 2990 vero
2053 2931 2123 2990 tota
2139 2932 2275 3004 natura,
2296 2945 2360 2992 nee

363 3035 513 3103 beneficii
534 3044 681 3102 autorem
715 3055 907 3121 agnoscere,
938 3035 1036 3102 nimis
1058 3035 1154 3102 foeda
1176 3035 1388 3120 ingratitudo.
1425 3035 1514 3118 lllrgo
1532 3033 1590 3118 111
1612 3034 1683 3100 sine
1706 3033 1868 3119 religione
1891 3033 2183 3119 philosophantur,
2206 3036 2273 3104 imo
2294 3035 2359 3104 hoe

364 3156 468 3232 agunt
489 3148 687 3231 speculando
709 3154 747 3213 11
757 3145 866 3214 Deum
889 3153 923 3212 et
940 3146 1070 3230 pietatis
1093 3166 1225 3213 sensum
1237 3146 1351 3230 procul
1369 3167 1389 3213 a
1410 3167 1445 3212 se
1467 3154 1668 3226 removeant,
1685 3145 1861 3230 aliquando
1882 3147 2027 3212 sentient
2048 3145 2126 3231 quid
2148 3146 2258 3214 valeat
2273 3147 2358 3214 illud

363 3258 460 3325 Pauli
477 3258 563 3344 quod
585 3259 687 3326 refert
707 3260 826 3339 Lucas,
849 3257 957 3326 Deum
979 3279 1151 3342 nunquam
1167 3279 1203 3324 se
1219 3258 1389 3342 reliquisse
1410 3255 1580 3342 ἀμάρτυρον
1601 3255 1689 3343 (Aet.
1714 3257 1764 3338 14,
1791 3255 1852 3343 17).
1896 3258 2011 3342 Neque
2028 3257 2115 3324 enim
2136 3257 2202 3325 illis
2222 3259 2359 3342 impune

364 3370 472 3451 cedet,
495 3370 581 3455 1111
603 3370 644 3436 11
667 3369 856 3437 testimonia
876 3378 946 3436 tarn
964 3369 1106 3438 illustria
1134 3368 1227 3436 surdi
1247 3376 1281 3435 et
1309 3367 1443 3436 hebetes
1466 3369 1598 3434 fuerint.
1641 3367 1688 3434 Et
1709 3387 1787 3435 sane
1821 3367 1933 3434 Deum
1959 3389 2122 3454 nusquam
2150 3369 2278 3450 videre,
2299 3371 2358 3454 qni

363 3483 482 3567 ubique
504 3481 560 3548 dat
581 3483 785 3566 praesentiae
811 3501 889 3550 1111
911 3481 1022 3567 signa,
1045 3480 1209 3566 malignae
1237 3480 1442 3567 ignorantiae
1464 3487 1522 3547 est.
1567 3477 1663 3563 Quod
1689 3480 1718 3546 si
1734 3500 1823 3546 nune
1845 3478 1996 3546 illusores
2029 3481 2156 3550 cavillis
2179 3481 2357 3572 effugiunt,

360 3593 536 3678 aliquande
564 3593 742 3660 testabitur
766 3593 921 3661 horribile
949 3612 1064 3659 eornm
1093 3593 1247 3672 exitium,
1272 3613 1338 3660 non
1368 3591 1433 3660 1111
1451 3591 1490 3658 11
1507 3611 1606 3658 eausa
1622 3592 1710 3675 ipses
1727 3590 1836 3657 Deum
1854 3592 1995 3672 nescire,
2012 3591 2078 3659 nisi
2095 3593 2171 3676 quia
2188 3602 2306 3676 sponte
2324 3601 2358 3659 st

359 3705 519 3771 malitiose
541 3705 731 3770 caecutiant.
776 3702 946 3785 Quantum
968 3702 1009 3769 11
1032 3724 1086 3770 111
1113 3703 1169 3788 qui
1196 3703 1334 3786 superbe
1360 3702 1519 3769 mundum
1549 3702 1790 3770 transvolantes
1818 3704 1927 3770 Deum
1949 3705 1984 3768 iu
2007 3702 2097 3769 nuda
2129 3724 2189 3770 sua
2213 3706 2357 3770 essentia

361 3823 538 3900 quaerunt,
561 3817 721 3882 111-1111
751 3824 860 3898 potest
886 3815 965 3900 quin
983 3813 1133 3882 absurdis
1157 3813 1289 3881 tandem
1307 3814 1419 3881 multis
1441 3814 1632 3880 commentis
1652 3834 1688 3880 se
1707 3814 1871 3880 intricent.
1906 3815 1998 3880 Deus
2019 3814 2109 3882 euim
2131 3813 2253 3898 alioqui
2269 3816 2357 3882 invi·

362 3927 465 3994 sibilis
483 3926 535 4015 (ut
555 3929 621 3992 iam
644 3925 766 3994 dietum
788 3927 851 4016 est)
874 3925 986 3994 mundi
1007 3927 1186 4011 imaginem
1204 3924 1440 4010 quodammodo
1457 3926 1574 4004 induit,
1597 3926 1632 3990 in
1655 3947 1719 4010 qua
1740 3947 1776 3991 se
1793 3924 1887 3992 nobis
1904 3924 2170 4009 conspiciendum
2191 3927 2356 4020 praebeat.

361 4039 444 4106 Tam
471 4039 643 4123 magnifiee
666 4048 818 4106 ornatum
829 4037 1076 4121 incomparabili
1099 4037 1214 4104 oceliet
1235 4047 1342 4103 terrae
1364 4039 1471 4122 figura
1493 4038 1550 4120 qui
1572 4038 1694 4104 intueri
1711 4058 1780 4103 non
1797 4036 1986 4122 dignantur,
2008 4045 2122 4122 postea
2139 4037 2208 4104 suis
2230 4037 2358 4106 delitiis

362 4151 465 4217 iustas
483 4150 534 4216 sui
553 4149 676 4216 fastidii
699 4169 818 4234 poenas
840 4150 946 4214 luunt.
991 4148 1135 4216 Proinde
1157 4147 1293 4214 simelae
1315 4167 1434 4213 nemen
1453 4149 1517 4214 Dei
1545 4148 1679 4215 auribus
1707 4148 1828 4214 nestris
1851 4149 1998 4229 insonat,
2019 4148 2074 4215 vel
2104 4149 2174 4216 eius
2201 4152 2357 4234 cogitatio

363 4261 466 4340 subit,
485 4283 545 4328 nos
562 4282 690 4346 quoque
711 4261 929 4347 pulcherrimo
952 4260 1014 4327 boe
1034 4271 1153 4326 ornatu
1174 4262 1282 4346 ipsum
1312 4259 1509 4326 vestiamus:
1532 4259 1671 4344 denique
1699 4260 1841 4326 mundus
1870 4261 1913 4326 sit
1934 4259 2028 4326 nobis
2054 4259 2181 4338 ecbola,
2203 4261 2233 4326 si
2254 4262 2357 4344 probe

361 4374 472 4440 Deum
490 4393 686 4458 cognoscere
702 4381 863 4456 optamus.
908 4371 998 4438 Hine
1019 4372 1120 4437 etiam
1141 4373 1301 4438 refellitur
1318 4393 1430 4438 eorum
1448 4369 1652 4455 improbitas,
1677 4371 1732 4454 qui
1754 4371 1841 4438 hiosi
1859 4370 2036 4450 oblatrant,
2059 4370 2144 4455 qued
2165 4380 2233 4436 tam
2255 4373 2358 4439 breve

362 4485 519 4569 temporis
541 4484 683 4566 spatium
704 4483 840 4552 fluxisse
861 4491 976 4548 narret
993 4503 1012 4548 a
1032 4484 1147 4549 mundi
1164 4484 1334 4550 creatione.
1379 4481 1553 4564 Quaerunt
1570 4483 1656 4548 enim
1675 4481 1754 4567 quid
1771 4484 1843 4549 Deo
1860 4491 1995 4566 repente
2013 4482 2049 4548 in
2067 4491 2210 4548 mentem
2229 4485 2359 4550 venerit

362 4607 400 4663 ut
417 4595 576 4662 mundum
589 4605 731 4662 crearet:
743 4617 801 4662 eur
812 4594 937 4660 tamdiu
949 4596 985 4660 in
1008 4593 1097 4662 coelo
1115 4596 1238 4662 otiosus
1255 4596 1400 4661 iacuerit:
1419 4602 1515 4678 atque
1527 4594 1575 4660 ita
1590 4594 1625 4660 in
1644 4594 1821 4678 perniciem
1839 4615 1933 4662 suam
1945 4593 2086 4660 ludendo
2103 4615 2240 4662 acumen
2257 4615 2359 4662 suum

362 4717 524 4776 exercent.
560 4707 717 4774 Refertur
737 4707 773 4772 in
795 4706 946 4773 Historia
966 4707 1131 4790 tripartita
1159 4705 1321 4790 quoddam
1339 4707 1384 4789 pii
1406 4705 1470 4773 viri
1491 4725 1699 4788 responsum,
1721 4705 1806 4789 1111
1831 4704 1912 4770 mihi
1939 4725 2067 4789 semper
2092 4705 2224 4789 placuit
2269 4705 2359 4772 Nam

361 4841 464 4904 quum
485 4821 633 4904 impurus
652 4818 813 4902 quispiam
831 4818 921 4885 canis
931 4819 1040 4885 Deum
1061 4818 1218 4885 eiusmodi
1237 4816 1377 4883 ludibrio
1396 4817 1586 4901 exagitaret,
1606 4815 1735 4900 excepit
1751 4816 1818 4896 ille,
1836 4826 1915 4882 tune
1932 4817 2067 4882 minime
2084 4815 2186 4884 fuisse
2203 4814 2358 4898 otiosum,

362 4934 439 5015 1111
460 4931 625 4996 infernum
646 4928 839 4997 fabricasset
860 4930 1006 4996 curiosis.
1052 4927 1182 5010 Quibus
1199 4930 1286 4995 enim
1306 4927 1486 4995 rationibus
1503 4947 1616 4994 eorum
1634 4927 1835 5011 proterviam
1852 4947 2046 5011 compescas,
2064 4927 2182 5012 quibus
2198 4927 2360 4996 sobrietas

363 5062 405 5107 ex
427 5040 571 5124 professo
593 5041 847 5124 contemptibilis
869 5051 918 5106 est
940 5051 975 5106 et
996 5041 1117 5108 odiosa.
1161 5042 1208 5108 111
1229 5049 1318 5108 certe
1345 5040 1401 5125 qui
1430 5041 1464 5104 in
1482 5038 1633 5105 vexando
1654 5037 1720 5105 Dei
1747 5039 1814 5104 otio
1835 5039 1882 5104 ita
1902 5039 2037 5106 licenter
2067 5058 2156 5106 nuno
2177 5039 2360 5120 exsultant,

362 5153 430 5222 vim
451 5155 520 5218 eius
542 5153 578 5217 in
600 5150 747 5235 paranda
768 5152 919 5236 gehenna
941 5161 1108 5218 aeternam
1130 5153 1230 5220 fuisse
1251 5171 1371 5236 magne
1393 5173 1452 5218 suo
1474 5150 1561 5216 malo
1590 5152 1743 5217 sentient
1789 5149 1958 5232 Quantum
1980 5148 2022 5216 11
2044 5171 2103 5216 uos
2125 5158 2267 5234 spectat,
2290 5172 2361 5220 non

364 5263 460 5330 debet
477 5277 644 5348 tantopere
674 5262 852 5330 absurdum
882 5262 1001 5344 videri,
1030 5261 1115 5347 1111
1137 5265 1228 5332 11111
1250 5285 1285 5330 se
1307 5264 1376 5347 ipso
1398 5269 1585 5342 contentus,
1607 5260 1785 5344 mundum,
1807 5283 1871 5346 quo
1894 5282 1959 5327 non
1981 5260 2166 5347 indigebat,
2188 5281 2254 5328 non
2277 5271 2364 5332 anto
