4988 6192
158 439 219 504 461
824 434 1194 505 oonuuurnarus
1216 436 1265 501 ru
1290 433 1503 502 eausam.
1571 389 1574 400 ’
2093 435 2160 504 rer

162 645 239 691 suae
256 622 447 708 indulgent:
465 621 531 688 imo
549 621 584 687 in
602 642 640 687 ec
656 619 762 704 magis
781 619 981 687 detestabilis
999 627 1136 704 apparet
1187 620 1227 686 ad
1250 619 1439 689 Siohimitas
1462 628 1602 707 spectet,
1630 623 1706 688 licet
1735 642 1844 689 eoram
1867 623 1938 688 Deo
1960 644 2026 688 non
2049 633 2158 690 essent

162 730 274 776 eorum
298 710 462 793 impietas,
490 707 574 791 quod
597 728 663 773 uon
692 715 820 771 tautum
843 716 956 774 contra
984 706 1134 772 homines
1185 708 1328 786 innoxii,
1362 715 1474 792 utpote
1496 710 1550 792 qui
1573 729 1633 774 aua
1655 709 1825 776 commoda
1854 708 2004 793 religioni
2026 719 2158 793 praetu-
2187 763 2191 771 .

160 794 348 881 petulanter
370 801 486 874 ruunt,
517 791 574 858 sed
601 791 838 878 quqdammodo
859 792 1020 860 insultant
1041 812 1133 858 sacro
1186 791 1308 872 lerant,
1342 813 1438 876 quam
1470 796 1630 877 putabant
1662 815 1733 860 esse
1765 794 1962 879 legitimam,
1996 795 2157 862 Dominus

159 882 224 948 Dei
247 879 378 957 foederi,
397 878 512 962 dequo
529 887 638 944 temen
658 879 753 945 unice
768 878 1000 964 gloriabantur.
1037 877 1135 944 Certe
1186 886 1296 943 tamen
1330 900 1397 945 non
1429 901 1488 962 pro
1517 901 1628 946 eorum
1663 879 1781 946 delicto
1814 889 1881 945 tam
1915 881 2069 945 atrooiter
2102 902 2157 948 eos

160 975 196 1033 ιιι
218 967 299 1051 ipsis
322 964 509 1031 hominibus
529 986 596 1029 non
617 972 807 1048 parcerent,
828 964 897 1030 sola
919 972 1030 1030 tamen
1052 964 1134 1031 haec
1185 963 1296 1047 puniri
1327 965 1445 1030 voluit:
1480 965 1537 1031 sed
1566 967 1708 1031 immane
1741 966 1928 1049 exemplum
1955 965 2008 1031 edi
2041 987 2156 1051 passus

159 1052 348 1118 reverentia
370 1050 519 1117 cohibere
543 1048 653 1116 debuit
680 1050 827 1132 ipsorum
855 1050 1026 1130 ferociam,
1055 1050 1132 1116 dum
1185 1059 1235 1115 est
1244 1057 1377 1132 propter
1386 1051 1484 1116 unius
1496 1051 1624 1136 puellae
1642 1059 1782 1134 raptum,
1800 1060 1836 1116 ut
1853 1051 1990 1117 saeculis
2007 1052 2158 1119 omnibus

158 1144 352 1222 reputarent
373 1134 461 1202 unde
483 1135 667 1203 Sichimitia
689 1135 848 1203 debilitas.
1186 1144 1341 1201 testatum
1363 1137 1483 1202 faceret
1504 1145 1702 1222 quantopere
1721 1158 1836 1202 exosae
1855 1136 1975 1203 habeat
1995 1137 2156 1206 libidines.

247 1222 298 1289 25.
330 1221 456 1288 Simeon
483 1227 512 1286 ef
540 1221 617 1287 Leni
648 1222 765 1305 fratres
790 1221 909 1287 Direla.
960 1221 1049 1303 Quia
1081 1219 1133 1287 die
1185 1219 1280 1286 Adde
1313 1222 1397 1305 quod
1430 1243 1531 1304 quum
1564 1243 1584 1287 a
1615 1223 1763 1306 principe
1795 1223 1936 1290 civitatis
1968 1233 2039 1288 orta
2071 1230 2158 1290 esset

161 1305 257 1375 terlio
290 1309 400 1374 Moses
430 1307 551 1372 editam
585 1307 685 1374 fuisse
716 1315 859 1390 stragem
892 1307 984 1386 dicit,
1016 1316 1133 1391 putant
1185 1306 1357 1389 iniquitas,
1389 1308 1462 1373 iure
1485 1307 1525 1372 ad
1548 1318 1653 1374 totum
1680 1329 1799 1391 corpus
1827 1307 1940 1391 populi
1968 1308 2157 1374 extenditur

159 1395 305 1461 Hebraei
328 1401 406 1460 tune
433 1394 661 1478 ingravescere
683 1393 830 1458 vulneris
852 1393 1005 1458 dolorem.
1049 1393 1132 1459 Pro-
1184 1413 1296 1476 poena.
1341 1394 1426 1458 Nam
1449 1415 1549 1477 quum
1568 1393 1658 1460 Deus
1680 1393 1777 1459 malis
1799 1401 1831 1460 et
1853 1394 1979 1461 vitiosis
2002 1395 2157 1478 principi·

160 1481 248 1547 batio
278 1491 390 1545 tamen
415 1501 482 1544 non
509 1479 588 1545 satis
617 1481 713 1544 firma
740 1487 805 1546 est:
836 1499 896 1543 nec
924 1499 1003 1544 vero
1031 1479 1067 1542 in
1094 1501 1132 1544 eo
1184 1479 1245 1544 bus
1275 1500 1442 1561 nunquam
1476 1481 1539 1544 nisi
1570 1481 1656 1545 iusto
1689 1479 1809 1546 iudicio
1836 1479 2009 1564 imperium
2038 1480 2157 1561 tradat,

159 1567 304 1632 multum
326 1573 377 1631 est
398 1566 565 1629 momenti.
610 1564 805 1648 Quanquam
828 1573 938 1630 autem
961 1565 1042 1630 duos
1060 1573 1132 1630 tan·
1184 1563 1268 1629 nihil
1297 1565 1418 1630 mirum
1448 1566 1477 1631 si
1504 1564 1551 1630 illi
1580 1564 1657 1630 dum
1688 1573 1838 1650 peccant,
1867 1564 2014 1632 subditos
2042 1567 2155 1632 eodem

160 1662 231 1718 tum
250 1650 359 1718 caedis
382 1657 511 1716 autores
526 1650 636 1716 Moses
657 1651 814 1729 nominat,
836 1650 917 1715 mihi
935 1661 1046 1716 tamen
1065 1670 1132 1715 uon
1185 1670 1294 1716 secum
1334 1660 1427 1716 reatu
1466 1651 1649 1716 involvunt.
1704 1651 1880 1718 Caeterum
1913 1652 1975 1716 hoc
2006 1653 2155 1735 exemplo

160 1749 212 1804 est
232 1736 423 1816 verisimile,
445 1737 533 1820 ipsos
555 1737 686 1802 venisse
707 1734 809 1815 solos,
835 1735 892 1802 sed
914 1736 1012 1802 fuisse
1034 1735 1132 1804 duces
1185 1734 1361 1814 discamus,
1401 1736 1504 1803 sicubi
1543 1739 1678 1822 impune
1709 1745 1900 1822 grassantur
1933 1738 2154 1817 scortationes,

159 1833 300 1889 turmae.
339 1821 490 1887 Habebat
512 1823 599 1886 enim
620 1820 719 1888 Iacob
741 1820 880 1904 amplam
903 1821 1078 1887 familiam:
1101 1829 1133 1887 et
1185 1821 1486 1888 Deumtandemeo
1504 1823 1671 1906 graviores
1689 1843 1809 1905 poenas
1827 1831 2046 1906 sumpturum.
2070 1823 2155 1888 Nam

160 1910 233 1976 fieri
262 1916 368 1992 petest
395 1915 432 1973 ιιι
453 1907 577 1990 aliquos
600 1907 737 1972 etiarne
763 1907 920 1973 fratribus
941 1908 1132 1974 asciverint:
1183 1908 1211 1972 si
1230 1909 1328 1973 unius
1345 1907 1472 1990 puellae
1489 1918 1639 1992 stuprum
1657 1906 1804 1973 horribili
1822 1909 1922 1975 totius
1940 1907 2030 1974 urbis
2047 1915 2157 1994 strage

161 1997 238 2078 quia
264 2004 374 2059 tamen
404 2013 517 2058 eorum
548 1993 682 2060 consilio
704 2002 736 2058 et
763 1993 864 2058 ductu
885 2015 938 2060 res
960 2002 1053 2078 gesta
1075 2003 1132 2075 est,
1184 1993 1274 2058 ultus
1297 2002 1356 2072 est,
1380 2015 1446 2058 non
1470 1992 1609 2058 dormiet
1630 2015 1690 2060 neo
1712 1995 1859 2073 cessabit,
1881 1995 1910 2061 si
1933 1995 2031 2078 vulgo
2054 2017 2156 2080 popu-

160 2080 229 2146 illis
256 2079 429 2157 tribuitur,
458 2079 555 2146 sicuti
585 2099 604 2143 a
632 2078 786 2163 Scipione
814 2077 936 2146 dicitur
965 2079 1133 2164 Carthago
1184 2079 1237 2144 lus
1256 2100 1340 2144 unus
1358 2079 1524 2146 scortandi
1546 2080 1710 2146 licentiam
1729 2079 1791 2146 sibi
1812 2082 1991 2163 permittat,
2014 2090 2047 2146 et
2070 2081 2157 2147 ultro

161 2167 278 2232 deletu.
314 2165 421 2232 Vocat
441 2167 539 2238 etiam
552 2165 662 2230 Moses
679 2166 766 2249 ipsos
788 2164 1034 2246 fratresDinae,
1055 2167 1133 2248 quia
1185 2165 1330 2248 citroque
1353 2165 1407 2230 alii
1431 2164 1471 2230 ad
1496 2165 1633 2230 aliorum
1656 2165 1835 2248 nequitiam
1858 2167 2069 2232 conniveant:
2095 2167 2157 2230 im·

161 2252 284 2317 uterini
312 2257 415 2316 erant.
460 2250 571 2335 Supra
598 2250 743 2316 vidimus
764 2248 887 2315 Diuum
911 2252 1010 2317 irrisae
1032 2252 1133 2316 filiam
1184 2250 1284 2334 probe
1307 2249 1438 2334 quidem
1462 2251 1522 2315 filii
1543 2249 1654 2317 Iacob:
1682 2251 1740 2317 scd
1763 2251 1943 2317 notandum
1966 2261 2016 2317 est
2039 2251 2157 2317 divini-

160 2339 267 2404 Leae:
297 2356 399 2420 quare
420 2334 555 2403 Simeon
578 2345 611 2402 et
633 2336 717 2402 Levi
745 2357 885 2419 quorum
914 2358 1071 2421 germana
1093 2336 1135 2401 ab
1185 2347 1239 2402 tus
1261 2337 1492 2402 scortationem
1515 2336 1577 2402 hoe
1599 2335 1695 2402 modo
1716 2337 1817 2403 luisse
1841 2336 2038 2403 damnatam.

159 2433 299 2506 utroque
309 2430 444 2505 parente
456 2431 526 2488 erat
537 2443 628 2488 soror
639 2423 680 2488 ob
691 2423 849 2488 violatam
860 2424 931 2489 aius
942 2423 1134 2506 pudicitiam
1273 2422 1322 2487 17.
1347 2422 1430 2488 Filii
1452 2422 1587 2488 lobeccb
1603 2424 1763 2506 progressi
1780 2428 1862 2488 aaut
1907 2422 2060 2488 Ostendit
2085 2423 2156 2488 Mo·

158 2511 265 2594 magis
288 2506 455 2574 exardent.
499 2508 589 2592 Ergo
611 2528 675 2572 non
697 2516 763 2572 tam
786 2528 959 2575 commune
977 2510 1080 2574 sancti
1102 2517 1135 2573 et
1186 2530 1238 2573 sea
1259 2528 1326 2572 non
1348 2518 1515 2574 contentos
1537 2509 1677 2590 simplici
1698 2507 1842 2574 vindicta
1854 2509 1952 2574 simul
1969 2508 2158 2574 convolasse

159 2595 256 2662 electi
279 2595 409 2678 generis
430 2594 584 2677 probrum
607 2594 844 2678 ipsca'impulit
861 2593 913 2681 (ut
930 2595 1012 2660 falso
1029 2615 1134 2678 nuper
1186 2593 1412 2676 adpraedam.
1449 2592 1544 2675 Quod
1568 2595 1608 2659 ad
1632 2593 1731 2661 verba
1753 2602 1887 2677 spectat,
1908 2594 2062 2660 dicuntur
2083 2615 2157 2678 pro-

159 2679 339 2766 iaotabant)
371 2699 468 2762 quam
501 2679 675 2762 peculiaris
706 2681 896 2764 ignominia.
957 2680 1133 2746 (laetarum
1185 2679 1289 2764 gressi
1319 2700 1390 2745 ease
1416 2701 1514 2763 super
1542 2686 1702 2758 mortuos,
1731 2681 1784 2746 vel
1814 2679 1899 2763 quod
1926 2701 1985 2763 per
2014 2690 2158 2830 stragem

159 2765 273 2831 nullus
298 2775 348 2831 est
377 2765 532 2832 lectorum
555 2766 610 2848 qui
633 2786 699 2831 non
720 2786 780 2848 per
802 2787 836 2832 se
859 2776 1013 2850 agnoscat
1035 2786 1133 2848 quam
1185 2765 1380 2831 cadaverum
1403 2767 1466 2830 iter
1488 2764 1550 2830 sibi
1570 2766 1716 2845 feceriut,
1739 2765 1792 2832 vel
1810 2765 1895 2848 quod
1918 2765 2006 2830 ultra
2026 2785 2081 2832 cae
2106 2786 2156 2830 em

160 2853 306 2917 immane
330 2859 363 2916 et
383 2851 621 2916 exsecrandum
652 2851 753 2916 fuerit
774 2852 836 2918 hoo
858 2853 994 2918 facinus.
1038 2851 1134 2918 Unus
1171 2872 1220 2916 se
1242 2852 1463 2935 proripuerint
1479 2851 1520 2915 ad
1539 2850 1701 2934 praedam.
1737 2850 1872 2917 Utrovis
1891 2851 1986 2916 modo
2009 2851 2158 2934 accipias,

160 2945 291 3004 tantum
331 2945 537 3022 peccaverat:
582 2936 738 3002 iniuriam
779 2937 929 3022 pluribus
968 2937 1134 3006 beneficiis
1186 2935 1281 3004 docet
1302 2938 1412 3004 Moses
1433 2958 1498 3003 uon
1521 2936 1621 3004 fuisse
1643 2938 1779 3004 satiatos
1800 2937 1902 3021 priori
1929 2936 2067 3014 scelere,
2092 2937 2157 3002 nisi

159 3044 299 3109 pensare
319 3023 459 3088 studuit:
493 3043 558 3088 non
588 3023 726 3088 satiatur
747 3022 922 3089 erudelitas
944 3022 1079 3091 Simeon
1101 3031 1135 3088 et
1186 3021 1353 3090 cumulum
1379 3023 1470 3089 hunc
1497 3020 1664 3089 adderent.
1709 3023 1807 3102 Esto,
1837 3021 2059 3088 infundendo
2082 3043 2158 3088 san-

159 3110 264 3188 Levi,
295 3109 359 3174 uisi
388 3109 490 3173 totius
518 3108 609 3174 urbis
638 3108 778 3175 excidio:
813 3119 844 3175 et
873 3111 933 3176 sub
960 3117 1134 3194 praetextu
1186 3109 1286 3194 guiue
1303 3106 1471 3174 iracundia
1489 3109 1575 3175 caeci
1592 3110 1723 3188 fuerint,
1745 3129 1811 3191 qno
1827 3116 1936 3174 tamen
1955 3110 2026 3173 iure
2043 3109 2157 3174 urbem

160 3195 317 3274 foederis,
346 3201 459 3260 eontra
488 3194 607 3260 amicos
630 3201 661 3259 et
686 3194 831 3278 hospites
853 3196 887 3260 in
917 3195 1025 3261 media
1055 3215 1133 3279 pace
1187 3194 1367 3278 diripiunt?
1392 3194 1454 3259 hoo
1475 3203 1562 3261 certe
1582 3194 1772 3261 iracundiae
1790 3215 1857 3259 uon
1878 3202 1987 3277 petest
2007 3193 2158 3260 adscribi.

160 3281 342 3348 moliuntur
361 3277 451 3430 pund
473 3279 507 3344 iu
531 3278 675 3362 professo
697 3281 782 3348 bello
803 3291 917 3347 centra
937 3282 1048 3348 hostes
1066 3303 1134 3347 non
1187 3278 1254 3346 Sed
1282 3279 1317 3344 hi
1346 3279 1469 3346 scilicet
1502 3281 1665 3346 humanae
1696 3281 1969 3363 intemperantiae
2001 3279 2159 3345 ordinarii

160 3375 248 3433 esset
268 3366 358 3432 feren
384 3386 448 3431 um.
492 3365 581 3431 Hine
601 3365 817 3449 perspicimus
838 3388 934 3451 quam
957 3367 1135 3434 clementer
1186 3373 1264 3432 eunt
1293 3367 1434 3443 fructus,
1463 3367 1578 3449 utqui
1601 3367 1660 3434 eibi
1690 3365 1724 3432 in
1754 3387 1820 3431 nno
1849 3367 1970 3432 scelere
1999 3364 2158 3448 patrando

161 3453 267 3538 egerit
287 3449 381 3518 Deus
402 3472 477 3518 cnm
500 3450 619 3535 populo
647 3450 719 3531 illo,
749 3451 827 3518 dum
850 3474 890 3519 ex
913 3455 1052 3537 posteris
1074 3451 1132 3518 ho-
1186 3454 1335 3518 fraenum
1368 3452 1544 3532 laxaverit,
1577 3451 1613 3516 in
1642 3451 1731 3518 eliud
1760 3471 1839 3517 mox
1870 3460 2077 3535 prorumpat:
2111 3453 2159 3516 ita

160 3539 261 3605 minis
282 3537 503 3622 sanguinarii,
534 3536 678 3620 adeoque
699 3538 828 3604 scelesti
849 3539 1003 3618 latronis,
1026 3559 1133 3606 sacer·
1185 3538 1245 3604 filii
1267 3537 1365 3604 Iaoob
1393 3559 1434 3602 ex
1462 3536 1634 3604 homicidis
1662 3538 1746 3604 fiunt
1774 3537 1872 3602 etiam
1902 3536 2095 3620 praedones,
2125 3543 2159 3602 et

161 3625 253 3691 dotes
281 3622 341 3690 cibi
372 3621 549 3690 coustituit.
601 3624 689 3689 Eant
715 3645 802 3690 nunc
830 3624 943 3690 Iudaei
971 3636 1004 3690 et
1031 3624 1133 3689 nobili
1185 3623 1227 3690 ad
1249 3622 1473 3690 crudelitatem
1495 3622 1619 3689 accedit
1641 3623 1797 3689 avaritiae
1817 3623 1983 3689 cumulus:
2007 3621 2160 3702 Quema-

161 3731 222 3776 sua
245 3709 371 3794 origine
393 3708 593 3793 superbiant.
632 3711 736 3792 Atqui
758 3711 907 3794 pluribus
929 3711 1134 3776 documentis
1186 3711 1237 3796 gis
1259 3708 1430 3775 sollicitam
1463 3729 1595 3792 operam
1629 3708 1707 3775 dare
1739 3710 1894 3776 convenit
1928 3705 2159 3791 cupiditatibus

161 3795 340 3882 gratuitam
374 3815 466 3860 suam
502 3795 754 3861 misericordiam
788 3797 927 3862 assernit
961 3797 1133 3876 Dominus,
1186 3796 1307 3862 nostris
1331 3794 1535 3875 fraenandis,
1563 3817 1605 3860 ue
1635 3794 1739 3860 altera
1760 3795 1805 3860 sit
1826 3795 1960 3860 alterius
1981 3793 2157 3873 flabellum,

160 3903 260 3967 quam
284 3890 321 3946 ut
341 3903 413 3946 eam
443 3879 595 3947 obscuret
623 3882 767 3966 maligna
797 3882 966 3948 hominum
995 3883 1132 3968 ingrati·
1186 3891 1224 3948 ut
1246 3881 1376 3947 demum
1399 3902 1440 3946 ex
1463 3886 1577 3946 mutua
1598 3881 1853 3945 inflammatione
1877 3878 2032 3945 horribile
2054 3900 2157 3944 emer·

159 3967 250 4035 tudo.
294 3968 383 4033 Hinc
405 3988 484 4033 vero
506 3968 712 4051 agnoscimus
734 3967 850 4034 Mosen
872 3990 937 4034 non
959 3969 1133 4053 loquutum
1186 3977 1244 4053 gat
1261 3966 1464 4034 incendium:
1488 3966 1680 4050 praesertim
1698 3986 1779 4031 vero
1796 3966 1837 4030 ab
1856 3973 1982 4030 armata
2001 3965 2159 4030 violentia

160 4077 204 4120 ex
226 4075 324 4120 sensu
347 4053 471 4131 carnis,
502 4055 557 4118 sed
586 4073 746 4138 organum
769 4073 840 4120 essa
862 4054 996 4138 spiritus
1018 4055 1132 4134 saneti,
1186 4053 1384 4133 cavendum,
1413 4072 1495 4136 quae
1524 4073 1633 4118 secum
1663 4051 1767 4116 trahit
1787 4052 1905 4116 multoe
1934 4070 2102 4134 perversos
2124 4058 2158 4115 et

161 4140 374 4222 coelestisque
403 4138 520 4206 iudicis
548 4158 756 4222 praeconem:
786 4161 863 4205 nam
892 4162 991 4225 quum
1014 4141 1134 4207 Levita
1185 4140 1271 4204 foros
1292 4139 1443 4221 impetus.
1483 4137 1573 4202 Dicit
1595 4137 1704 4203 Moses
1726 4137 1787 4204 hoc
1809 4137 1921 4203 fecisse
1943 4137 2027 4202 filios
2048 4134 2155 4214 Iacob,

162 4235 267 4305 osset,
296 4225 377 4292 adeo
399 4225 514 4309 generi
535 4245 594 4290 suo
616 4246 682 4291 non
704 4227 825 4308 parcit,
849 4234 885 4291 ut
907 4236 1033 4309 patrem
1055 4245 1133 4292 suae
1186 4227 1260 4309 quia
1294 4245 1436 4290 sororem
1472 4244 1564 4288 suam
1604 4223 1787 4307 polluerant
1819 4222 2025 4288 Siohimitae:
2066 4221 2156 4305 atqui

161 4313 269 4378 tribus
298 4321 455 4395 perpetua
483 4311 639 4376 infamiae
661 4319 774 4376 notare
797 4333 864 4377 non
887 4312 1021 4378 dubitet.
1064 4313 1134 4378 Nec
1185 4319 1253 4376 tota
1275 4311 1353 4376 urbs
1374 4309 1510 4374 minime
1532 4311 1663 4376 conseia
1684 4309 1807 4374 fuerat:
1835 4307 1891 4374 sed
1915 4315 2041 4372 tantum
2065 4315 2157 4372 notat

162 4397 298 4464 dubium
321 4405 370 4462 est
391 4399 468 4480 quin
491 4397 653 4463 Dominus
675 4397 824 4463 consulto
846 4400 984 4481 impuris
1007 4409 1040 4464 et
1059 4419 1132 4482 pro·
1185 4397 1295 4462 Moses
1323 4395 1463 4479 qualiter
1492 4396 1600 4461 affecti
1629 4395 1752 4460 fuerint
1780 4393 1885 4459 caedis
1909 4403 2049 4459 autores.
2093 4393 2156 4458 Ta·

161 4485 248 4549 fanis
278 4483 467 4548 hominibus
488 4503 524 4548 es
546 4482 714 4550 obstruere
743 4483 890 4549 voluerit.
935 4484 1043 4550 Sicuti
1062 4485 1133 4550 Lu·
1185 4483 1282 4548 metsi
1311 4483 1399 4547 enim
1431 4479 1538 4547 videri
1571 4479 1686 4546 volunt
1717 4480 1796 4544 iusti
1829 4479 1968 4544 iniuriae
2000 4477 2157 4558 vindices,

162 4570 277 4636 cianici
300 4570 449 4634 homines
470 4569 615 4634 fatentur
636 4569 752 4635 Mosen
775 4590 938 4636 summum
961 4569 1063 4637 fuisse
1084 4572 1133 4637 vi·
1185 4590 1252 4633 non
1281 4576 1390 4633 tamen
1419 4567 1597 4650 respiciunt
1625 4566 1702 4650 quid
1730 4566 1790 4631 sibi
1819 4565 1931 4643 liceat,
1960 4585 2019 4631 neo
2045 4564 2156 4648 pravis

161 4677 252 4735 rum,
287 4675 443 4737 raraeque
475 4657 711 4738 praestantiae:
751 4657 808 4721 sed
840 4657 896 4738 qui
926 4656 986 4721 aibi
1021 4656 1134 4741 magni
1186 4654 1355 4720 affectibus
1377 4652 1549 4718 domandis
1578 4653 1723 4718 animum
1751 4650 1942 4716 intendunt:
1972 4651 2018 4715 ita
2045 4649 2157 4715 nullus

160 4741 272 4825 populi
290 4741 463 4823 imperium
482 4751 557 4806 astu
576 4749 609 4806 et
627 4741 755 4806 vafritie
772 4743 1019 4826 comparaverit,
1041 4744 1134 4826 quasi
1185 4749 1236 4807 est
1257 4739 1411 4824 peccandi
1434 4738 1559 4804 modus.
1605 4736 1644 4806 si
1665 4738 1738 4821 quis
1760 4737 1852 4803 malit
1881 4735 2053 4803 sublimius
2073 4735 2156 4801 acei-

161 4848 241 4892 vero
267 4826 364 4892 homo
393 4835 509 4892 acutus
537 4836 570 4892 et
598 4829 771 4911 perspicax
798 4848 865 4892 uon
894 4829 1067 4912 agnoverit
1093 4851 1134 4894 ex
1186 4848 1271 4911 pere,
1295 4825 1335 4890 ad
1359 4825 1422 4890 Dei
1444 4824 1598 4890 iudicium
1622 4825 1734 4891 referri
1760 4831 1865 4906 potest
1886 4821 2040 4905 loquutio,
2070 4820 2154 4906 quod

162 4913 225 4978 hoc
247 4934 313 4977 uno
336 4913 457 4978 scelere
485 4913 663 4996 plurimum
679 4913 840 4982 ⁴decedere
862 4913 981 4978 honori
1003 4915 1054 4979 sui
1078 4936 1133 5000 ge·
1186 4920 1255 4978 tota
1272 4913 1349 4978 urbs
1367 4911 1487 4978 scelere
1508 4909 1657 4978 devincta
1678 4911 1729 4988 ait,
1753 4911 1828 4992 quia
1851 4908 2007 4991 principis
2029 4906 2157 4973 libidini

161 5001 260 5064 neris.
304 4999 429 5063 Verum
453 4999 535 5063 nihil
558 4999 646 5064 aliud
668 4999 783 5066 habuit
812 5001 1014 5083 propositum
1036 5021 1133 5082 quam
1187 5019 1282 5064 nemo
1311 5020 1346 5063 se
1374 5004 1582 5080 opposuerat:
1616 4996 1700 5061 forte
1730 4995 1826 5058 etiam
1856 4993 1952 5058 multi
1985 5011 2154 5058 consense-

161 5084 226 5151 Dei
250 5085 428 5150 bonitatem
450 5105 530 5167 erga
552 5086 705 5168 populum
729 5106 826 5150 suum
849 5085 1018 5152 extollere:
1049 5086 1133 5151 nihil
1185 5094 1275 5150 rant:
1316 5082 1401 5166 quod
1435 5082 1475 5147 de
1507 5081 1628 5148 iniusta
1661 5080 1826 5163 hospitum
1861 5078 2057 5144 contumelia
2089 5098 2156 5143 non

161 5191 240 5236 vero
274 5171 385 5235 minus
416 5181 562 5253 captasse
595 5191 690 5255 quam
718 5181 754 5237 ut
787 5171 1022 5238 dominaretur:
1055 5171 1134 5238 iude
1185 5169 1279 5235 valde
1296 5178 1406 5235 essent
1422 5167 1561 5235 solliciti.
1591 5169 1687 5233 Prior
1705 5177 1814 5230 tamen
1831 5163 2156 5248 sensusmihimagis

162 5259 285 5325 clarius
302 5257 413 5339 liquet,
430 5255 514 5340 quod
534 5258 703 5323 sacerdotii
716 5278 836 5324 munus
849 5258 911 5323 alio
922 5258 1133 5338 transferens,
1185 5255 1317 5322 arridet.

161 5345 246 5410 filios
269 5363 343 5408 suos
373 5351 499 5407 tantum
530 5344 698 5409 ministros
720 5364 790 5409 ease
812 5344 915 5409 iussit.
961 5342 1132 5424 Quantum
1271 5343 1321 5406 20.
1345 5339 1389 5405 Et
1409 5341 1492 5406 dicit
1514 5337 1659 5404 Iuraret.
1706 5337 1859 5403 Declarat
1880 5337 1990 5403 Moses
2023 5334 2156 5402 damua-
