4988 6192
390 424 455 492 503
1052 421 1422 492 COMMENTARIUS
1444 423 1494 490 IN
1517 423 1731 490 GDNDSIN.
2324 426 2377 490 504

394 615 496 682 serias
525 613 646 678 sentire
674 612 737 677 Dei
769 613 924 696 gratiam,
958 611 1115 696 nobisque
1148 611 1306 692 sufficiat,
1340 613 1367 677 si
1421 613 1463 677 tis
1485 633 1546 696 sup
1570 612 1691 680 licium.
1726 611 1817 693 Quid
1835 619 1914 677 tunc
1931 611 1968 676 in
1985 613 2254 679 mentemvenire
2273 617 2377 698 potuit,

395 699 473 785 quid
506 696 614 765 acerbi
639 695 811 763 ferendum
829 706 888 777 est,
912 697 1082 764 dulcedine
1099 697 1209 782 aliqua
1227 699 1367 783 aspergi,
1420 699 1526 765 nisia
1573 720 1610 764 eo
1632 698 1783 765 relictum
1806 720 1840 764 se
1863 718 1901 764 ac
1921 696 2096 780 proditum,
2119 697 2257 764 subinde
2279 709 2378 782 patere

393 784 519 852 ncDeo
541 784 665 870 ingrati
687 785 798 866 simus,
821 785 876 868 qui
893 784 956 848 hoc
974 784 1069 850 modo
1087 805 1122 850 se
1139 784 1234 849 nobie
1256 783 1370 850 adesse
1420 785 1514 850 novis
1536 784 1705 851 cladibus?
1729 783 1819 866 Quin
1841 793 1939 850 etram
1961 803 2136 868 rmagmarr
2179 786 2263 850 otuit
2282 786 2378 853 Deum

393 871 546 938 declaret·
1420 871 1514 953 quasi
1537 886 1579 936 ex
1600 869 1746 954 professo
1768 869 1830 937 sibi
1851 870 2007 936 infestum
2029 890 2110 936 esse.
2189 879 2260 938 ocet
2290 873 2379 955 igitur
2473 915 2474 926 ι

482 958 512 1023 3.
536 954 582 1022 Et
601 956 680 1021 vidit
700 954 862 1023 Dominae
883 957 973 1038 quod.
1014 956 1104 1021 Hinc
1125 957 1247 1024 elarius
1269 956 1371 1040 liquet
1421 955 1502 1022 haee
1527 956 1681 1038 historia,
1709 956 1867 1041 singulari
1897 956 2094 1039 perspicacia
2121 976 2203 1040 opus
2232 977 2318 1036 esec,
2348 969 2379 1024 ut

395 1043 481 1126 quod
510 1063 616 1125 nuper
644 1042 754 1126 attigi,
787 1062 853 1109 non
881 1042 1009 1128 vulgari
1036 1061 1097 1108 nec
1128 1043 1248 1108 usitato
1274 1041 1370 1108 modo
1420 1041 1497 1108 fidei
1515 1042 1615 1108 oculis
1633 1043 1680 1125 pii
1697 1042 1901 1109 considerent
1913 1042 1976 1108 Dei
1993 1041 2150 1109 beneficia
2168 1043 2288 1126 quibus
2306 1045 2379 1110 miti·

287 1154 288 1160 *
393 1130 459 1196 Dei
492 1131 632 1214 gratiam
665 1129 820 1195 enituisse
852 1129 886 1194 iu
914 1128 1048 1212 Ioseph:
1083 1127 1211 1212 quando
1244 1128 1370 1195 homini
1421 1137 1478 1213 gat
1499 1129 1605 1195 erucis
1627 1128 1847 1194 acerbitatem.
1890 1128 1976 1192 Nam
2000 1148 2100 1211 quum
2123 1128 2237 1194 auxilii
2266 1130 2378 1196 ferendi

393 1215 548 1299 profano,
579 1224 612 1279 et
632 1215 694 1281 hac
716 1213 751 1279 in
774 1226 867 1298 parte
888 1214 957 1281 fere
979 1234 1084 1294 caeco,
1106 1216 1282 1298 conspicua
1300 1236 1371 1281 cess
1421 1233 1520 1279 causa
1541 1234 1676 1279 manum
1704 1214 1770 1280 illis
1798 1211 1966 1297 porrigere
1996 1214 2086 1280 visus
2108 1225 2174 1293 est,
2209 1235 2305 1298 saepe
2329 1217 2379 1282 lux

394 1302 511 1452 potuit.
563 1300 637 1382 Quo
670 1301 797 1383 turpior
830 1311 881 1366 est
913 1309 1024 1366 nostra
1055 1300 1284 1401 ingratitudo,
1306 1301 1370 1365 nisi
1421 1299 1692 1399 quaeaifulserat,
1710 1306 1874 1399 momento
1887 1299 2062 1400 evanescit,
2085 1307 2119 1365 et
2138 1301 2174 1365 in
2196 1301 2267 1366 eius
2286 1302 2381 1369 locum

409 1395 499 1454 actos
522 1407 635 1453 omnes
653 1407 821 1454 successus
839 1385 879 1452 ad
892 1387 1000 1452 Deum
1018 1395 1166 1452 autorem
1189 1387 1370 1466 referimus,
1422 1385 1567 1452 succedit
1588 1384 1718 1452 densror
1734 1385 1849 1470 caligo.
1882 1386 1984 1467 Atqui
2007 1385 2061 1451 luc
2083 1385 2172 1452 clare
2194 1397 2335 1470 apparet,
2350 1397 2382 1453 ut

393 1494 495 1558 quum
517 1473 614 1538 toties
636 1471 810 1538 admoneat
831 1473 1001 1556 scriptura,
1023 1472 1105 1538 nihil
1128 1472 1299 1539 hominum
1317 1473 1369 1538 vel
1422 1472 1597 1552 Dominus,
1620 1471 1695 1539 lieet
1717 1491 1793 1538 suos
1815 1471 1902 1536 inter
1923 1468 2078 1537 adversos
2105 1473 2225 1538 fluctus
2255 1472 2382 1540 subinde
2473 1493 2474 1498 ¹

395 1559 546 1638 consilia,
586 1557 638 1624 rel
671 1557 812 1636 labores,
852 1558 905 1625 rel
937 1579 1148 1642 quaecunque
1182 1559 1370 1643 excogitant
1421 1559 1529 1635 iactet,
1552 1577 1619 1622 non
1642 1564 1752 1622 tamen
1774 1577 1829 1622 eos
1849 1557 2036 1636 frustretur,
2057 1577 2159 1639 quum
2176 1557 2265 1623 mala
2282 1581 2381 1624 eorum

394 1645 519 1724 media,
559 1645 733 1728 proficere,
771 1645 836 1709 nisi
874 1654 1034 1729 quatenus
1066 1646 1157 1710 Deus
1197 1644 1369 1711 benedicit.
1421 1642 1589 1708 interdum
1611 1649 1814 1726 temperans,
1837 1639 2018 1725 respirandi
2041 1649 2171 1727 tempus
2192 1643 2259 1709 illis
2283 1665 2383 1710 conce-
2473 1679 2474 1694 .

395 1730 493 1813 Quod
515 1742 624 1796 autem
636 1729 799 1814 Putiphar
816 1729 889 1796 ideo
911 1731 1066 1796 maiorem
1088 1730 1188 1798 habet
1208 1732 1368 1796 rationem
1422 1728 1480 1794 dit.
1525 1729 1583 1795 Sic
1604 1728 1741 1812 Ioseph,
1769 1729 1918 1812 quamvis
1949 1725 2107 1793 exciderit
2128 1749 2148 1791 a
2169 1750 2229 1795 sua
2250 1732 2383 1813 pracfec-

396 1816 532 1900 Ioseph,
561 1825 601 1882 nt
622 1837 696 1882 eum
719 1814 806 1881 domi
828 1837 907 1882 suae
929 1818 1111 1900 praeficiat:
1141 1817 1217 1884 hinc
1245 1817 1369 1902 colligi-
1421 1823 1506 1897 tura,
1528 1835 1697 1897 nunquam
1719 1822 1829 1880 tamen
1848 1813 2021 1880 derelictus
2038 1823 2097 1893 est,
2121 1836 2180 1882 neo
2202 1816 2312 1881 inanis
2332 1819 2384 1882 fuit

396 1923 480 1982 mus,
502 1901 660 1987 religione
683 1903 774 1987 tangi
796 1903 949 1986 profanos
971 1901 1131 1984 homines,
1153 1911 1192 1968 ιιι
1209 1903 1280 1968 Deo
1302 1903 1371 1987 glo·
1421 1902 1478 1967 illa
1500 1901 1669 1984 relaxatio,
1692 1921 1756 1984 qua
1766 1899 1913 1965 animum
1926 1901 2031 1965 erexit
2052 1920 2120 1965 non
2137 1900 2179 1965 ad
2197 1903 2383 1985 superbiam,

396 1990 480 2054 riam
510 1987 654 2054 tribuere
683 1995 850 2073 cogentur.
895 1989 1043 2054 Rursum
1072 1997 1183 2054 tamen
1205 2011 1240 2054 se
1262 1988 1371 2072 prodit
1421 1987 1479 2053 sed
1500 1985 1542 2052 ad
1563 1985 1773 2052 tolerantiam
1795 2005 1900 2052 novae
1921 1986 2036 2054 crucis.
2076 1986 2122 2050 Et
2139 1994 2226 2053 certe
2248 1988 2286 2052 in
2309 1989 2384 2054 hune

395 2072 604 2160 ingratitudo,
626 2095 729 2158 quum
748 2074 856 2140 Deum
878 2075 1066 2152 contemnit,
1090 2076 1181 2140 euius
1204 2073 1290 2140 dona
1311 2095 1371 2140 suo
1421 2075 1522 2139 finem
1544 2072 1685 2138 miseriis
1706 2072 1827 2137 nostris
1848 2073 1990 2137 occurrit
2006 2069 2109 2151 Deus,
2131 2083 2170 2138 nt
2191 2072 2311 2138 deinde
2330 2075 2385 2142 col·
2473 2095 2474 2138 ι

394 2161 501 2244 pretio
526 2160 677 2228 aestimat
694 2161 730 2224 in
751 2181 890 2244 persona
907 2160 1036 2244 loseph.
1069 2161 1238 2226 Debuerat
1255 2160 1370 2226 saltem
1421 2158 1514 2226 lectis
1543 2158 1683 2240 viribus,
1710 2157 1804 2242 quasi
1832 2164 1979 2224 recentes
2007 2157 2128 2224 melius
2157 2161 2265 2242 parati
2297 2162 2385 2226 simus

395 2247 562 2330 inquirere
589 2246 739 2329 quisnam
763 2255 849 2312 esset
870 2246 926 2311 ille
948 2246 1056 2327 Deus,
1084 2255 1121 2312 ut
1143 2267 1178 2312 se
1200 2245 1240 2312 ad
1263 2246 1370 2330 legiti-
1422 2245 1465 2311 ad
1487 2245 1568 2310 alios
1590 2245 1769 2310 conflictus.
1867 2265 1872 2270 ·

395 2352 487 2398 mum
520 2333 592 2398 eius
624 2331 748 2397 cultum
787 2333 959 2398 formaret:
998 2353 1116 2398 rerum
1149 2333 1230 2398 satis
1263 2331 1371 2411 habet,
1509 2327 1554 2396 Et
1582 2335 1649 2397 erot
1677 2328 1790 2412 Ioseph
1813 2328 1943 2411 pulcher
1965 2329 2079 2411 forano.
2131 2329 2244 2412 Quum
2274 2332 2386 2398 formae

395 2426 558 2569 quatenus
587 2417 742 2501 privatim
765 2417 826 2484 sibi
848 2418 931 2484 utile
956 2439 1026 2484 esso
1055 2426 1164 2503 putat,
1197 2437 1371 2502 agnoscere
1422 2417 1585 2502 elegantia
1612 2423 1725 2481 sancto
1746 2415 1867 2500 Ioseph
1889 2435 2028 2498 magnae
2053 2411 2250 2485 calamitatis
2274 2421 2387 2485 occasio
2473 2487 2474 2518 ,

415 2502 515 2588 oscph
538 2501 695 2569 divinitus
718 2503 903 2588 gubernari,
927 2510 964 2569 ut
984 2505 1053 2570 eius
1075 2525 1176 2588 opera
1197 2525 1271 2570 cum
1294 2503 1370 2568 ube·
1422 2503 1538 2581 fuerit,
1563 2502 1725 2568 discamus
1747 2521 1812 2566 non
1835 2499 1916 2567 adeo
1940 2509 2094 2584 appetere
2122 2505 2269 2587 corporis
2297 2504 2387 2584 dotes,

394 2590 482 2656 riore
503 2590 612 2656 fructu
634 2597 757 2655 utatur.
1422 2609 1506 2673 quae
1528 2588 1667 2673 gratiam
1694 2585 1781 2670 apud
1801 2586 1963 2652 mundum
1985 2587 2177 2673 conciliant,
2206 2589 2289 2674 quin
2311 2597 2388 2657 sorte

486 2675 572 2758 Quae
593 2675 661 2759 ipsc
679 2673 828 2758 faciebat,
851 2674 966 2741 Iebooo
989 2674 1197 2757 prosperabat
1217 2675 1253 2740 ιἰι
1274 2694 1371 2740 mana
1424 2693 1483 2740 sua
1501 2673 1638 2758 quisque
1667 2679 1839 2740 contentus
1869 2673 1921 2738 sit.
1966 2672 2128 2739 Videmus
2157 2697 2258 2758 quam
2285 2675 2388 2741 multis
2473 2687 2474 2704 ¹

395 2763 473 2830 aiae.
509 2761 597 2827 Mira
619 2762 700 2828 haec
722 2762 786 2827 fuit
807 2762 900 2843 ratio,
923 2760 1008 2844 quod
1029 2761 1065 2825 in
1087 2761 1216 2828 lucrum
1238 2760 1370 2846 Aegyp·
1423 2759 1577 2844 periculis
1606 2759 1739 2827 obnoxii
1766 2758 1833 2824 sint
1861 2759 1918 2842 qui
1945 2757 2189 2841 pulchritudine
2218 2763 2388 2844 excellunt,

395 2849 451 2915 tiis
471 2848 571 2916 cessit
592 2854 662 2927 tota
682 2847 739 2911 illa
760 2847 958 2928 benedictio,
989 2866 1053 2930 qua
1075 2847 1237 2913 Dominus
1264 2857 1371 2930 pater·
1423 2867 1535 2912 rarum
1556 2847 1643 2912 enim
1667 2864 1704 2910 ac
1722 2843 1853 2910 difficile
1875 2852 1925 2910 est
1936 2851 1974 2909 ut
1995 2865 2030 2910 se
2041 2846 2233 2913 contineant
2256 2849 2389 2915 abomni

396 2955 477 3001 num
511 2954 606 2999 suum
639 2953 784 2999 amorem
816 2953 896 3019 erga
928 2932 1049 3016 Ioseph
1079 2935 1193 3000 testari
1232 2933 1370 3000 volebat.
1422 2932 1567 3000 lascivia.
1602 2930 1800 3014 Quanquam
1824 2929 1992 3013 inIoseph
2006 2951 2046 2997 ea
2068 2931 2204 3018 vigebat
2225 2933 2341 3020 religio
2357 2939 2389 2998 ut

396 3021 483 3087 Nam
506 3041 606 3104 quum
628 3019 691 3087 eibi
713 3019 833 3103 Ioseph
856 3039 961 3102 neque
983 3025 1123 3100 sereret,
1145 3040 1251 3103 neque
1273 3029 1373 3085 mete·
1424 3039 1554 3084 omnam
1584 3016 1822 3100 impudicitiam
1849 3015 2012 3097 horreret,
2043 3017 2175 3083 aliunde
2208 3027 2321 3085 tamen
2347 3018 2390 3084 illi

396 3115 458 3187 ret,
480 3106 585 3171 nihilo
606 3104 753 3172 redditus
774 3105 838 3170 fuit
859 3105 1060 3190 locupletior.
1105 3104 1173 3171 Sed
1195 3105 1256 3171 hoc
1277 3104 1372 3170 modo
1424 3102 1601 3188 perniciem
1632 3102 1765 3168 molitus
1793 3109 1844 3167 cst
1865 3101 1987 3182 Satan,
2016 3102 2114 3169 sicuti
2144 3125 2186 3170 cx
2208 3105 2275 3172 Dei
2305 3105 2390 3172 donis

397 3193 521 3260 factum
544 3199 593 3258 est
614 3199 652 3256 ut
674 3192 850 3258 humanius
873 3211 948 3257 eum
971 3199 1004 3256 et
1026 3191 1193 3258 liberalius
1217 3197 1374 3258 tractaret
1424 3191 1457 3255 la
1479 3209 1557 3256 ιιοιι
1579 3188 1621 3254 ad
1640 3187 1811 3255 venandae
1832 3187 1960 3255 animas
1982 3190 2140 3256 conficere
2158 3191 2251 3258 solet.
2287 3192 2392 3274 Quare

398 3279 558 3361 superbus
587 3277 700 3358 homo,
735 3278 791 3362 qui
818 3278 938 3362 alioqui
970 3283 1100 3361 poterat
1129 3283 1286 3362 tanquam
1314 3276 1374 3343 vili
1425 3211 1539 3344 sedulo
1560 3274 1725 3359 rogandus
1743 3282 1794 3340 est
1812 3274 1913 3353 Deus,
1937 3280 1973 3339 ιιι
1994 3275 2082 3342 inter
2099 3285 2155 3376 tot·
2166 3277 2315 3361 pericula
2331 3277 2391 3361 spi·

399 3363 595 3448 sordidoque
615 3365 779 3448 mancipio
801 3364 900 3430 abuti.
944 3364 991 3428 Et
1011 3383 1108 3448 saepe
1128 3364 1293 3430 Dominus
1315 3361 1374 3428 tali
1425 3361 1492 3428 ritu
1513 3382 1643 3428 suonos
1664 3360 1863 3444 gubernans,
1883 3380 1983 3444 paras
2004 3362 2045 3427 ab
2067 3383 2159 3426 omni
2179 3365 2313 3431 macula
2326 3385 2392 3430 ceu·
2473 3363 2474 3422 l

400 3451 515 3536 sagina
537 3449 701 3535 improbos
722 3451 944 3528 mansuefacit,
968 3471 1010 3516 ne
1031 3449 1117 3516 male
1139 3450 1274 3535 accepti,
1295 3469 1374 3515 suae
1426 3455 1534 3514 servet
1556 3446 1647 3512 dotes
1669 3446 1787 3530 quibus
1809 3466 1868 3511 nos
1889 3447 2027 3512 ornarit.
2072 3446 2169 3529 Quod
2197 3471 2283 3518 uxor
2305 3450 2393 3517 Puti-
2473 3467 2474 3496 ι

399 3537 637 3622 indignationis
654 3534 779 3602 rabiem
791 3536 950 3603 adversus
960 3537 1031 3620 pios
1049 3542 1252 3603 convertant.
1286 3534 1376 3601 Hinc
1425 3534 1540 3618 pharis
1571 3532 1688 3598 baasae
1718 3531 1821 3598 certos
1849 3530 1982 3612 dicitur,
2013 3533 2076 3600 hac
2104 3533 2261 3619 loquendi
2296 3537 2393 3602 forma

400 3644 481 3692 vero
511 3623 723 3707 perspicimur
752 3643 851 3706 quam
880 3622 984 3688 effusa
1005 3623 1049 3688 sit
1069 3622 1135 3687 Dei
1164 3624 1269 3707 gratia
1297 3641 1376 3706 erga
1425 3619 1564 3686 feminas
1596 3638 1709 3684 omncs
1742 3617 1878 3701 spiritus
1916 3625 2051 3685 sanctus
2091 3618 2262 3700 admonet,
2303 3633 2341 3688 ut
2369 3621 2393 3688 si

400 3709 522 3791 fideles,
545 3730 647 3794 quum
669 3708 914 3776 beneficientiae
932 3729 1011 3775 suae
1028 3716 1154 3792 partem
1173 3707 1214 3774 ab
1235 3707 1316 3792 ipsis
1334 3705 1376 3771 ad
1426 3705 1516 3774 cordi
1539 3710 1588 3770 est
1610 3703 1753 3781 castitas,
1776 3702 1838 3769 sibi
1869 3702 2062 3769 modestiam
2089 3717 2261 3791 apponant
2290 3717 2393 3775 custo-

399 3797 555 3881 reprobos
586 3817 688 3879 usque
721 3795 855 3863 derivet.
899 3793 1066 3860 Docemur
1098 3793 1197 3860 etiam
1226 3792 1305 3877 quid
1333 3793 1377 3858 sit
1426 3791 1510 3858 dem.
1554 3790 1641 3876 Nam
1664 3797 1697 3854 et
1718 3788 1798 3854 adeo
1821 3787 1934 3854 velum
1956 3797 2087 3874 gestant
2111 3794 2146 3856 in
2168 3795 2343 3878 capitibus,
2363 3801 2396 3858 ut

401 3882 596 3948 electosDei
617 3881 702 3948 filios
718 3880 859 3965 hospitio
877 3881 1030 3964 recipere,
1052 3880 1107 3947 vel
1125 3900 1160 3946 se
1177 3878 1244 3945 illis
1258 3879 1375 3946 adiun·
1427 3898 1461 3943 se
1492 3875 1532 3941 ab
1561 3875 1650 3942 omni
1679 3895 1782 3959 prava
1816 3874 1971 3941 illecebra
2002 3876 2188 3944 cohibeant:
2216 3902 2285 3946 non
2316 3877 2395 3965 quod

402 3989 489 4055 gere,
511 3989 592 4052 quos
610 3969 656 4034 sic
672 3968 846 4034 comitatur
858 3967 921 4033 Dei
938 3968 1053 4050 gratia,
1073 3974 1111 4031 ut
1128 3963 1260 4030 odorem
1278 3984 1377 4030 suum
1428 3961 1555 4029 mulieri
1585 3961 1672 4027 viros
1700 3961 1846 4044 aspicere
1874 3960 1967 4028 nefas
1993 3961 2053 4028 sit:
2091 3962 2149 4029 sed
2181 3965 2338 4049 impurus
2367 3973 2397 4031 et

403 4054 445 4122 ad
474 4074 528 4120 eos
557 4054 613 4137 qui
644 4053 745 4119 vicini
778 4060 857 4119 sunt
888 4051 1060 4118 diffundat.
1107 4050 1175 4118 Sed
1203 4053 1280 4134 quia
1308 4071 1376 4116 non
1427 4048 1600 4116 luxurians
1629 4055 1778 4130 aspectus
1810 4045 1864 4113 hic
1892 4053 2026 4113 notatur
2054 4069 2074 4114 a
2102 4049 2207 4117 Mose.
2260 4052 2397 4136 Saepius

404 4139 544 4206 multum
574 4139 741 4223 prodesset
769 4140 911 4205 saturari
939 4137 1173 4221 temporalibus
1192 4137 1258 4202 Dei
1279 4136 1377 4203 bene-
1427 4141 1525 4202 antea
1547 4133 1638 4199 risus
1658 4132 1708 4197 illi
1729 4130 1838 4198 fuerat
1858 4132 1980 4217 Ioseph
2002 4135 2073 4199 sine
2095 4136 2189 4202 vitio:
2212 4159 2305 4206 nuno
2327 4157 2398 4204 vero

402 4227 502 4307 ficiis,
524 4245 607 4309 quae
630 4224 782 4308 reprobos
803 4225 979 4303 suffocent,
1010 4233 1107 4308 atque
1124 4221 1282 4289 obruunt:
1313 4222 1378 4288 huo
1426 4221 1571 4306 primum
1604 4217 1714 4285 oculos
1739 4216 1846 4283 iniicit
1878 4227 1911 4283 et
1939 4217 2092 4286 audacius
2124 4241 2161 4286 ac
2188 4225 2398 4306 petulantius,

404 4312 489 4379 votis
511 4308 663 4376 omnibus
686 4309 821 4377 tendere
842 4310 1012 4390 convenit,
1042 4318 1081 4376 ut
1102 4309 1195 4375 nobis
1216 4310 1378 4393 propitius
1428 4327 1525 4392 qnam
1553 4305 1734 4371 modestam
1760 4303 1917 4369 feminam
1941 4303 2072 4386 deceat,
2100 4316 2313 4376 venustatem
2335 4312 2399 4378 eius

404 4398 448 4464 sit
469 4396 573 4463 Deus.
617 4397 733 4481 Longe
763 4397 850 4463 enim
879 4395 996 4462 melius
1024 4396 1088 4461 fuit
1115 4395 1178 4478 ipsi
1201 4394 1321 4478 Ioseph
1342 4395 1378 4458 in
1427 4391 1588 4460 observat.
1633 4391 1686 4456 Ita
1706 4389 1815 4456 oeulos
1833 4387 1983 4456 ridemur
2005 4391 2107 4458 fuisse
2128 4396 2222 4476 quasi
2242 4395 2334 4463 facee
2354 4398 2399 4460 in·

403 4486 475 4550 eius
502 4483 641 4568 gratiam
669 4483 783 4568 augeri
811 4481 1004 4566 Putipharis
1031 4501 1124 4566 opes,
1158 4501 1255 4564 quam
1284 4481 1377 4547 Puti·
1427 4474 1646 4545 flammandae
1668 4476 1774 4543 cordis
1792 4475 1929 4542 lrbrdrnr.
1964 4475 2040 4558 Quo
2061 4481 2212 4564 exemplo
2234 4481 2399 4557 docemur,

403 4571 498 4655 phari
521 4568 666 4652 amplum
689 4577 860 4652 quaestum
882 4591 924 4634 ex
946 4587 983 4633 eo
1006 4568 1120 4634 facere.
1428 4563 1511 4630 nihil
1538 4563 1643 4646 magis
1678 4560 1821 4647 proclive
1849 4582 2043 4646 essequam
2072 4573 2110 4630 ut
2141 4587 2259 4633 seusus
2290 4589 2402 4635 omnes

493 4656 523 4721 6.
546 4655 591 4720 Ει
606 4655 734 4736 relicuit
750 4655 855 4720 oracio
872 4675 953 4737 qaae
970 4659 1060 4719 ιναιιι
1073 4653 1144 4719 esti.
1177 4651 1377 4719 Huncfrue·
1427 4649 1533 4716 nostri
1560 4649 1706 4716 animum
1733 4647 1846 4732 pravis
1876 4647 2108 4731 cupiditatibus
2136 4651 2310 4734 inficiant,
2344 4654 2401 4720 nisi

407 4749 481 4808 tum
504 4739 608 4807 divini
629 4761 708 4824 erga
729 4759 765 4805 se
787 4743 907 4806 amoris
928 4749 962 4809 et
977 4739 1210 4806 beneficentiae
1232 4738 1398 4823 percepit·
1429 4735 1523 4802 valde
1555 4735 1673 4800 intenti
1705 4735 1807 4799 simus
1840 4733 1881 4799 ad
1918 4735 2110 4802 cavendum.
2163 4737 2283 4823 Neque
2319 4742 2402 4807 enirn

407 4827 544 4911 Ioseph,
573 4825 659 4910 quod
685 4827 802 4892 solatio
828 4825 936 4910 aliquo
966 4825 1135 4892 servitutis
1167 4824 1294 4891 lavatus
1328 4833 1379 4890 eet
1429 4820 1534 4890 Satan
1553 4819 1686 4921 assidue
1707 4821 1858 4973 ίιιὸιιιιο
1880 4820 2000 4886 desinit
2021 4841 2106 4905 quae
2127 4843 2188 4891 nos
2205 4825 2248 4891 ad
2265 4847 2402 4910 peccare

405 4913 522 4980 saltem
553 4912 594 4978 ad
616 4912 715 4978 breve
744 4921 882 4995 tempus.
928 4909 996 4980 Sed
1024 4931 1111 4978 nova
1139 4931 1214 4976 eum
1242 4913 1379 4977 tentatio
1429 4905 1506 4973 dum
1537 4905 1680 4973 titillent.
1765 4907 1904 4972 bractam
1936 4907 2094 4989 peccandi
2122 4911 2302 4978 materiam
2337 4923 2404 4978 tum

405 5000 505 5084 paulo
526 5006 601 5084 post
621 4999 759 5082 excepit.
793 4999 878 5064 Nam
899 4995 1008 5084 gratia
1020 5017 1116 5080 quam
1141 4996 1277 5080 adeptus
1298 5006 1378 5078 erat,
1429 4993 1522 5060 facile
1543 4992 1729 5075 concipiunt
1751 5012 1880 5069 sensus,
1904 4998 1975 5056 tum
1997 4991 2114 5077 cupide
2136 5004 2171 5062 et
2191 4997 2352 5065 celeriter
2371 4998 2402 5063 in

404 5107 471 5152 non
494 5085 590 5152 modo
608 5084 723 5150 recidit
739 5085 774 5150 in
794 5085 946 5170 nihilum,
969 5083 1026 5151 sed
1043 5085 1134 5169 origo
1151 5091 1185 5148 et
1201 5103 1300 5149 causa
1316 5085 1380 5149 fuit
1428 5080 1575 5146 animum
1597 5077 1775 5161 perferunt.
1810 5076 1922 5159 Quare
1943 5078 2056 5144 sedulo
2078 5088 2111 5145 et
2133 5082 2236 5148 oculis
2257 5094 2298 5152 et
2320 5083 2404 5152 auri·

406 5169 550 5238 durioris
576 5171 737 5237 fortunae.
794 5171 984 5240 Praefectus
1019 5177 1091 5235 erat
1125 5169 1245 5253 Ioseph
1279 5190 1380 5253 super
1428 5167 1488 5233 bus
1511 5173 1545 5232 et
1565 5163 1701 5249 reliquis
1727 5163 1876 5247 partibus
1904 5163 2067 5231 moderari
2095 5168 2234 5252 quisque
2263 5171 2403 5244 studeat

408 5266 510 5324 totam
537 5257 669 5322 domum
698 5257 899 5340 Putipharie.
944 5259 1000 5324 Ex
1027 5254 1083 5321 illo
1111 5254 1244 5321 honoris
1273 5255 1378 5342 gradu
1428 5251 1493 5320 nisi
1515 5249 1651 5317 totidem
1664 5249 1808 5317 Satanae
1829 5251 1944 5318 ianuas
1962 5251 2090 5336 aperire
2111 5251 2153 5320 ad
2176 5255 2316 5324 intimos
2338 5277 2404 5326 cor·

406 5343 567 5428 abripitur
588 5343 624 5409 in
646 5361 819 5421 carcerem,
841 5351 879 5410 ut
900 5350 1037 5430 repente
1058 5339 1210 5407 trahatur
1231 5341 1272 5407 ad
1294 5363 1379 5408 mor·
1428 5337 1479 5405 dis
1507 5337 1644 5403 affectus
1672 5336 1766 5419 velit,
1793 5335 1985 5421 praesertim
2011 5357 2112 5422 quum
2142 5342 2347 5410 tenerrimus
2368 5342 2405 5408 sit
