5000 6208
371 423 435 489 315
1023 419 1393 490 cOMMnNuARJUs
1416 421 1466 486 IN
1488 419 1701 487 annuunt.
2294 425 2347 492 316

373 621 483 678 autem
510 612 733 696 suspensionis
760 611 858 677 buius
890 631 970 677 usus
998 609 1071 675 fuit.
1116 608 1208 675 Nihil
1236 609 1343 693 magis
1394 628 1508 674 surum
1537 608 1632 686 dioit,
1659 607 1866 675 simulatione
1894 617 1927 674 ιι
1956 608 2126 676 mendaoio
2153 630 2264 677 aarere
2291 633 2347 680 non

372 697 516 780 proelive
548 696 642 763 nobis
672 705 723 763 eet
755 716 855 780 quam
882 716 996 780 sapere
1024 695 1113 760 ultra
1144 715 1341 761 mensuram.
1393 693 1532 761 videtur.
1584 692 1726 775 Quidam
1757 702 1876 778 putant
1908 714 2023 761 vooem
2055 693 2140 763 hene
2173 695 2348 780 prophetiae

372 783 463 866 Ergo
483 793 521 849 ιιι
548 802 608 848 nos
636 782 700 849 sibi
720 781 814 848 Deus
844 803 923 848 vere
952 781 1072 850 dooiles
1094 802 1132 847 ao
1163 781 1342 865 morigeros
1394 777 1435 846 ab
1457 800 1495 845 eo
1523 778 1623 846 fuisse
1652 780 1818 846 emissam:
1848 779 1906 847 sed
1927 781 2003 863 quio
2032 789 2158 848 eertum
2179 791 2245 861 est,
2275 784 2349 865 quod

372 866 505 949 habeat,
531 867 666 933 destitui
694 887 754 932 nos
781 867 914 953 proprio
943 867 1077 935 oonsilio
1105 866 1187 932 utile
1215 874 1281 933 est:
1308 874 1342 932 et
1394 864 1434 932 de
1456 864 1580 931 semiue
1602 865 1695 932 Isaeo
1722 864 1908 932 suseitando
1937 867 2134 950 promissum
2163 877 2249 947 erat,
2275 890 2348 934 nun·

372 952 455 1020 nihil
483 974 555 1019 esse
583 951 750 1019 residuum
777 954 840 1019 nisi
868 961 906 1019 ut
934 974 995 1020 nos
1023 954 1093 1018 eins
1126 952 1261 1019 arbitrio
1283 951 1343 1018 eir·
1393 971 1491 1035 quam
1510 950 1559 1016 illi
1580 950 1680 1018 luisse
1702 951 1863 1034 elapsum:
1884 951 1956 1017 fieri
1973 959 2082 1035 potest
2098 962 2137 1017 ιιι
2154 953 2189 1018 in
2206 951 2271 1019 Dei
2287 974 2349 1036 pro·

371 1037 591 1124 oumegendos
617 1037 793 1104 tradamus.
836 1036 968 1104 Deinde
995 1039 1036 1105 ad
1064 1039 1343 1122 perseverantiam
1394 1035 1573 1102 videntium
1601 1037 1810 1114 recumbens,
1838 1038 2047 1120 superstitem
2075 1037 2180 1103 filium
2202 1039 2238 1104 in
2258 1049 2350 1107 morta

372 1124 434 1192 hoo
454 1124 577 1191 valuit:
599 1145 641 1190 ne
663 1124 770 1191 subito
791 1131 922 1190 tantum
943 1133 1034 1190 motu
1052 1145 1089 1190 se
1109 1124 1342 1207 obsequentem
1393 1122 1467 1205 ipsa
1499 1121 1560 1187 sibi
1593 1123 1814 1206 proposuerit:
1847 1143 1885 1190 ae
1917 1123 2016 1190 eionti
2041 1123 2162 1189 elausis
2190 1123 2291 1190 oeulis
2316 1125 2351 1192 ad

372 1212 445 1277 Deo
475 1210 655 1294 praeberet.
699 1209 785 1276 Nam
808 1209 888 1276 dum
909 1211 972 1275 iter
1001 1231 1068 1276 non
1096 1210 1251 1288 refleotit,
1281 1230 1341 1274 nee
1393 1206 1604 1274 ooeidaudum
1625 1207 1731 1274 filium
1752 1208 1917 1293 pergebat,
1937 1209 1985 1273 ita
2007 1208 2091 1274 nihil
2112 1207 2244 1276 obsurdi
2267 1211 2350 1278 estsi

371 1296 463 1362 varia
484 1296 618 1362 eonsilia
639 1296 757 1380 agitet:
780 1294 859 1361 hino
875 1305 1009 1380 apparet
1030 1294 1174 1362 studium
1196 1294 1266 1361 eius
1283 1294 1342 1359 toli
1394 1294 1528 1360 oonlrrse
1550 1293 1584 1357 in
1607 1313 1643 1358 re
1665 1292 1802 1360 obseura
1823 1294 1995 1378 loquntnm
2017 1293 2118 1360 fuisse
2142 1293 2296 1362 dieamus.

371 1382 472 1448 fuisse
494 1382 676 1449 onustantia
697 1383 865 1446 firmatum
882 1392 921 1446 ιιι
942 1381 1033 1448 nulla
1052 1382 1214 1448 varietate
1236 1383 1343 1446 fleete-
1480 1378 1510 1444 7.
1546 1376 1641 1446 Peter
1671 1380 1725 1445 mi.
1780 1379 1845 1445 Hie
1877 1400 2000 1445 novum
2033 1389 2234 1446 tormentum
2266 1383 2351 1466 erigit

372 1475 474 1536 retur.
518 1467 657 1533 {Ferrum
678 1466 808 1532 Moriah
828 1466 1052 1552 Hieronymus
1073 1469 1223 1550 exposuit
1244 1466 1342 1533 visio·
1393 1464 1495 1543 Deus,
1519 1485 1583 1548 quo
1604 1465 1751 1532 saueium
1773 1465 1838 1530 iam
1861 1464 1974 1530 multis
1996 1466 2188 1533 vulneribus
2210 1465 2353 1534 Abrahae

373 1552 704 1706 instituti
721 1550 1344 1722 li„lsdtt}tn⁰⁸t⁶titttt”·,it
1394 1559 1532 1701 litii
1546 1551 1724 1719 ittet
1764 1550 2354 1720 lttttrttlitnlftbtb

371 1724 568 1808 improbant.
603 1723 690 1789 Mihi
711 1722 942 1808 nihilomagis
964 1723 1191 1806 arridetquod
1212 1721 1342 1806 quidam
1395 1719 1550 1787 blandam
1571 1721 1659 1788 hano
1681 1721 1933 1804 appellationem
1952 1723 2083 1787 flexerit
2103 1723 2206 1802 Deus,
2228 1731 2299 1788 tum
2318 1723 2354 1788 ad

372 1811 631 1895 interpretantur
648 1807 823 1894 Myrrham
842 1808 914 1874 Dei.
950 1809 996 1874 Et
1011 1817 1099 1877 oerte
1116 1809 1178 1876 hoo
1199 1807 1343 1892 plurium
1394 1805 1685 1892 interrogationem
1703 1806 1871 1888 direxerit,
1894 1806 2030 1890 nequid
2049 1806 2091 1873 ad
2108 1807 2353 1874 extremamdo·

372 1916 533 1962 eonsensu
565 1901 731 1977 reoeptum
764 1908 828 1972 est,
861 1892 978 1960 deduoi
1005 1895 1145 1960 averbo
1171 1908 1227 1962 mr
1257 1892 1343 1976 quod
1395 1891 1475 1959 loris
1501 1893 1704 1958 atrooitatem
1735 1891 1870 1958 deesset.
1913 1891 2013 1960 Hono
2041 1900 2153 1958 tamen
2175 1893 2282 1960 adhue
2302 1895 2355 1959 im·

374 1982 505 2062 dooere,
531 1979 588 2047 vel
608 1993 665 2048 tti'
683 1978 769 2064 quod
791 1979 909 2045 timere
930 1980 1101 2064 signifieat.
1145 1979 1264 2046 Adhno
1285 2000 1344 2044 va-
1395 1987 1510 2062 petum
1542 1979 1684 2044 sustinet
1717 1977 1840 2044 invioto
1870 1978 1980 2046 animo
2009 1988 2143 2046 sanetus
2171 1978 2239 2044 vir:
2269 1987 2355 2062 atqua

373 2069 461 2132 riant
481 2068 692 2149 interpretes,
721 2064 967 2149 quodquidam
994 2074 1113 2149 putant
1133 2065 1198 2132 Dei
1225 2065 1344 2131 deotri—
1395 2063 1476 2130 adeo
1496 2083 1563 2129 non
1591 2061 1746 2130 turbatur
1766 2064 1802 2129 iu
1829 2064 1994 2147 proposito
2016 2084 2130 2145 eursu,
2160 2073 2196 2130 ιιι
2215 2063 2358 2131 ostendat

373 2173 449 2218 nam
482 2149 714 2219 eommendari.
760 2149 945 2234 Sequamur
976 2151 1061 2235 quod
1089 2152 1196 2235 mugis
1227 2149 1344 2234 proba·
1395 2170 1432 2216 se
1452 2149 1584 2233 penitus
1612 2150 1684 2215 Deo
1712 2148 1852 2216 affixum
1886 2148 1971 2214 nihil
1997 2149 2170 2216 admittere
2197 2149 2285 2234 quod
2309 2149 2356 2215 vel

372 2238 438 2304 bile
459 2248 519 2315 est,
541 2244 663 2304 terram
685 2236 796 2303 venari
817 2235 920 2303 divini
942 2238 1066 2315 uultus,
1088 2237 1142 2302 vel
1164 2235 1252 2321 quod
1271 2257 1344 2302 eam
1394 2237 1467 2301 eius
1498 2235 1651 2301 fiduoiam
1684 2234 1851 2312 sollieitet‚
1890 2233 1944 2300 uel
1976 2234 2167 2319 obsequium
2197 2235 2357 2320 impediat

268 2356 272 2366 ·
373 2323 466 2390 Deus
499 2321 685 2408 peragendo
715 2323 875 2388 saorifioio
908 2321 1091 2408 delegerat,
1126 2343 1167 2388 ne
1200 2321 1345 2407 disputet
1396 2319 1464 2387 Sed
1481 2330 1595 2386 notare
1613 2341 1732 2404 operae
1750 2321 1891 2404 pretium
1913 2329 1964 2385 ιιι
1979 2320 2121 2404 qualiter
2137 2320 2260 2387 nodum
2278 2323 2358 2387 ineo·

372 2409 543 2475 Abrabam
564 2429 623 2476 our
645 2427 711 2473 non
741 2408 850 2492 potins
879 2408 968 2474 alibi:
999 2410 1051 2474 val
1080 2407 1167 2492 quod
1187 2408 1256 2472 iam
1276 2407 1344 2474 illio
1396 2406 1531 2472 lubilem
1564 2405 1719 2488 explieat:
1760 2427 1878 2490 nempe
1909 2406 1945 2472 in
1976 2406 2106 2491 asylum
2137 2407 2286 2493 nonfugit
2315 2405 2358 2472 di·

374 2495 556 2561 destinatus
576 2500 649 2559 erat
669 2492 791 2577 templo
819 2495 933 2560 loeus:¹
954 2503 1053 2578 atque
1073 2493 1135 2559 boo
1163 2492 1344 2560 seeundum
1397 2492 1493 2557 vinae
1516 2491 1747 2577 providentiae,
1765 2490 1857 2558 Deae
1872 2490 1934 2558 eidi
1949 2492 2132 2574 providebit.
2168 2492 2243 2560 Hoe
2261 2513 2360 2558 exem·

373 2580 515 2648 libenter
541 2579 732 2662 ampleetor‚
754 2580 864 2645 Deum
890 2579 957 2646 illie
984 2587 1187 2664 praesentem
1221 2579 1345 2644 onitum
1396 2578 1487 2661 plum
1510 2579 1604 2644 nobie
1626 2577 1668 2642 ud
1689 2577 1906 2644 imitationem
1928 2577 2134 2662 proponitur:
2158 2579 2286 2661 quoties
2306 2577 2358 2643 ali·

374 2685 513 2733 aserro
540 2685 599 2730 suo
621 2663 791 2731 Abraham
820 2665 1002 2748 postulare,
1028 2666 1105 2748 quia
1132 2666 1198 2730 iam
1227 2684 1345 2730 arnano
1396 2662 1475 2748 qnid
1503 2663 1662 2747 praeeipit
1682 2661 1864 2742 Dominus,
1891 2660 1997 2730 multa
2023 2661 2163 2729 subinde
2191 2671 2361 2730 rennuunt

373 2772 434 2818 suo
457 2750 591 2817 oonsilio
608 2750 655 2814 ibi
676 2749 783 2816 looare
804 2758 964 2816 statuerat
984 2751 1187 2817 ordinarium
1210 2750 1344 2817 uultum.
1397 2769 1559 2831 quaeres
1586 2746 1773 2826 debilitent,
1805 2747 1963 2814 definiunt
1991 2769 2051 2814 uos
2078 2748 2202 2828 media,
2231 2748 2360 2816 oonsilio

372 2837 493 2904 Merito
515 2843 626 2901 autem
647 2855 667 2899 a
688 2834 806 2900 timore
836 2855 953 2900 nomeu
982 2837 1147 2920 aooipiunt
1175 2836 1345 2916 saorifieia,
1397 2833 1622 2912 destituimur,
1646 2835 1755 2899 exitus
1776 2855 1889 2899 omnes
1911 2831 2066 2899 videntur
2087 2834 2262 2918 praeelusi.
2305 2834 2362 2898 'la-

374 2944 458 3007 quae
476 2922 541 2989 Dei
561 2921 779 2987 reverentiam
800 2928 972 2987 testentur.
1012 2923 1116 2988 Porro
1133 2923 1268 2988 minime
1286 2919 1345 2986 du·
1397 2919 1483 2986 libus
1512 2918 1672 3003 angustiis
1702 2920 1835 2986 unioum
1857 2917 2038 2984 remedium
2060 2927 2124 3000 est,
2157 2941 2200 2985 ne
2228 2919 2361 3003 despon-

374 3007 464 3074 bium
493 3015 544 3074 est
572 3008 651 3090 quin
679 3005 770 3072 loeus
798 3006 841 3072 sit
863 3006 920 3073 ubi
946 3016 1060 3092 postea
1087 3005 1254 3074 eonditum
1283 3006 1346 3072 fuit
1397 3003 1532 3071 deamus
1554 3005 1696 3070 animos:
1719 3005 1748 3070 si
1769 3025 1955 3072 suooessum
1978 3003 2051 3070 Deo
2072 3005 2309 3088 permittimus,
2329 3011 2362 3070 nt

374 3092 543 3178 templum.
1396 3091 1486 3156 riam
1514 3111 1571 3175 par
1599 3091 1690 3156 invia
1717 3089 1900 3174 patefaoiat.
1952 3090 2038 3155 Nem
2065 3100 2103 3155 ut
2129 3091 2201 3157 Deo
2231 3091 2363 3158 lauimus

459 3179 490 3245 3.
512 3177 557 3244 Et
584 3174 909 3243 monastratura
929 3197 1028 3244 marre.
1072 3177 1166 3245 Haeo
1187 3178 1344 3263 prompti·
1397 3177 1570 3256 iniuriam,
1599 3176 1682 3241 nihil
1711 3177 1751 3241 ab
1780 3196 1818 3242 eo
1845 3186 2016 3258 sperantes
2044 3176 2109 3242 nisi
2137 3175 2223 3260 quod
2252 3196 2363 3242 senem

375 3265 453 3330 tudo
481 3262 626 3330 ostendit
654 3271 778 3346 quanta
803 3261 904 3328 fuerit
924 3263 1079 3330 Abrahae
1106 3264 1197 3331 fides.
1240 3263 1345 3330 Iunn·
1398 3262 1501 3328 nostri
1522 3261 1724 3346 percipiunt:
1746 3261 1793 3326 ita
1814 3282 1881 3326 non
1901 3261 2048 3347 vulgaris
2069 3261 2119 3327 illi
2140 3262 2247 3328 bonos
2269 3284 2291 3328 a
2311 3282 2364 3328 uo·

374 3371 483 3417 merae
512 3348 725 3434 eogitauoues
752 3349 868 3415 venire
894 3357 1047 3432 poterant
1074 3359 1188 3417 saneto
1217 3351 1289 3416 viro
1310 3351 1345 3415 in
1397 3345 1448 3414 bis
1468 3354 1663 3432 praestatur,
1689 3346 1767 3411 dum
1790 3346 1827 3411 in
1848 3346 1947 3414 rebus
1966 3347 2111 3424 ιοιιιιιιιι
2132 3348 2364 3433 aequieseimus

374 3444 535 3514 mentem,
565 3454 705 3518 quarum
733 3433 883 3518 singulae
905 3434 976 3500 eius
1004 3435 1149 3502 animum
1178 3435 1264 3503 mole
1285 3457 1346 3502 sua
1398 3441 1509 3500 tamen
1530 3434 1568 3499 in
1586 3432 1656 3498 eius
1677 3431 1894 3516 providentia.

375 3521 568 3601 obruerent,
596 3519 661 3585 uisi
688 3519 752 3584 fide
780 3519 995 3586 obduruisset.
1038 3519 1109 3586 Neo
1136 3520 1273 3586 dubium
1295 3529 1346 3586 est
1483 3520 1513 3586 8.
1543 3518 1588 3585 Et
1610 3523 1820 3602 praeeunt
1847 3517 1945 3585 umbo.
1994 3518 2083 3585 Hine
2111 3525 2184 3586 tum
2212 3518 2366 3585 Abrahae

374 3608 452 3692 quin
473 3605 576 3674 Satan
592 3606 681 3670 inter
703 3606 808 3670 noetis
830 3605 981 3672 tenebras
1001 3605 1171 3690 ingentem
1192 3627 1343 3672 aurarum
1396 3607 1596 3684 constantia,
1629 3613 1700 3670 tum
1733 3602 1792 3668 filii
1823 3602 1983 3670 modestia
2018 3603 2227 3688 perspioitur.
2284 3603 2367 3670 Nam

374 3712 528 3760 aoervum
556 3691 605 3756 illi
638 3690 844 3774 congesserit.
895 3690 1068 3757 Luetando
1099 3691 1257 3777 paulatim
1289 3712 1345 3758 eas
1395 3690 1562 3758 obstaoulo
1588 3688 1645 3755 illo
1678 3687 1845 3756 remissior
1876 3688 1982 3756 iaetus
2010 3711 2079 3756 uon
2108 3699 2158 3756 est
2181 3690 2365 3758 Abraham:

374 3779 516 3857 ιιιιιιιι,
538 3776 687 3843 beroioae
709 3775 840 3842 virtutis
861 3776 935 3842 fuit.
979 3776 1051 3843 lllie
1074 3799 1152 3845 varo
1173 3778 1343 3861 superatis,
1396 3776 1483 3842 iilius
1511 3789 1621 3842 autem
1642 3775 1679 3840 in
1707 3774 1885 3841 refellendo
1914 3775 2017 3858 patris
2043 3795 2201 3860 responso
2227 3797 2300 3842 non
2319 3775 2366 3840 in·

374 3866 486 3931 statim
507 3882 543 3928 se
568 3863 738 3946 aeeingere
760 3861 801 3926 ad
829 3860 1028 3945 explendum
1049 3864 1115 3928 Dei
1141 3863 1344 3944 mandatum,
1395 3863 1489 3929 stitit.
1544 3861 1741 3946 Promptum
1773 3861 1862 3926 enim
1895 3868 1966 3940 erut
2003 3862 2172 3944 exeipere,
2211 3880 2368 3947 quorsum

374 3950 441 4016 imo
457 3969 554 4014 mane
572 3968 714 4031 surgere,
737 3947 867 4030 ingenti
883 3948 1041 4014 miraonlo
1057 3969 1123 4015 non
1141 3958 1239 4015 earet.
1275 3948 1346 4015 Alii
1394 3947 1486 4032 liguo
1514 3955 1547 4013 et
1575 3945 1720 4030 gladium
1749 3946 1919 4013 attulimus
1947 3947 2017 4012 sine
2044 3947 2186 4030 peoude,
2219 3949 2250 4014 si
2280 3947 2367 4013 Deus

375 4043 445 4102 tam
466 4033 539 4099 diro
560 4055 598 4101 aa
620 4031 757 4097 terribili
785 4032 905 4098 nnnoio
934 4035 1091 4115 prostrati
1119 4034 1345 4115 ooneidissent,
1394 4033 1591 4099 saerifioium
1607 4031 1669 4097 sibi
1685 4031 1757 4097 fieri
1773 4030 1963 4099 mandavit?
1983 4030 2050 4099 Sed
2060 4031 2137 4116 quia
2153 4047 2246 4101 eerta
2263 4033 2369 4116 aliqua

376 4133 409 4186 et
429 4119 525 4205 quasi
545 4119 713 4186 exanimes
733 4117 1006 4201 obtorpuissent..
1028 4119 1181 4185 Abrahae
1202 4122 1345 4204 primum
1395 4119 1532 4197 ratione,
1550 4139 1615 4184 non
1632 4118 1794 4184 oblivione
1811 4117 1923 4202 patris,
1941 4117 2094 4184 omissam
2109 4139 2182 4186 esse
2201 4119 2368 4187 vintimam

375 4205 559 4273 diluoulum
581 4203 628 4270 ad
656 4203 901 4270 festinationem
929 4205 988 4270 vix
1014 4206 1093 4272 sotis
1123 4215 1183 4272 est.
1227 4206 1344 4272 Paneis
1396 4203 1692 4356 repugatssuiesoit
1713 4222 1751 4269 ao
1771 4203 1856 4269 silet.

376 4312 454 4376 ergo
485 4290 593 4357 verbis
624 4290 799 4374 magnifiee
831 4288 961 4355 extollit
992 4292 1062 4357 ains
1093 4290 1193 4357 iidem
1226 4293 1345 4372 Moses,
1599 4293 1747 4356 venenosi
1768 4289 1811 4355 od
1831 4289 1940 4356 buon.
1975 4288 2083 4355 Multa
2103 4291 2259 4357 oonsulto
2280 4307 2370 4374 pras

375 4397 478 4462 quum
502 4383 571 4441 tam
600 4375 692 4442 brevi
721 4376 877 4459 temporis
905 4375 1010 4458 spatio
1037 4377 1222 4460 absorptam
1244 4377 1284 4444 ab
1307 4397 1346 4442 ea
1396 4375 1475 4442 terit
1496 4376 1623 4454 Moses,
1646 4395 1728 4458 quae
1749 4381 1860 4441 tamen
1881 4373 2116 4441 consideranda
2137 4385 2217 4443 sunt
2240 4373 2371 4444 leotari·

375 4463 589 4530 tentationem
618 4471 733 4526 namet
753 4481 836 4545 quaa
864 4460 974 4544 plures
999 4483 1111 4528 seonm
1140 4462 1346 4548 labyrinthos
1398 4461 1468 4528 bus.
1512 4460 1577 4529 Ubi
1605 4460 1755 4525 meminit
1782 4459 1895 4526 altaris
1917 4461 2093 4542 exstrueti,
2114 4462 2280 4528 aontinuo
2303 4467 2371 4546 post

376 4547 536 4614 trahebat.
1396 4546 1502 4626 addit,
1542 4545 1682 4630 ligatum
1713 4545 1815 4612 fnisse
1846 4546 1950 4613 Isaeo.
2004 4547 2107 4630 Atqui
2135 4549 2262 4624 seimus
2295 4557 2372 4612 tuna

461 4634 492 4699 4.
523 4632 609 4698 Vidit
635 4631 742 4699 beon.
786 4630 914 4715 Nempe
941 4630 1026 4697 vidit
1053 4632 1156 4699 oeulis
1177 4633 1233 4715 qui
1254 4632 1347 4714 prius
1396 4632 1524 4698 mediae
1544 4631 1645 4697 fuisse
1673 4631 1805 4711 aetatis,
1833 4639 1871 4696 ut
1889 4631 1945 4699 vel
1965 4641 2061 4716 patre
2082 4643 2169 4699 esset
2194 4633 2372 4708 robustior,

375 4739 495 4785 aroana
516 4719 642 4784 visione
663 4723 815 4783 ostensus
836 4727 916 4782 erat.
955 4715 1131 4786 Caeterum
1148 4718 1205 4784 nbi
1227 4717 1347 4783 dieitur
1397 4718 1450 4785 vel
1471 4717 1586 4785 saltem
1605 4737 1665 4801 par
1681 4716 1723 4781 od
1744 4717 2007 4784 resistendumsi
2028 4715 2153 4785 viribus
2175 4717 2373 4786 oertandum

375 4805 503 4871 levasse
524 4802 650 4880 oeulos,
673 4824 738 4869 non
759 4800 896 4870 dubium
918 4810 968 4868 est
988 4803 1068 4885 quin
1090 4804 1118 4869 si
1166 4804 1173 4818 '
1200 4811 1254 4868 oet
1273 4804 1346 4869 Mo·
1396 4811 1498 4870 esset:
1521 4823 1621 4886 quare
1641 4802 1711 4869 vim
1733 4800 1907 4869 reluotanti
1930 4811 1963 4869 et
1984 4803 2090 4884 invito
2112 4803 2251 4870 allamnr
2274 4805 2374 4870 fuisse

377 4911 447 4968 ses,
477 4890 559 4954 mire
580 4889 715 4954 anxium
743 4887 844 4954 fluisse
865 4894 934 4954 toto
955 4886 1073 4955 triduo.
1150 4888 1214 4955 uod
1235 4909 1347 4956 servos
1398 4910 1465 4955 non
1483 4888 1632 4968 arbitror,
1654 4888 1711 4954 sed
1729 4887 1836 4971 potius
1854 4888 1941 4956 ultro
1958 4889 2068 4972 ipsum
2086 4891 2234 4958 ιιιιιιιι.
2273 4887 2374 4974 Atqui

377 4996 453 5042 snos
474 4974 650 5041 subsistere
668 4972 773 5052 iubet,
796 4994 834 5039 eo
855 4973 991 5041 oonsilio
1013 4973 1091 5041 faeit
1112 4996 1154 5042 ne
1176 4975 1269 5059 quasi
1290 4973 1346 5040 de·
1397 4975 1455 5041 vix
1471 4975 1543 5041 fieri
1561 4973 1665 5057 potnit
1684 4981 1723 5039 ut
1740 4995 1774 5038 se
1792 4973 1834 5039 ad
1856 4983 1996 5040 mortem
2017 4977 2159 5056 offerret,
2182 4977 2253 5043 nisi
2272 4975 2375 5043 divini

376 5061 439 5127 liro
460 5059 533 5127 seni
553 5066 587 5124 et
607 5060 723 5126 insano
744 5079 880 5124 manum
903 5059 1060 5126 iniieiant.
1104 5060 1214 5144 Atque
1237 5060 1290 5127 bio
1311 5081 1347 5127 se
1397 5060 1521 5128 oraouli
1550 5060 1668 5126 uertior
1689 5060 1755 5125 iam
1784 5059 1904 5126 laetus:
1933 5059 1990 5126 sed
2011 5060 2073 5127 hoo
2101 5081 2260 5128 sermone
2282 5081 2375 5148 prae·

400 5146 504 5213 rolert
520 5144 591 5210 eius
608 5145 710 5210 animi
728 5143 927 5228 magnitudo,
950 5142 1029 5210 dum
1050 5146 1262 5231 rogitationes
1279 5154 1348 5212 tam
1397 5147 1493 5212 terito
1514 5153 1644 5210 tantum
1667 5145 1782 5210 reeitat
1798 5146 1908 5212 Moses
1924 5145 2028 5214 fuisse
2050 5147 2199 5232 ligatum.
2242 5145 2376 5232 Siquis

377 5169 461 5299 ione
485 5231 679 5314 eompositas
709 5239 743 5296 et
770 5230 964 5314 tranquillas
993 5230 1093 5298 habet
1120 5239 1157 5297 ιιι
1185 5231 1269 5296 nihil
1294 5238 1347 5297 ιιι-
1397 5231 1528 5298 obiieiat
1553 5250 1792 5315 supervaouum
1821 5231 1920 5298 fnisse
1941 5230 2053 5318 ligari,
2081 5234 2139 5317 qui
2163 5232 2376 5300 voluntarius

378 5318 581 5383 mnltnanter
602 5323 687 5400 agat.
724 5313 822 5397 Quod
840 5324 949 5382 tamen
967 5336 1094 5384 seeum
1114 5338 1217 5403 puero
1237 5338 1347 5383 rever·
1399 5316 1440 5382 ad
1461 5325 1600 5383 mortem
1622 5315 1837 5402 oppetendam
1863 5317 1961 5416 foret:
1990 5318 2187 5403 respondeo,
2218 5327 2377 5388 sanetum

2462 460 2465 533 l
