5000 6208
134 412 194 480 33l
787 407 1159 480 COMMENTARIUS
1181 411 1232 478 IN
1254 409 1468 479 GRNRSIN.
2060 417 2124 484 338

138 601 248 668 duetus
280 621 343 684 quo
372 599 509 666 volebat.
563 599 640 665 Non
673 619 750 685 ergo
785 599 886 666 iactat
924 597 1101 666 secundam
1151 600 1281 684 placere
1297 601 1380 667 Deo.
1415 600 1512 666 Nune
1533 598 1682 666 videmus
1704 601 1902 668 narrationis
1922 602 2021 668 finem
2044 624 2125 682 esse,

136 690 310 754 fumonem:
344 685 401 752 sed
423 686 533 751 Deum
561 684 728 769 praedicat
754 685 933 752 elementer
961 695 994 750 et
1021 683 1101 751 lide·
1154 695 1191 750 ut
1219 686 1386 752 Rebeccae
1412 686 1602 770 parentibus
1629 687 1824 769 persuadeat
1856 708 1961 772 neque
1989 688 2127 755 fallendi

137 774 207 838 liter
233 772 337 856 egisse
367 792 441 837 cum
465 771 650 838 Abrabam:
683 770 745 836 hcc
774 781 839 850 est,
860 769 1102 837 misericordiae
1153 792 1251 837 eausa
1272 793 1307 837 se
1329 771 1432 837 fuisse
1457 771 1611 852 missum,
1642 793 1702 838 nee
1724 792 1759 838 ιι
1780 781 1887 839 astute
1909 774 1963 838 val
1985 773 2126 858 obliquis

136 879 210 926 suae
225 878 332 936 cause,
354 877 503 923 veracem
521 856 556 921 in
574 856 741 940 promissis
759 855 974 941 adimplendis
992 857 1100 922 fuisse.
1154 856 1280 923 artibus
1302 856 1478 941 quidquam
1502 857 1617 941 egisse,
1641 857 1698 924 sed
1719 859 1754 923 in
1777 859 1894 924 timore
1916 860 2067 941 Domini,
2089 876 2126 926 nt

135 943 343 1010 Transfertur
381 941 513 1026 quidem
551 941 593 1007 ad
623 941 772 1008 homines
808 942 969 1026 loquutio:
1007 942 1102 1008 aienti
1152 942 1296 1026 postulat
1331 942 1474 1027 coniugii
1501 942 1623 1026 religio.
1675 943 1805 1010 Deinde
1834 943 1916 1009 nihil
1945 967 1980 1012 se
2014 955 2125 1029 petere

135 1029 321 1114 paulopost
343 1049 427 1095 vers.
450 1027 494 1094 49
519 1027 554 1093 in
577 1028 639 1094 hoc
668 1027 781 1094 eodem
811 1029 917 1111 eapite
930 1029 1101 1111 ,sequitur
1153 1027 1241 1110 quod
1270 1049 1337 1093 non
1364 1027 1432 1094 illis
1456 1028 1536 1094 utile
1565 1029 1608 1094 sit
1637 1036 1669 1094 ot
1697 1027 1923 1097 honorificum.
1966 1029 2126 1115 Denique,

136 1114 172 1184 a·
185 1115 304 1198 facturi
321 1115 395 1181 estio
411 1114 657 1180 miaaieordiam
672 1119 701 1178 et
716 1114 876 1180 ceritatem
892 1133 962 1181 cum
978 1115 1104 1181 domim
1154 1115 1263 1180 Deum
1291 1113 1393 1180 fuisse
1422 1113 1523 1180 totius
1545 1114 1593 1179 rei
1621 1113 1866 1186 moderatorem.
1912 1117 2015 1182 Porro
2039 1117 2126 1200 quod

134 1221 195 1268 meo
225 1199 405 1278 Abrabam,
443 1200 578 1266 aedicatc
609 1198 697 1266 miti.
753 1199 892 1282 Proprie
924 1209 1034 1267 ιιιιιι
1067 1200 1102 1264 in
1154 1220 1272 1267 servus
1296 1199 1449 1268 Abrahae
1479 1200 1634 1284 angelum
1656 1199 1720 1266 Dei
1743 1201 1804 1266 sibi
1827 1202 2044 1284 expeditionis
2066 1203 2126 1269 du·

133 1288 238 1354 Deum
271 1286 442 1369 competit,
476 1283 562 1368 quod
588 1285 731 1370 gratuito
764 1286 872 1352 faveat
904 1284 1102 1364 hominibus,
1154 1305 1225 1350 cem
1243 1287 1312 1350 fore
1329 1306 1515 1369 persuasus,
1533 1307 1638 1368 neque
1655 1306 1766 1369 preces
1784 1287 1826 1351 ad
1843 1287 1937 1352 illum
1954 1289 2127 1369 convertit,

133 1373 267 1456 ideoque
305 1392 486 1455 propensus
517 1371 561 1440 sit
591 1370 633 1436 ad
671 1370 934 1437 beneficentiam:
976 1369 1103 1450 deinde,
1156 1392 1261 1454 neque
1282 1373 1464 1454 gratiarnm
1487 1372 1662 1438 actionem:
1694 1372 1770 1438 hine
1793 1371 1972 1452 discamus,
1992 1376 2125 1459 angelos

132 1457 214 1543 quod
238 1478 351 1523 eorum
372 1477 464 1542 spem
485 1477 653 1538 nunqnam
674 1454 868 1536 frustrando,
890 1456 994 1524 fidum
1012 1478 1048 1523 se
1066 1478 1105 1524 ec
1155 1456 1412 1524 nonideonobis
1430 1456 1583 1524 constitui
1601 1457 1866 1523 benedictionum
1878 1459 1940 1524 Dei
1958 1460 2126 1526 ministros

131 1565 279 1610 veracem
297 1543 439 1626 praebet.
473 1543 578 1609 Docet
594 1541 697 1627 igitur
713 1542 795 1608 hacc
811 1543 992 1628 gratiarum
1010 1542 1105 1623 aetio,
1155 1551 1192 1608 ut
1213 1562 1233 1607 a
1253 1542 1347 1609 nobis
1369 1543 1572 1620 invocentur,
1596 1542 1647 1609 vel
1669 1542 1734 1608 Dei
1754 1544 1880 1609 cultum
1903 1545 1939 1609 in
1960 1566 1996 1610 se
2017 1555 2126 1612 trans·

130 1650 260 1712 semper
288 1636 365 1695 ante
392 1627 504 1695 ocules
532 1626 717 1693 habendam
745 1649 817 1695 esse
838 1627 902 1693 Dei
930 1629 1104 1712 providen·
1154 1629 1275 1694 ferant:
1303 1627 1576 1711 quemadmodum
1599 1628 1680 1694 haec
1701 1629 1888 1713 superstitio
1911 1631 1977 1696 fere
1998 1631 2035 1696 in
2057 1641 2127 1697 toto

131 1716 226 1793 ιίιιι,
270 1722 308 1780 ιι
338 1713 388 1779 illi
422 1712 605 1780 tribuamus
635 1711 793 1797 quidquid
826 1714 920 1780 nobis
950 1735 1104 1798 prospere
1155 1713 1279 1780 munde
1311 1725 1494 1798 grassatur,
1525 1721 1562 1778 ut
1589 1713 1737 1780 homines
1770 1716 1811 1782 ab
1840 1717 1937 1783 unico
1967 1717 2126 1782 bonorum

128 1799 282 1868 succedit.
1157 1801 1246 1865 fonte
1278 1797 1319 1864 ad
1350 1800 1474 1867 rivulos
1507 1808 1633 1883 partem
1673 1799 1811 1867 fiduciae
1850 1822 1927 1867 suae
1966 1800 2125 1869 derivant.

213 1887 268 1954 28.
288 1884 460 1952 Naociacit
476 1885 510 1950 ia
527 1885 653 1950 donam
670 1885 792 1950 matis.
827 1883 917 1950 Rieri
938 1891 1047 1969 potest
1068 1891 1106 1949 ut
1156 1885 1359 1952 Particulam
1376 1885 1483 1950 illam:
1505 1885 1596 1951 Deae
1616 1887 1653 1952 ιἰι
1671 1887 1763 1952 caiae
1778 1893 1938 1969 conspecta
1960 1889 2127 1969 ambulavi,

129 1993 277 2038 scorsum
300 1968 498 2037 habitaverit
515 1976 623 2036 mater
644 1969 828 2038 Rebeccae:
859 1992 926 2036 non
947 1969 1034 2054 quod
1056 1968 1104 2035 di·
1157 1971 1308 2055 quamvie
1331 1971 1386 2036 alii
1409 1971 1449 2036 ad
1480 1971 1671 2054 probitatem
1696 1979 1730 2036 et
1751 1972 1868 2038 bonam
1897 1974 2129 2040 conscientiam

128 2058 238 2124 visam
267 2056 403 2122 haberat
428 2055 586 2122 familiam
608 2077 628 2121 a
656 2057 788 2122 marito:
821 2055 880 2123 sed
901 2065 938 2122 ut
965 2055 1106 2122 filias-et
1158 2057 1312 2124 Abrahae
1333 2058 1487 2137 referant,
1508 2077 1569 2141 ego
1592 2056 1700 2140 potius
1722 2055 1761 2123 de
1782 2057 1902 2124 fiducia
1922 2059 2129 2142 interpretor,

128 2144 267 2211 ancillas
284 2141 345 2208 sub
366 2140 512 2208 custodia
528 2163 589 2207 sua
609 2140 754 2208 haberet
794 2141 984 2226 Simplicius
1006 2142 1106 2208 etiam
1157 2142 1241 2227 quod
1265 2142 1389 2210 seilicet
1416 2144 1524 2209 Deum
1547 2143 1610 2208 sibi
1631 2145 1837 2227 proposuerit
1858 2145 1945 2210 vitae
1965 2146 2129 2229 guberna-

126 2250 296 2314 expanere
317 2227 410 2307 lieet,
439 2235 530 2294 recta
556 2228 683 2293 venisse
706 2228 741 2292 in
768 2229 952 2293 cubiculum
979 2229 1105 2307 matris,
1158 2238 1270 2308 torem,
1294 2249 1392 2312 seque
1413 2228 1461 2294 illi
1485 2250 1582 2294 curae
1604 2249 1675 2294 esse
1696 2231 1847 2312 confisus,
1870 2231 1911 2295 ab
1934 2231 2003 2298 eius
2024 2233 2130 2316 gratia

129 2317 207 2398 quia
238 2313 375 2381 liberius
396 2313 445 2378 illi
475 2333 573 2396 quam
600 2313 688 2396 patri
715 2335 785 2378 rem
816 2323 944 2399 gestam
970 2334 1106 2380 namara
1156 2312 1358 2399 pependerit.

127 2409 268 2484 poterat.
313 2397 488 2465 Probabile
510 2405 621 2464 autem
643 2406 708 2479 est,
740 2420 841 2482 quum
864 2399 978 2466 uxorio
1000 2399 1106 2465 relatu
1245 2398 1284 2465 at
1298 2399 1403 2482 facitis
1422 2400 1678 2466 miscricordiam.
1707 2400 1822 2482 Nuper
1839 2400 1907 2466 dixi
1926 2401 2004 2485 quid
2023 2402 2130 2468 valam

127 2487 238 2554 factus
255 2486 375 2552 certior
391 2494 478 2550 esset
493 2483 649 2564 Batbuel,
673 2485 842 2568 utriusque
859 2486 952 2551 iussu
970 2486 1106 2551 missum
1157 2484 1238 2552 haec
1270 2485 1434 2569 loquutio,
1468 2506 1585 2568 nempe
1618 2485 1856 2551 humanitatem
1888 2499 2070 2570 praestare,
2096 2497 2130 2554 et

127 2572 232 2639 titisse
260 2572 363 2638 filium
387 2571 501 2636 Laban
525 2570 580 2653 qui
603 2569 763 2653 hospitam
787 2570 971 2638 adduceret.
1014 2571 1106 2637 Reli·
1158 2573 1243 2636 bona
1271 2570 1336 2636 lide
1361 2591 1467 2656 agere.
1511 2570 1563 2636 Ita
1592 2570 1736 2638 modeste
1765 2580 1798 2637 et
1826 2573 2015 2657 suppliciter
2036 2583 2130 2659 rogat

123 2679 192 2742 qua
213 2658 419 2741 expositione
441 2678 507 2721 non
528 2655 688 2740 indigent.
1158 2670 1195 2722 ut
1216 2657 1250 2722 in
1273 2657 1460 2741 coniugium
1483 2656 1577 2723 Isaac
1599 2665 1633 2722 et
1653 2656 1820 2724 Rebeccae
1842 2659 2056 2726 consentiant.
2090 2659 2130 2726 Si

110 2777 114 2784 ·
216 2745 270 2809 33.
285 2743 357 2808 Noa
373 2743 528 2809 ιοιιιάαιι
540 2743 641 2808 donec.
671 2742 793 2824 Incipit
802 2741 914 2808 Moses
936 2743 1106 2809 ostendere
1158 2743 1322 2826 repulsam
1344 2743 1384 2808 ab
1406 2741 1473 2806 illis
1494 2763 1610 2826 passus
1631 2743 1746 2821 fuerit,
1772 2744 1896 2809 iturum
1919 2745 1998 2812 dicit
2018 2768 2053 2810 se
2075 2744 2130 2811 vel

124 2830 275 2913 qualiter
300 2827 432 2896 adducti
460 2827 582 2892 fuerint
614 2837 765 2911 parentes
785 2826 953 2895 Rebeccae
976 2839 1012 2894 ut
1033 2850 1105 2894 eam
1158 2829 1200 2894 ad
1227 2828 1377 2894 dextram
1407 2827 1458 2893 vel
1489 2827 1530 2893 ad
1557 2828 1742 2908 sinistram,
1776 2829 1836 2895 hoo
1866 2837 1932 2908 est,
1947 2830 2038 2897 'alibi
2066 2831 2129 2897 eibi

126 2917 245 3000 nepoti
263 2935 323 2981 suo
340 2914 456 2980 darent
472 2913 508 2977 in
525 2933 672 2980 uxorem.
708 2912 804 2994 Quod
824 2935 940 2980 servus
960 2916 1106 2998 apposito
1158 2923 1414 2998 prospectorum.
1459 2914 1621 2980 Dextram
1645 2914 1735 2979 enim
1756 2923 1790 2980 et
1810 2915 1993 2997 sinistram,
2022 2930 2129 2984 rectae

122 3002 202 3068 cibo
226 3001 318 3066 vesci
340 3007 469 3066 recusat
486 2999 551 3064 nisi
569 3021 604 3064 re
626 3000 780 3079 confecta,
802 3001 837 3064 in
856 3021 893 3065 ee
911 3001 1108 3084 perspicitur
1159 3001 1232 3066 viae
1255 3000 1475 3083 apponitque
1497 3000 1654 3068 deductus
1676 2999 1717 3064 ad
1737 3000 1824 3082 ipsos
1848 3001 1964 3067 fuerat.
2006 3001 2130 3069 Rutilio

125 3086 294 3153 sedulitas
322 3087 393 3150 eius
416 3095 449 3150 et
476 3083 572 3151 fides:
606 3092 703 3168 atque
736 3084 799 3150 hoo
831 3085 918 3151 inter
949 3085 1107 3152 beneficia
1158 3094 1267 3152 autcm
1287 3085 1415 3170 argutia
1429 3105 1527 3168 quam
1545 3085 1708 3152 adducunt
1728 3086 1861 3168 quidam
1871 3087 2025 3170 Hebraei,
2043 3088 2130 3173 quod

123 3173 252 3256 quibus
274 3173 365 3238 Deus
394 3191 526 3235 serrum
554 3192 650 3238 suum
672 3169 841 3236 Abraham
873 3170 1026 3255 dignatus
1056 3178 1107 3237 est
1158 3172 1265 3238 iturus
1286 3171 1330 3237 sit
1351 3170 1392 3236 ad
1414 3171 1481 3237 Iret
1500 3171 1554 3237 vel
1575 3169 1616 3236 ad
1637 3172 1766 3237 Ismael.

122 3259 250 3324 merito
289 3257 488 3334 censebitur,
528 3255 615 3339 qued
646 3277 779 3322 servum
809 3263 878 3322 tam
911 3255 1041 3322 fidelem
1074 3264 1108 3322 et
1244 3257 1296 3324 50.
1318 3257 1352 3322 A
1375 3256 1490 3323 choca
1510 3277 1633 3342 opressa
1654 3263 1699 3322 cst
1719 3278 1779 3323 res.
1815 3256 1902 3339 quia
1923 3281 1965 3324 ex
1987 3259 2129 3330 hominis

118 3345 238 3411 efficio
259 3344 426 3408 intentam
450 3342 610 3408 habuerit.
650 3340 826 3408 (laetarum
849 3362 951 3424 quum
974 3351 1106 3409 sanetae
1158 3363 1309 3410 sermone
1341 3343 1488 3426 persuasi
1517 3351 1595 3408 sunt
1620 3344 1729 3409 Deum
1758 3342 1857 3409 huius
1886 3366 1958 3410 esse
1986 3348 2131 3432 coniugii

117 3430 324 3515 disciplinae
347 3428 427 3495 haec
449 3427 548 3493 fuerit
571 3449 710 3508 merces,
733 3449 775 3494 ne
797 3427 957 3492 miremur
978 3428 1106 3511 paucis-
1159 3439 1315 3509 autorem,
1338 3434 1461 3513 negant
1481 3427 1543 3494 sibi
1564 3430 1614 3494 fas
1635 3450 1706 3495 esse
1727 3428 1901 3514 quidquam
1925 3430 2130 3516 disceptandi

118 3517 231 3584 ιίιιοι
255 3515 338 3582 tales
360 3514 522 3595 inveniri,
554 3514 685 3598 quando
711 3522 780 3578 tam
802 3514 888 3580 malo
909 3513 1033 3596 passim
1054 3537 1105 3580 re·
1158 3534 1256 3580 causa
1275 3515 1370 3598 loqui.
1401 3514 1525 3580 Dicunt
1542 3524 1653 3581 autem
1666 3515 1839 3580 aDomino
1857 3535 1927 3580 rem
1948 3537 2130 3600 agressam:

119 3613 267 3687 guntur.
307 3600 410 3666 Porro
432 3601 562 3665 tametsi
580 3599 710 3666 videtur
730 3620 971 3685 supervacuum
994 3607 1106 3665 texere
1158 3601 1236 3682 quia
1253 3600 1670 3667 voluntatemsuamelaris
1688 3601 1789 3684 signis
1806 3601 2012 3683 patefecerat.
2042 3603 2131 3670 Hine

119 3707 333 3754 sermonem:
354 3686 438 3753 nihil
458 3695 569 3750 tamen
586 3693 638 3750 ιιι
655 3684 740 3768 quod
757 3707 823 3751 non
841 3684 882 3749 ad
900 3694 1106 3768 praesentem
1160 3686 1390 3770 perspicimus,
1423 3685 1576 3768 quamvis
1608 3686 1729 3770 partim
1759 3685 1916 3753 suffocata
1946 3700 2031 3753 esset
2051 3710 2132 3756 vera

115 3795 266 3842 causam
296 3773 412 3839 valeat.
464 3769 595 3838 Sciebat
621 3770 709 3837 hune
739 3770 891 3836 affectum
921 3771 1105 3855 ingenitum
1158 3771 1288 3857 religio,
1314 3771 1436 3854 partim
1458 3770 1586 3838 vitiosis
1607 3772 1771 3837 erroribus
1791 3772 1927 3850 infecta,
1959 3795 2129 3857 nunquam

118 3881 199 3926 esse
235 3857 429 3942 parentibus
463 3879 481 3922 a
513 3864 645 3932 natura,
682 3864 721 3922 ut
752 3878 817 3921 non
850 3856 991 3922 libenter
1020 3857 1106 3923 filias
1159 3867 1269 3922 tamen
1303 3857 1350 3922 ita
1382 3856 1512 3939 penitus
1545 3858 1745 3926 exstinctum
1777 3857 1877 3922 fuisse
1909 3856 1974 3923 Dei
2005 3873 2130 3927 metum

116 3967 206 4012 suas
227 3944 340 4028 procul
358 3942 543 4008 amendant.
579 3942 727 4007 Primum
749 3941 852 4026 igitur
873 3952 1107 4009 commemorat
1158 3945 1237 4026 quin
1260 3950 1363 4008 staret
1379 3942 1442 4008 hoo
1464 3944 1601 4021 axioma,
1625 3953 1659 4008 et
1679 3943 1827 4008 omnium
1849 3943 1968 4010 animis
1987 3945 2126 4011 infixum

116 4031 288 4097 Abrahae
317 4027 466 4108 divitias,
500 4048 542 4094 ne
564 4026 716 4094 dubitent
738 4029 807 4094 viro
828 4027 982 4111 locupleti
1004 4028 1106 4094 filiam
1157 4037 1315 4108 maneret,
1337 4027 1409 4094 Deo
1431 4027 1612 4112 parendum
1634 4049 1714 4093 esse.
1758 4027 1856 4108 Quod
1877 4029 1905 4094 si
1927 4031 2039 4097 miseri
2060 4031 2128 4097 ido

115 4117 249 4184 locare.
301 4113 431 4181 Deinde
459 4114 607 4196 exponit,
637 4114 731 4180 Ιιιιι
758 4114 908 4198 genitum
935 4114 1035 4181 fuisse
1064 4135 1106 4180 ex
1156 4114 1302 4191 lolatrae,
1322 4113 1378 4196 qai
1399 4115 1466 4179 fere
1488 4134 1507 4178 a
1528 4114 1650 4196 pietate
1672 4112 1884 4192 desciverant,
1907 4137 1942 4181 se
1960 4116 2032 4182 Deo
2053 4117 2128 4183 sub·

114 4213 239 4269 matre
269 4201 395 4266 vetula:
429 4223 493 4265 non
527 4206 656 4278 tantum
687 4209 725 4264 ut
754 4200 860 4266 sciant
889 4199 1011 4284 insigni
1041 4200 1106 4266 Dei
1157 4201 1321 4278 iecerunt,
1349 4197 1435 4283 quod
1457 4199 1498 4265 ab
1520 4201 1591 4264 eius
1612 4207 1696 4270 natu
1718 4197 1890 4266 deflectere
1910 4201 2002 4267 nefas
2023 4215 2126 4269 esset:

116 4287 291 4355 miraculo
308 4285 505 4369 fuissepatri
523 4285 690 4362 donatum,
709 4284 795 4350 unda
812 4285 971 4352 coniioere
989 4285 1107 4351 licebat
1157 4293 1279 4369 quanto
1292 4305 1352 4351 uos
1363 4283 1404 4350 ad
1421 4283 1611 4368 obsequium
1629 4285 1844 4368 promptiores
1861 4306 1932 4352 esse
1949 4288 2126 4354 convenit?

116 4374 296 4440 divinitus
317 4371 359 4438 ad
382 4393 435 4438 res
459 4392 596 4456 magnas
619 4379 652 4435 ιι
671 4371 857 4453 praeclaras
880 4391 951 4438 esse
973 4371 1105 4436 ordine·
1157 4371 1247 4455 Ergo
1269 4369 1406 4436 simulac
1427 4379 1594 4454 comperta
1615 4370 1709 4436 nobis
1726 4380 1777 4435 est
1793 4368 1856 4435 Dei
1877 4371 2037 4456 voluntas,
2060 4396 2127 4440 non

115 4473 220 4526 tum:
244 4456 301 4524 sed
320 4467 357 4522 ut
374 4456 415 4522 ab
432 4466 538 4522 aetate
560 4455 691 4522 accedat
712 4457 959 4522 commendatio.
995 4457 1106 4522 Tertio
1158 4466 1284 4522 tantum
1303 4455 1420 4521 sileant
1439 4455 1582 4540 linguae,
1604 4453 1663 4522 sed
1678 4475 1793 4521 omnes
1811 4476 1925 4522 sensus
1942 4460 2126 4541 quieseant:

113 4547 287 4625 affirmat,
304 4543 398 4610 Isaac
415 4543 628 4610 unicumfore
644 4543 746 4625 patris
763 4542 947 4608 haeredem.
977 4541 1105 4624 Quarto
1156 4542 1232 4626 quia
1254 4542 1412 4625 sacrilega
1431 4541 1567 4608 audacia
1588 4541 1760 4608 catullum
1789 4542 2020 4626 cogitationem
2044 4566 2126 4628 quae

113 4634 250 4709 refert,
283 4651 318 4695 se
347 4628 556 4694 iureiurando
588 4628 740 4695 adactum
769 4649 840 4694 esse
869 4639 907 4692 ut
935 4637 1105 4710 quaereret
1156 4635 1317 4712 repugnet
1338 4626 1520 4693 admittere.

113 4717 213 4784 hero
248 4738 306 4784 suo
338 4713 432 4781 Ῑιιιι
464 4735 601 4780 uxorem
635 4735 653 4778 e
684 4716 878 4798 cognatione
910 4735 979 4780 sue.
1030 4714 1104 4780 Hoc
1242 4712 1408 4779 Adoraoit.
1443 4712 1570 4779 Iterum
1590 4713 1709 4796 repetit
1724 4713 1845 4792 Moses,
1867 4733 2001 4778 servum
2018 4712 2126 4780 Abra·

109 4813 246 4870 autem
280 4800 425 4868 studium
452 4801 607 4866 Abrahae
640 4798 681 4864 ad
714 4821 769 4865 eos
800 4798 978 4865 movendos
1010 4798 1105 4866 valde
1157 4799 1219 4865 hae
1253 4799 1376 4883 gratias
1409 4799 1514 4884 egisse
1542 4797 1630 4865 Deo:
1664 4820 1724 4864 nec
1753 4799 1811 4865 abs
1839 4820 1876 4864 re
1906 4798 1968 4864 hoc
1995 4800 2127 4883 pietatis

110 4890 253 4957 efficax
271 4895 349 4953 erat.
377 4886 511 4968 Quinto,
528 4886 630 4952 refert
648 4885 815 4951 Abraham
832 4906 978 4969 sperasse
995 4885 1105 4950 Deum
1157 4886 1300 4952 officium
1332 4884 1428 4950 toties
1466 4884 1624 4951 inculcat:
1664 4886 1739 4968 quia
1773 4906 1873 4968 quum
1904 4883 1989 4950 nihil
2022 4888 2126 4970 magis

109 4977 195 5042 fore
224 4973 352 5038 itineris
374 4971 499 5052 ducem,
522 4978 560 5036 ut
581 4971 689 5036 omnia
710 4971 760 5035 illi
781 4993 841 5037 sua
863 4972 995 5055 negotia
1017 4991 1105 5037 com·
1157 4971 1302 5053 requirat
1323 4990 1344 5033 ι
1365 4968 1457 5036 nobis
1478 4970 1588 5048 Deus,
1607 4969 1680 5053 plus
1700 4990 1798 5051 quam
1821 4968 1914 5036 foeda
1935 4969 2068 5053 ignavia
2090 4973 2127 5037 in

110 5059 294 5126 mittebat.
352 5056 470 5134 Sexto,
510 5058 543 5122 in
576 5077 672 5141 quam
705 5055 846 5122 formam
879 5068 1029 5142 precatus
1061 5058 1105 5121 sit
1157 5056 1218 5122 hac
1250 5063 1343 5138 parte
1375 5075 1411 5120 se
1443 5055 1560 5139 prodit.
1614 5054 1751 5138 Agnitio
1790 5055 2019 5121 benefieorum
2052 5057 2125 5138 Dei,

108 5147 245 5212 Deum
267 5144 393 5210 recitat.
432 5141 590 5226 Septimo,
611 5150 752 5208 testatur
772 5141 929 5228 quidquid
951 5163 1011 5208 sua
1031 5163 1104 5226 pre-
1156 5141 1350 5210 sacrificium
1372 5150 1423 5207 est
1450 5143 1564 5225 optimi
1593 5141 1717 5206 odoris:
1737 5140 1814 5224 ¹imo
1840 5140 1948 5206 cultus
1976 5142 2126 5210 omnibus

102 5233 263 5298 catione
291 5228 481 5313 complexus
507 5239 588 5308 erat,
618 5249 653 5295 ιι
681 5229 865 5298 aDomino
894 5228 1103 5311 impetrasse:
1155 5219 1323 5294 sacrificiis
1344 5227 1572 5309 praestantior.
1608 5226 1797 5292 Innumeris
1814 5225 1943 5293 assidue
1961 5225 2127 5296 beneficiis

103 5327 156 5386 ιιι
195 5322 359 5400 appareat
389 5314 578 5400 coniugium
603 5313 692 5379 istud
721 5315 763 5380 de
791 5335 855 5398 quo
884 5323 1017 5380 acturus
1045 5321 1103 5392 est,
1156 5314 1368 5381 cumulantur
1389 5313 1578 5379 hominess
1598 5313 1679 5378 Deo.
1723 5312 1813 5396 Ergo
1836 5312 1970 5378 minime
1991 5307 2127 5380 ferenda

237 5417 347 5474 ιιιιιι
360 5430 453 5486 (ιιι.
493 5413 553 5472 ιιι.
567 5412 690 5471 xxrrr.
1884 5413 1919 5468 ῃ
