<?xml version="1.0" encoding="UTF-8"?>
<!DOCTYPE html PUBLIC "-//W3C//DTD XHTML 1.0 Transitional//EN"
    "http://www.w3.org/TR/xhtml1/DTD/xhtml1-transitional.dtd">
<html xmlns="http://www.w3.org/1999/xhtml" xml:lang="en" lang="en">
 <head>
  <title>
</title>
<meta http-equiv="Content-Type" content="text/html;charset=utf-8" />
  <meta name='ocr-system' content='tesseract 3.04.00' />
  <meta name='ocr-capabilities' content='ocr_page ocr_carea ocr_par ocr_line ocrx_word'/>
</head>
<body>
  <div class='ocr_page' id='page_1' title='image "./ioanniscalvinio06reusgoog_0203.png"; bbox 0 0 5000 6208; ppageno 0'>
   <div class='ocr_carea' id='block_1_1' title="bbox 137 431 2155 548">
    <p class='ocr_par' dir='ltr' id='par_1_1' title="bbox 137 431 2155 548">
     <span class='ocr_line' id='line_1_1' title="bbox 137 431 2155 548; baseline 0.002 -47"><span class='ocrx_word' id='word_1_1' title='bbox 137 435 195 501; x_wconf 90' lang='grc'><strong>333</strong></span> <span class='ocrx_word' id='word_1_2' title='bbox 785 431 1157 502; x_wconf 70' lang='lat' dir='ltr'><strong>COMMENTARIUS</strong></span> <span class='ocrx_word' id='word_1_3' title='bbox 1180 433 1230 500; x_wconf 93' lang='lat' dir='ltr'><strong>IN</strong></span> <span class='ocrx_word' id='word_1_4' title='bbox 1253 433 1467 502; x_wconf 80' lang='lat' dir='ltr'><strong>GENESIN.</strong></span> <span class='ocrx_word' id='word_1_5' title='bbox 2057 441 2123 506; x_wconf 85' lang='grc'><strong>334</strong></span> <span class='ocrx_word' id='word_1_6' title='bbox 2150 537 2155 548; x_wconf 30' lang='grc'><em>.</em></span> 
     </span>
    </p>
   </div>
   <div class='ocr_carea' id='block_1_2' title="bbox 104 622 2123 5330">
    <p class='ocr_par' dir='ltr' id='par_1_2' title="bbox 104 622 2123 5330">
     <span class='ocr_line' id='line_1_2' title="bbox 136 622 2121 712; baseline 0.004 -24"><span class='ocrx_word' id='word_1_7' title='bbox 136 632 198 688; x_wconf 89' lang='lat' dir='ltr'><strong>tem</strong></span> <span class='ocrx_word' id='word_1_8' title='bbox 220 625 384 691; x_wconf 90' lang='lat' dir='ltr'><strong>confidere</strong></span> <span class='ocrx_word' id='word_1_9' title='bbox 405 624 511 705; x_wconf 89' lang='lat' dir='ltr'><strong>potuit</strong></span> <span class='ocrx_word' id='word_1_10' title='bbox 532 622 630 688; x_wconf 74' lang='lat' dir='ltr'><strong>ulam</strong></span> <span class='ocrx_word' id='word_1_11' title='bbox 648 623 716 688; x_wconf 89' lang='lat' dir='ltr'><strong>fora</strong></span> <span class='ocrx_word' id='word_1_12' title='bbox 734 623 867 690; x_wconf 88' lang='lat' dir='ltr'><strong>oonsilio</strong></span> <span class='ocrx_word' id='word_1_13' title='bbox 885 643 943 688; x_wconf 93' lang='lat' dir='ltr'><strong>suo</strong></span> <span class='ocrx_word' id='word_1_14' title='bbox 965 623 1102 703; x_wconf 87' lang='lat' dir='ltr'><strong>exitum,</strong></span> <span class='ocrx_word' id='word_1_15' title='bbox 1153 623 1290 688; x_wconf 87' lang='lat' dir='ltr'><strong>subiicit.</strong></span> <span class='ocrx_word' id='word_1_16' title='bbox 1336 622 1446 702; x_wconf 81' lang='lat' dir='ltr'><strong>Quare</strong></span> <span class='ocrx_word' id='word_1_17' title='bbox 1479 622 1561 687; x_wconf 88' lang='lat' dir='ltr'>nihil</span> <span class='ocrx_word' id='word_1_18' title='bbox 1594 623 1703 688; x_wconf 90' lang='lat' dir='ltr'><strong>minus</strong></span> <span class='ocrx_word' id='word_1_19' title='bbox 1736 635 1992 692; x_wconf 88' lang='lat' dir='ltr'><strong>cousentaneum</strong></span> <span class='ocrx_word' id='word_1_20' title='bbox 2024 650 2121 712; x_wconf 90' lang='lat' dir='ltr'><strong>quam</strong></span> 
     </span>
     <span class='ocr_line' id='line_1_3' title="bbox 135 708 2122 793; baseline 0.004 -19"><span class='ocrx_word' id='word_1_21' title='bbox 135 708 217 793; x_wconf 91' lang='lat' dir='ltr'><strong>quod</strong></span> <span class='ocrx_word' id='word_1_22' title='bbox 246 710 378 775; x_wconf 91' lang='lat' dir='ltr'><strong>nonnisi</strong></span> <span class='ocrx_word' id='word_1_23' title='bbox 409 710 478 774; x_wconf 91' lang='lat' dir='ltr'><strong>Dec</strong></span> <span class='ocrx_word' id='word_1_24' title='bbox 507 719 635 787; x_wconf 88' lang='lat' dir='ltr'><strong>autore,</strong></span> <span class='ocrx_word' id='word_1_25' title='bbox 667 718 700 775; x_wconf 92' lang='lat' dir='ltr'><strong>et</strong></span> <span class='ocrx_word' id='word_1_26' title='bbox 726 709 820 792; x_wconf 80' lang='lat' dir='ltr'>quasi</span> <span class='ocrx_word' id='word_1_27' title='bbox 849 708 918 774; x_wconf 92' lang='lat' dir='ltr'><strong>eius</strong></span> <span class='ocrx_word' id='word_1_28' title='bbox 948 709 1102 791; x_wconf 76' lang='lat' dir='ltr'><strong>auspiciis</strong></span> <span class='ocrx_word' id='word_1_29' title='bbox 1153 717 1265 773; x_wconf 92' lang='lat' dir='ltr'><strong>nostro</strong></span> <span class='ocrx_word' id='word_1_30' title='bbox 1296 709 1455 772; x_wconf 88' lang='lat' dir='ltr'><strong>arbitratu</strong></span> <span class='ocrx_word' id='word_1_31' title='bbox 1484 709 1658 791; x_wconf 82' lang='lat' dir='ltr'><strong>quidquam</strong></span> <span class='ocrx_word' id='word_1_32' title='bbox 1682 708 1754 774; x_wconf 90' lang='lat' dir='ltr'><strong>Deo</strong></span> <span class='ocrx_word' id='word_1_33' title='bbox 1783 712 2011 793; x_wconf 76' lang='lat' dir='ltr'><strong>praescribere.</strong></span> <span class='ocrx_word' id='word_1_34' title='bbox 2057 715 2122 782; x_wconf 91' lang='lat' dir='ltr'><strong>Ubi</strong></span> 
     </span>
     <span class='ocr_line' id='line_1_4' title="bbox 134 793 2121 882; baseline 0.003 -22"><span class='ocrx_word' id='word_1_35' title='bbox 134 807 327 878; x_wconf 72' lang='lat' dir='ltr'><strong>susceperat.</strong></span> <span class='ocrx_word' id='word_1_36' title='bbox 372 794 470 860; x_wconf 91' lang='lat' dir='ltr'><strong>Solus</strong></span> <span class='ocrx_word' id='word_1_37' title='bbox 493 796 579 859; x_wconf 91' lang='lat' dir='ltr'><strong>enim</strong></span> <span class='ocrx_word' id='word_1_38' title='bbox 601 795 665 860; x_wconf 91' lang='lat' dir='ltr'><strong>Dei</strong></span> <span class='ocrx_word' id='word_1_39' title='bbox 687 795 841 873; x_wconf 82' lang='lat' dir='ltr'><strong>intuitus,</strong></span> <span class='ocrx_word' id='word_1_40' title='bbox 863 795 932 860; x_wconf 89' lang='lat' dir='ltr'><strong>eius</strong></span> <span class='ocrx_word' id='word_1_41' title='bbox 954 794 1101 858; x_wconf 90' lang='lat' dir='ltr'><strong>animum</strong></span> <span class='ocrx_word' id='word_1_42' title='bbox 1151 793 1254 877; x_wconf 89' lang='lat' dir='ltr'><strong>igitur</strong></span> <span class='ocrx_word' id='word_1_43' title='bbox 1271 794 1356 859; x_wconf 88' lang='lat' dir='ltr'><strong>servi</strong></span> <span class='ocrx_word' id='word_1_44' title='bbox 1376 793 1500 878; x_wconf 88' lang='lat' dir='ltr'><strong>religio,</strong></span> <span class='ocrx_word' id='word_1_45' title='bbox 1522 795 1577 876; x_wconf 91' lang='lat' dir='ltr'><strong>qui</strong></span> <span class='ocrx_word' id='word_1_46' title='bbox 1595 816 1653 877; x_wconf 90' lang='lat' dir='ltr'><strong>pro</strong></span> <span class='ocrx_word' id='word_1_47' title='bbox 1671 814 1729 861; x_wconf 90' lang='lat' dir='ltr'><strong>suo</strong></span> <span class='ocrx_word' id='word_1_48' title='bbox 1747 793 1906 862; x_wconf 90' lang='lat' dir='ltr'><strong>desiderio</strong></span> <span class='ocrx_word' id='word_1_49' title='bbox 1924 797 2029 882; x_wconf 90' lang='lat' dir='ltr'><strong>legem</strong></span> <span class='ocrx_word' id='word_1_50' title='bbox 2048 800 2121 867; x_wconf 90' lang='lat' dir='ltr'><strong>Deo</strong></span> 
     </span>
     <span class='ocr_line' id='line_1_5' title="bbox 133 878 2120 970; baseline 0.005 -26"><span class='ocrx_word' id='word_1_51' title='bbox 133 883 251 945; x_wconf 84' lang='lat' dir='ltr'><strong>avertit</strong></span> <span class='ocrx_word' id='word_1_52' title='bbox 273 902 292 945; x_wconf 90' lang='lat' dir='ltr'><strong>a</strong></span> <span class='ocrx_word' id='word_1_53' title='bbox 314 881 443 947; x_wconf 87' lang='lat' dir='ltr'><strong>filiabus</strong></span> <span class='ocrx_word' id='word_1_54' title='bbox 465 881 635 946; x_wconf 82' lang='lat' dir='ltr'><strong>Chanaan.</strong></span> <span class='ocrx_word' id='word_1_55' title='bbox 681 879 823 945; x_wconf 87' lang='lat' dir='ltr'><strong>Videtur</strong></span> <span class='ocrx_word' id='word_1_56' title='bbox 851 890 959 944; x_wconf 90' lang='lat' dir='ltr'><strong>tamen</strong></span> <span class='ocrx_word' id='word_1_57' title='bbox 985 899 1101 962; x_wconf 90' lang='lat' dir='ltr'><strong>parum</strong></span> <span class='ocrx_word' id='word_1_58' title='bbox 1151 878 1313 962; x_wconf 84' lang='lat' dir='ltr'><strong>imponit?</strong></span> <span class='ocrx_word' id='word_1_59' title='bbox 1332 878 1460 943; x_wconf 86' lang='lat' dir='ltr'><strong>Deinde</strong></span> <span class='ocrx_word' id='word_1_60' title='bbox 1478 879 1606 944; x_wconf 92' lang='lat' dir='ltr'><strong>nihiliu</strong></span> <span class='ocrx_word' id='word_1_61' title='bbox 1625 880 1774 962; x_wconf 86' lang='lat' dir='ltr'><strong>precibus</strong></span> <span class='ocrx_word' id='word_1_62' title='bbox 1792 883 1913 948; x_wconf 89' lang='lat' dir='ltr'><strong>nostris</strong></span> <span class='ocrx_word' id='word_1_63' title='bbox 1930 885 2120 970; x_wconf 89' lang='lat' dir='ltr'><strong>ambiguum</strong></span> 
     </span>
     <span class='ocr_line' id='line_1_6' title="bbox 134 964 2121 1054; baseline 0.002 -22"><span class='ocrx_word' id='word_1_64' title='bbox 134 967 210 1032; x_wconf 90' lang='lat' dir='ltr'><strong>scite</strong></span> <span class='ocrx_word' id='word_1_65' title='bbox 229 966 390 1050; x_wconf 89' lang='lat' dir='ltr'><strong>colligere,</strong></span> <span class='ocrx_word' id='word_1_66' title='bbox 410 964 518 1029; x_wconf 92' lang='lat' dir='ltr'><strong>Deum</strong></span> <span class='ocrx_word' id='word_1_67' title='bbox 537 987 671 1032; x_wconf 87' lang='lat' dir='ltr'><strong>uxorem</strong></span> <span class='ocrx_word' id='word_1_68' title='bbox 691 965 842 1030; x_wconf 89' lang='lat' dir='ltr'><strong>daturum</strong></span> <span class='ocrx_word' id='word_1_69' title='bbox 861 965 980 1031; x_wconf 85' lang='lat' dir='ltr'><strong>filioex</strong></span> <span class='ocrx_word' id='word_1_70' title='bbox 995 966 1103 1047; x_wconf 90' lang='lat' dir='ltr'><strong>patria</strong></span> <span class='ocrx_word' id='word_1_71' title='bbox 1152 984 1223 1029; x_wconf 89' lang='lat' dir='ltr'><strong>esse</strong></span> <span class='ocrx_word' id='word_1_72' title='bbox 1253 964 1362 1030; x_wconf 89' lang='lat' dir='ltr'><strong>debet:</strong></span> <span class='ocrx_word' id='word_1_73' title='bbox 1393 965 1555 1031; x_wconf 81' lang='lat' dir='ltr'><strong>certitudo</strong></span> <span class='ocrx_word' id='word_1_74' title='bbox 1585 975 1693 1030; x_wconf 89' lang='lat' dir='ltr'><strong>autem</strong></span> <span class='ocrx_word' id='word_1_75' title='bbox 1723 966 1853 1032; x_wconf 90' lang='lat' dir='ltr'><strong>nonnisi</strong></span> <span class='ocrx_word' id='word_1_76' title='bbox 1875 989 1916 1033; x_wconf 89' lang='lat' dir='ltr'><strong>ex</strong></span> <span class='ocrx_word' id='word_1_77' title='bbox 1945 970 2043 1035; x_wconf 88' lang='lat' dir='ltr'><strong>verbo</strong></span> <span class='ocrx_word' id='word_1_78' title='bbox 2064 991 2121 1054; x_wconf 92' lang='lat' dir='ltr'><strong>pe-</strong></span> 
     </span>
     <span class='ocr_line' id='line_1_7' title="bbox 132 1049 2120 1139; baseline 0.003 -22"><span class='ocrx_word' id='word_1_79' title='bbox 132 1059 163 1117; x_wconf 90' lang='lat' dir='ltr'><strong>et</strong></span> <span class='ocrx_word' id='word_1_80' title='bbox 180 1054 373 1136; x_wconf 84' lang='lat' dir='ltr'><strong>cognatione</strong></span> <span class='ocrx_word' id='word_1_81' title='bbox 391 1051 442 1118; x_wconf 90' lang='lat' dir='ltr'><strong>cni</strong></span> <span class='ocrx_word' id='word_1_82' title='bbox 461 1050 629 1117; x_wconf 82' lang='lat' dir='ltr'><strong>valedixit.</strong></span> <span class='ocrx_word' id='word_1_83' title='bbox 660 1049 727 1118; x_wconf 87' lang='lat' dir='ltr'><strong>Sed</strong></span> <span class='ocrx_word' id='word_1_84' title='bbox 744 1051 820 1134; x_wconf 87' lang='lat' dir='ltr'><strong>quia</strong></span> <span class='ocrx_word' id='word_1_85' title='bbox 837 1050 970 1116; x_wconf 90' lang='lat' dir='ltr'><strong>nonnisi</strong></span> <span class='ocrx_word' id='word_1_86' title='bbox 988 1059 1101 1116; x_wconf 89' lang='lat' dir='ltr'><strong>autore</strong></span> <span class='ocrx_word' id='word_1_87' title='bbox 1152 1050 1258 1115; x_wconf 89' lang='lat' dir='ltr'><strong>tenda.</strong></span> <span class='ocrx_word' id='word_1_88' title='bbox 1298 1049 1370 1115; x_wconf 88' lang='lat' dir='ltr'><strong>Iam</strong></span> <span class='ocrx_word' id='word_1_89' title='bbox 1393 1070 1494 1132; x_wconf 91' lang='lat' dir='ltr'><strong>quum</strong></span> <span class='ocrx_word' id='word_1_90' title='bbox 1523 1050 1585 1116; x_wconf 89' lang='lat' dir='ltr'><strong>sibi</strong></span> <span class='ocrx_word' id='word_1_91' title='bbox 1615 1050 1850 1117; x_wconf 84' lang='lat' dir='ltr'><strong>divinationem</strong></span> <span class='ocrx_word' id='word_1_92' title='bbox 1871 1054 1975 1139; x_wconf 88' lang='lat' dir='ltr'><strong>fingat</strong></span> <span class='ocrx_word' id='word_1_93' title='bbox 1996 1077 2120 1136; x_wconf 89' lang='lat' dir='ltr'><strong>servus,</strong></span> 
     </span>
     <span class='ocr_line' id='line_1_8' title="bbox 132 1133 2122 1222; baseline 0.003 -20"><span class='ocrx_word' id='word_1_94' title='bbox 132 1136 202 1203; x_wconf 92' lang='lat' dir='ltr'><strong>Deo</strong></span> <span class='ocrx_word' id='word_1_95' title='bbox 220 1148 374 1222; x_wconf 86' lang='lat' dir='ltr'><strong>cognatos</strong></span> <span class='ocrx_word' id='word_1_96' title='bbox 392 1133 531 1220; x_wconf 90' lang='lat' dir='ltr'><strong>reliquit,</strong></span> <span class='ocrx_word' id='word_1_97' title='bbox 550 1158 662 1202; x_wconf 91' lang='lat' dir='ltr'><strong>eorum</strong></span> <span class='ocrx_word' id='word_1_98' title='bbox 680 1137 806 1203; x_wconf 90' lang='lat' dir='ltr'><strong>animos</strong></span> <span class='ocrx_word' id='word_1_99' title='bbox 817 1138 982 1201; x_wconf 86' lang='lat' dir='ltr'><strong>flexurum</strong></span> <span class='ocrx_word' id='word_1_100' title='bbox 993 1144 1102 1219; x_wconf 90' lang='lat' dir='ltr'><strong>sperat</strong></span> <span class='ocrx_word' id='word_1_101' title='bbox 1151 1134 1282 1201; x_wconf 84' lang='lat' dir='ltr'><strong>videtur</strong></span> <span class='ocrx_word' id='word_1_102' title='bbox 1303 1155 1474 1219; x_wconf 88' lang='lat' dir='ltr'><strong>perperam</strong></span> <span class='ocrx_word' id='word_1_103' title='bbox 1496 1156 1516 1200; x_wconf 88' lang='lat' dir='ltr'><strong>a</strong></span> <span class='ocrx_word' id='word_1_104' title='bbox 1537 1136 1683 1220; x_wconf 88' lang='lat' dir='ltr'><strong>legitima</strong></span> <span class='ocrx_word' id='word_1_105' title='bbox 1704 1137 1818 1203; x_wconf 90' lang='lat' dir='ltr'><strong>orandi</strong></span> <span class='ocrx_word' id='word_1_106' title='bbox 1840 1139 1998 1206; x_wconf 86' lang='lat' dir='ltr'><strong>modestia</strong></span> <span class='ocrx_word' id='word_1_107' title='bbox 2019 1141 2122 1208; x_wconf 91' lang='lat' dir='ltr'><strong>disce-</strong></span> 
     </span>
     <span class='ocr_line' id='line_1_9' title="bbox 132 1220 2122 1307; baseline 0.004 -20"><span class='ocrx_word' id='word_1_108' title='bbox 132 1231 169 1288; x_wconf 89' lang='lat' dir='ltr'><strong>ut</strong></span> <span class='ocrx_word' id='word_1_109' title='bbox 190 1224 324 1307; x_wconf 90' lang='lat' dir='ltr'><strong>propitii</strong></span> <span class='ocrx_word' id='word_1_110' title='bbox 346 1224 413 1289; x_wconf 90' lang='lat' dir='ltr'><strong>sint</strong></span> <span class='ocrx_word' id='word_1_111' title='bbox 435 1244 472 1288; x_wconf 89' lang='lat' dir='ltr'><strong>ac</strong></span> <span class='ocrx_word' id='word_1_112' title='bbox 501 1224 658 1288; x_wconf 81' lang='lat' dir='ltr'><strong>faventes.</strong></span> <span class='ocrx_word' id='word_1_113' title='bbox 704 1223 835 1288; x_wconf 88' lang='lat' dir='ltr'><strong>Interea</strong></span> <span class='ocrx_word' id='word_1_114' title='bbox 858 1244 897 1287; x_wconf 88' lang='lat' dir='ltr'><strong>ex</strong></span> <span class='ocrx_word' id='word_1_115' title='bbox 917 1222 1102 1305; x_wconf 90' lang='lat' dir='ltr'><strong>praeteritis</strong></span> <span class='ocrx_word' id='word_1_116' title='bbox 1152 1220 1244 1286; x_wconf 90' lang='lat' dir='ltr'><strong>dere:</strong></span> <span class='ocrx_word' id='word_1_117' title='bbox 1278 1242 1379 1304; x_wconf 91' lang='lat' dir='ltr'><strong>quum</strong></span> <span class='ocrx_word' id='word_1_118' title='bbox 1408 1222 1496 1286; x_wconf 91' lang='lat' dir='ltr'><strong>enim</strong></span> <span class='ocrx_word' id='word_1_119' title='bbox 1525 1242 1599 1288; x_wconf 93' lang='lat' dir='ltr'><strong>eum</strong></span> <span class='ocrx_word' id='word_1_120' title='bbox 1634 1222 1763 1290; x_wconf 88' lang='lat' dir='ltr'><strong>deficiat</strong></span> <span class='ocrx_word' id='word_1_121' title='bbox 1796 1225 1983 1306; x_wconf 89' lang='lat' dir='ltr'><strong>promissio,</strong></span> <span class='ocrx_word' id='word_1_122' title='bbox 2017 1226 2057 1292; x_wconf 91' lang='lat' dir='ltr'><strong>dc</strong></span> <span class='ocrx_word' id='word_1_123' title='bbox 2086 1249 2122 1295; x_wconf 88' lang='lat' dir='ltr'><strong>re</strong></span> 
     </span>
     <span class='ocr_line' id='line_1_10' title="bbox 129 1307 2122 1395; baseline 0.004 -23"><span class='ocrx_word' id='word_1_124' title='bbox 129 1307 193 1373; x_wconf 90' lang='lat' dir='ltr'><strong>Dei</strong></span> <span class='ocrx_word' id='word_1_125' title='bbox 215 1308 381 1376; x_wconf 86' lang='lat' dir='ltr'><strong>beneficiis</strong></span> <span class='ocrx_word' id='word_1_126' title='bbox 403 1309 518 1374; x_wconf 82' lang='lat' dir='ltr'><strong>statuit</strong></span> <span class='ocrx_word' id='word_1_127' title='bbox 539 1309 604 1376; x_wconf 89' lang='lat' dir='ltr'><strong>sibi</strong></span> <span class='ocrx_word' id='word_1_128' title='bbox 624 1309 660 1373; x_wconf 92' lang='lat' dir='ltr'><strong>in</strong></span> <span class='ocrx_word' id='word_1_129' title='bbox 685 1310 850 1392; x_wconf 86' lang='lat' dir='ltr'><strong>praesenti</strong></span> <span class='ocrx_word' id='word_1_130' title='bbox 880 1309 1009 1392; x_wconf 90' lang='lat' dir='ltr'><strong>negotio</strong></span> <span class='ocrx_word' id='word_1_131' title='bbox 1030 1326 1100 1372; x_wconf 87' lang='lat' dir='ltr'><strong>ma·</strong></span> <span class='ocrx_word' id='word_1_132' title='bbox 1152 1314 1220 1370; x_wconf 90' lang='lat' dir='ltr'><strong>toto</strong></span> <span class='ocrx_word' id='word_1_133' title='bbox 1252 1307 1464 1372; x_wconf 89' lang='lat' dir='ltr'><strong>nihilominus</strong></span> <span class='ocrx_word' id='word_1_134' title='bbox 1497 1307 1569 1373; x_wconf 87' lang='lat' dir='ltr'><strong>lieri</strong></span> <span class='ocrx_word' id='word_1_135' title='bbox 1601 1317 1710 1374; x_wconf 90' lang='lat' dir='ltr'><strong>certus</strong></span> <span class='ocrx_word' id='word_1_136' title='bbox 1742 1311 1840 1392; x_wconf 89' lang='lat' dir='ltr'><strong>cupit.</strong></span> <span class='ocrx_word' id='word_1_137' title='bbox 1895 1313 1998 1395; x_wconf 84' lang='lat' dir='ltr'><strong>Atqui</strong></span> <span class='ocrx_word' id='word_1_138' title='bbox 2029 1312 2122 1380; x_wconf 90' lang='lat' dir='ltr'><strong>Deus</strong></span> 
     </span>
     <span class='ocr_line' id='line_1_11' title="bbox 130 1391 2123 1493; baseline 0.003 -35"><span class='ocrx_word' id='word_1_139' title='bbox 130 1415 208 1459; x_wconf 91' lang='lat' dir='ltr'><strong>uum</strong></span> <span class='ocrx_word' id='word_1_140' title='bbox 232 1395 303 1460; x_wconf 91' lang='lat' dir='ltr'><strong>eius</strong></span> <span class='ocrx_word' id='word_1_141' title='bbox 330 1416 398 1460; x_wconf 92' lang='lat' dir='ltr'><strong>non</strong></span> <span class='ocrx_word' id='word_1_142' title='bbox 425 1393 549 1460; x_wconf 86' lang='lat' dir='ltr'><strong>delore:</strong></span> <span class='ocrx_word' id='word_1_143' title='bbox 582 1415 621 1459; x_wconf 92' lang='lat' dir='ltr'><strong>ac</strong></span> <span class='ocrx_word' id='word_1_144' title='bbox 646 1395 675 1460; x_wconf 90' lang='lat' dir='ltr'><strong>si</strong></span> <span class='ocrx_word' id='word_1_145' title='bbox 702 1394 838 1460; x_wconf 90' lang='lat' dir='ltr'><strong>diceret:</strong></span> <span class='ocrx_word' id='word_1_146' title='bbox 861 1393 934 1477; x_wconf 81' lang='lat' dir='ltr'><strong>Ego</strong></span> <span class='ocrx_word' id='word_1_147' title='bbox 957 1392 1014 1476; x_wconf 90' lang='lat' dir='ltr'><strong>qui</strong></span> <span class='ocrx_word' id='word_1_148' title='bbox 1035 1392 1106 1493; x_wconf 70' lang='lat' dir='ltr'><strong>D⁰b</strong></span> <span class='ocrx_word' id='word_1_149' title='bbox 1151 1400 1266 1457; x_wconf 83' lang='lat' dir='ltr'><strong>votum</strong></span> <span class='ocrx_word' id='word_1_150' title='bbox 1289 1393 1358 1457; x_wconf 94' lang='lat' dir='ltr'><strong>eius</strong></span> <span class='ocrx_word' id='word_1_151' title='bbox 1380 1391 1576 1473; x_wconf 88' lang='lat' dir='ltr'><strong>exaudiens,</strong></span> <span class='ocrx_word' id='word_1_152' title='bbox 1600 1394 1671 1475; x_wconf 91' lang='lat' dir='ltr'><strong>ipso</strong></span> <span class='ocrx_word' id='word_1_153' title='bbox 1693 1405 1814 1460; x_wconf 85' lang='lat' dir='ltr'><strong>eventu</strong></span> <span class='ocrx_word' id='word_1_154' title='bbox 1837 1395 2039 1463; x_wconf 90' lang='lat' dir='ltr'><strong>demonstrat</strong></span> <span class='ocrx_word' id='word_1_155' title='bbox 2060 1399 2123 1466; x_wconf 92' lang='lat' dir='ltr'><strong>sibi</strong></span> 
     </span>
     <span class='ocr_line' id='line_1_12' title="bbox 129 1478 2122 1568; baseline 0.003 -24"><span class='ocrx_word' id='word_1_156' title='bbox 129 1479 285 1545; x_wconf 87' lang='lat' dir='ltr'><strong>mandato</strong></span> <span class='ocrx_word' id='word_1_157' title='bbox 311 1481 452 1564; x_wconf 89' lang='lat' dir='ltr'><strong>patriam</strong></span> <span class='ocrx_word' id='word_1_158' title='bbox 481 1479 611 1562; x_wconf 89' lang='lat' dir='ltr'><strong>reliqui,</strong></span> <span class='ocrx_word' id='word_1_159' title='bbox 643 1486 677 1544; x_wconf 92' lang='lat' dir='ltr'><strong>et</strong></span> <span class='ocrx_word' id='word_1_160' title='bbox 703 1480 796 1546; x_wconf 91' lang='lat' dir='ltr'><strong>cuius</strong></span> <span class='ocrx_word' id='word_1_161' title='bbox 824 1480 1014 1544; x_wconf 89' lang='lat' dir='ltr'><strong>continuum</strong></span> <span class='ocrx_word' id='word_1_162' title='bbox 1042 1499 1099 1544; x_wconf 90' lang='lat' dir='ltr'><strong>au·</strong></span> <span class='ocrx_word' id='word_1_163' title='bbox 1151 1487 1282 1561; x_wconf 88' lang='lat' dir='ltr'><strong>gratum</strong></span> <span class='ocrx_word' id='word_1_164' title='bbox 1305 1478 1412 1542; x_wconf 81' lang='lat' dir='ltr'><strong>fuisse.</strong></span> <span class='ocrx_word' id='word_1_165' title='bbox 1457 1478 1573 1561; x_wconf 90' lang='lat' dir='ltr'><strong>Itaque</strong></span> <span class='ocrx_word' id='word_1_166' title='bbox 1593 1479 1761 1545; x_wconf 88' lang='lat' dir='ltr'><strong>sciendum</strong></span> <span class='ocrx_word' id='word_1_167' title='bbox 1784 1489 1847 1558; x_wconf 91' lang='lat' dir='ltr'><strong>cst,</strong></span> <span class='ocrx_word' id='word_1_168' title='bbox 1877 1483 2026 1564; x_wconf 89' lang='lat' dir='ltr'><strong>quamvis</strong></span> <span class='ocrx_word' id='word_1_169' title='bbox 2049 1505 2122 1568; x_wconf 92' lang='lat' dir='ltr'><strong>spe·</strong></span> 
     </span>
     <span class='ocr_line' id='line_1_13' title="bbox 130 1563 2121 1649; baseline 0.003 -19"><span class='ocrx_word' id='word_1_170' title='bbox 130 1566 246 1631; x_wconf 91' lang='lat' dir='ltr'><strong>xilium</strong></span> <span class='ocrx_word' id='word_1_171' title='bbox 275 1587 348 1631; x_wconf 91' lang='lat' dir='ltr'><strong>sum</strong></span> <span class='ocrx_word' id='word_1_172' title='bbox 376 1574 532 1648; x_wconf 91' lang='lat' dir='ltr'><strong>expertus</strong></span> <span class='ocrx_word' id='word_1_173' title='bbox 558 1566 592 1628; x_wconf 95' lang='lat' dir='ltr'><strong>in</strong></span> <span class='ocrx_word' id='word_1_174' title='bbox 618 1585 693 1630; x_wconf 92' lang='lat' dir='ltr'><strong>maa</strong></span> <span class='ocrx_word' id='word_1_175' title='bbox 724 1565 1004 1649; x_wconf 87' lang='lat' dir='ltr'><strong>peregrinatione,</strong></span> <span class='ocrx_word' id='word_1_176' title='bbox 1033 1585 1100 1629; x_wconf 93' lang='lat' dir='ltr'><strong>nou</strong></span> <span class='ocrx_word' id='word_1_177' title='bbox 1150 1563 1241 1628; x_wconf 90' lang='lat' dir='ltr'><strong>cialis</strong></span> <span class='ocrx_word' id='word_1_178' title='bbox 1269 1565 1440 1647; x_wconf 89' lang='lat' dir='ltr'><strong>promissio</strong></span> <span class='ocrx_word' id='word_1_179' title='bbox 1468 1564 1503 1628; x_wconf 94' lang='lat' dir='ltr'><strong>in</strong></span> <span class='ocrx_word' id='word_1_180' title='bbox 1532 1573 1686 1648; x_wconf 91' lang='lat' dir='ltr'><strong>promptu</strong></span> <span class='ocrx_word' id='word_1_181' title='bbox 1708 1585 1772 1630; x_wconf 91' lang='lat' dir='ltr'><strong>non</strong></span> <span class='ocrx_word' id='word_1_182' title='bbox 1795 1575 1955 1648; x_wconf 87' lang='lat' dir='ltr'><strong>exstaret,</strong></span> <span class='ocrx_word' id='word_1_183' title='bbox 1989 1591 2121 1636; x_wconf 85' lang='lat' dir='ltr'><strong>servum</strong></span> 
     </span>
     <span class='ocr_line' id='line_1_14' title="bbox 129 1649 2121 1735; baseline 0.005 -21"><span class='ocrx_word' id='word_1_184' title='bbox 129 1650 243 1716; x_wconf 89' lang='lat' dir='ltr'><strong>dubito</strong></span> <span class='ocrx_word' id='word_1_185' title='bbox 265 1650 404 1716; x_wconf 91' lang='lat' dir='ltr'><strong>eundem</strong></span> <span class='ocrx_word' id='word_1_186' title='bbox 423 1653 491 1716; x_wconf 91' lang='lat' dir='ltr'><strong>fore</strong></span> <span class='ocrx_word' id='word_1_187' title='bbox 513 1651 641 1716; x_wconf 89' lang='lat' dir='ltr'><strong>itineris</strong></span> <span class='ocrx_word' id='word_1_188' title='bbox 658 1651 708 1714; x_wconf 93' lang='lat' dir='ltr'><strong>tui</strong></span> <span class='ocrx_word' id='word_1_189' title='bbox 730 1650 999 1735; x_wconf 82' lang='lat' dir='ltr'><strong>gubernatorem:</strong></span> <span class='ocrx_word' id='word_1_190' title='bbox 1023 1649 1101 1733; x_wconf 93' lang='lat' dir='ltr'><strong>quia</strong></span> <span class='ocrx_word' id='word_1_191' title='bbox 1151 1656 1261 1714; x_wconf 88' lang='lat' dir='ltr'><strong>tamen</strong></span> <span class='ocrx_word' id='word_1_192' title='bbox 1284 1669 1350 1714; x_wconf 90' lang='lat' dir='ltr'><strong>uon</strong></span> <span class='ocrx_word' id='word_1_193' title='bbox 1372 1657 1494 1714; x_wconf 90' lang='lat' dir='ltr'><strong>temere</strong></span> <span class='ocrx_word' id='word_1_194' title='bbox 1516 1671 1577 1716; x_wconf 92' lang='lat' dir='ltr'><strong>nec</strong></span> <span class='ocrx_word' id='word_1_195' title='bbox 1594 1671 1654 1734; x_wconf 90' lang='lat' dir='ltr'><strong>pro</strong></span> <span class='ocrx_word' id='word_1_196' title='bbox 1677 1652 1783 1717; x_wconf 89' lang='lat' dir='ltr'><strong>carnis</strong></span> <span class='ocrx_word' id='word_1_197' title='bbox 1801 1651 1935 1718; x_wconf 85' lang='lat' dir='ltr'><strong>libidine</strong></span> <span class='ocrx_word' id='word_1_198' title='bbox 1953 1655 1999 1718; x_wconf 91' lang='lat' dir='ltr'><strong>sic</strong></span> <span class='ocrx_word' id='word_1_199' title='bbox 2020 1656 2121 1723; x_wconf 84' lang='lat' dir='ltr'><strong>fuisse</strong></span> 
     </span>
     <span class='ocr_line' id='line_1_15' title="bbox 128 1733 2120 1822; baseline 0.004 -22"><span class='ocrx_word' id='word_1_200' title='bbox 128 1737 196 1800; x_wconf 89' lang='lat' dir='ltr'><strong>sins</strong></span> <span class='ocrx_word' id='word_1_201' title='bbox 219 1737 434 1820; x_wconf 91' lang='lat' dir='ltr'><strong>promissione</strong></span> <span class='ocrx_word' id='word_1_202' title='bbox 455 1737 558 1802; x_wconf 83' lang='lat' dir='ltr'><strong>frctus</strong></span> <span class='ocrx_word' id='word_1_203' title='bbox 575 1736 636 1802; x_wconf 93' lang='lat' dir='ltr'><strong>hoc</strong></span> <span class='ocrx_word' id='word_1_204' title='bbox 658 1737 717 1801; x_wconf 91' lang='lat' dir='ltr'><strong>tibi</strong></span> <span class='ocrx_word' id='word_1_205' title='bbox 739 1735 932 1802; x_wconf 90' lang='lat' dir='ltr'><strong>mandatum</strong></span> <span class='ocrx_word' id='word_1_206' title='bbox 953 1735 1098 1818; x_wconf 88' lang='lat' dir='ltr'><strong>iniungo.</strong></span> <span class='ocrx_word' id='word_1_207' title='bbox 1150 1743 1317 1817; x_wconf 90' lang='lat' dir='ltr'><strong>precatum</strong></span> <span class='ocrx_word' id='word_1_208' title='bbox 1336 1733 1393 1800; x_wconf 91' lang='lat' dir='ltr'><strong>sed</strong></span> <span class='ocrx_word' id='word_1_209' title='bbox 1411 1755 1530 1800; x_wconf 89' lang='lat' dir='ltr'><strong>arcanc</strong></span> <span class='ocrx_word' id='word_1_210' title='bbox 1547 1737 1681 1819; x_wconf 89' lang='lat' dir='ltr'><strong>spiritus</strong></span> <span class='ocrx_word' id='word_1_211' title='bbox 1699 1738 1865 1804; x_wconf 91' lang='lat' dir='ltr'><strong>instinctu.</strong></span> <span class='ocrx_word' id='word_1_212' title='bbox 1900 1739 2015 1822; x_wconf 89' lang='lat' dir='ltr'><strong>Neque</strong></span> <span class='ocrx_word' id='word_1_213' title='bbox 2032 1743 2120 1807; x_wconf 90' lang='lat' dir='ltr'><strong>enim</strong></span> 
     </span>
     <span class='ocr_line' id='line_1_16' title="bbox 126 1819 2120 1909; baseline 0.003 -23"><span class='ocrx_word' id='word_1_214' title='bbox 126 1821 264 1887; x_wconf 85' lang='lat' dir='ltr'><strong>Modum</strong></span> <span class='ocrx_word' id='word_1_215' title='bbox 287 1822 422 1888; x_wconf 87' lang='lat' dir='ltr'><strong>iuvandi</strong></span> <span class='ocrx_word' id='word_1_216' title='bbox 444 1821 611 1906; x_wconf 79' lang='lat' dir='ltr'><strong>designat,</strong></span> <span class='ocrx_word' id='word_1_217' title='bbox 626 1821 711 1904; x_wconf 91' lang='lat' dir='ltr'><strong>quod</strong></span> <span class='ocrx_word' id='word_1_218' title='bbox 735 1821 825 1886; x_wconf 90' lang='lat' dir='ltr'><strong>Deus</strong></span> <span class='ocrx_word' id='word_1_219' title='bbox 847 1821 999 1906; x_wconf 86' lang='lat' dir='ltr'><strong>angelum</strong></span> <span class='ocrx_word' id='word_1_220' title='bbox 1021 1822 1099 1886; x_wconf 90' lang='lat' dir='ltr'><strong>mis·</strong></span> <span class='ocrx_word' id='word_1_221' title='bbox 1150 1819 1257 1885; x_wconf 89' lang='lat' dir='ltr'><strong>obstat</strong></span> <span class='ocrx_word' id='word_1_222' title='bbox 1279 1819 1334 1885; x_wconf 88' lang='lat' dir='ltr'><strong>lex</strong></span> <span class='ocrx_word' id='word_1_223' title='bbox 1358 1823 1622 1905; x_wconf 84' lang='lat' dir='ltr'><strong>communisque</strong></span> <span class='ocrx_word' id='word_1_224' title='bbox 1650 1821 1793 1888; x_wconf 89' lang='lat' dir='ltr'><strong>devincti</strong></span> <span class='ocrx_word' id='word_1_225' title='bbox 1824 1833 1902 1889; x_wconf 89' lang='lat' dir='ltr'><strong>sunt</strong></span> <span class='ocrx_word' id='word_1_226' title='bbox 1930 1845 2043 1892; x_wconf 91' lang='lat' dir='ltr'><strong>omnes</strong></span> <span class='ocrx_word' id='word_1_227' title='bbox 2065 1828 2120 1909; x_wconf 91' lang='lat' dir='ltr'><strong>pii,</strong></span> 
     </span>
     <span class='ocr_line' id='line_1_17' title="bbox 128 1906 2120 1992; baseline 0.003 -20"><span class='ocrx_word' id='word_1_228' title='bbox 128 1929 227 1973; x_wconf 89' lang='lat' dir='ltr'><strong>surus</strong></span> <span class='ocrx_word' id='word_1_229' title='bbox 250 1908 308 1972; x_wconf 90' lang='lat' dir='ltr'><strong>sit:</strong></span> <span class='ocrx_word' id='word_1_230' title='bbox 339 1909 415 1990; x_wconf 90' lang='lat' dir='ltr'><strong>quia</strong></span> <span class='ocrx_word' id='word_1_231' title='bbox 437 1908 560 1974; x_wconf 83' lang='lat' dir='ltr'><strong>sciebat</strong></span> <span class='ocrx_word' id='word_1_232' title='bbox 582 1906 771 1992; x_wconf 89' lang='lat' dir='ltr'><strong>angelorum</strong></span> <span class='ocrx_word' id='word_1_233' title='bbox 794 1927 893 1991; x_wconf 89' lang='lat' dir='ltr'><strong>opera</strong></span> <span class='ocrx_word' id='word_1_234' title='bbox 914 1908 981 1972; x_wconf 90' lang='lat' dir='ltr'><strong>suis</strong></span> <span class='ocrx_word' id='word_1_235' title='bbox 1004 1927 1098 1990; x_wconf 90' lang='lat' dir='ltr'><strong>opem</strong></span> <span class='ocrx_word' id='word_1_236' title='bbox 1150 1907 1228 1988; x_wconf 89' lang='lat' dir='ltr'><strong>quin</strong></span> <span class='ocrx_word' id='word_1_237' title='bbox 1259 1906 1435 1983; x_wconf 89' lang='lat' dir='ltr'><strong>Dominus,</strong></span> <span class='ocrx_word' id='word_1_238' title='bbox 1470 1907 1527 1972; x_wconf 91' lang='lat' dir='ltr'><strong>ubi</strong></span> <span class='ocrx_word' id='word_1_239' title='bbox 1561 1907 1683 1990; x_wconf 90' lang='lat' dir='ltr'><strong>aliquid</strong></span> <span class='ocrx_word' id='word_1_240' title='bbox 1717 1908 2013 1975; x_wconf 86' lang='lat' dir='ltr'><strong>extraordinarium</strong></span> <span class='ocrx_word' id='word_1_241' title='bbox 2042 1911 2120 1978; x_wconf 89' lang='lat' dir='ltr'><strong>dare</strong></span> 
     </span>
     <span class='ocr_line' id='line_1_18' title="bbox 126 1991 2121 2079; baseline 0.003 -22"><span class='ocrx_word' id='word_1_242' title='bbox 126 1993 229 2070; x_wconf 78' lang='lat' dir='ltr'><strong>serre,</strong></span> <span class='ocrx_word' id='word_1_243' title='bbox 269 1993 369 2076; x_wconf 93' lang='lat' dir='ltr'><strong>idque</strong></span> <span class='ocrx_word' id='word_1_244' title='bbox 406 1995 474 2059; x_wconf 90' lang='lat' dir='ltr'><strong>iam</strong></span> <span class='ocrx_word' id='word_1_245' title='bbox 513 1992 626 2058; x_wconf 90' lang='lat' dir='ltr'><strong>multis</strong></span> <span class='ocrx_word' id='word_1_246' title='bbox 658 1992 862 2059; x_wconf 89' lang='lat' dir='ltr'><strong>documentis</strong></span> <span class='ocrx_word' id='word_1_247' title='bbox 894 1999 1098 2076; x_wconf 87' lang='lat' dir='ltr'><strong>cognoverat.</strong></span> <span class='ocrx_word' id='word_1_248' title='bbox 1150 1991 1337 2070; x_wconf 89' lang='lat' dir='ltr'><strong>constituit,</strong></span> <span class='ocrx_word' id='word_1_249' title='bbox 1365 1991 1444 2058; x_wconf 91' lang='lat' dir='ltr'><strong>illuc</strong></span> <span class='ocrx_word' id='word_1_250' title='bbox 1473 2012 1602 2075; x_wconf 90' lang='lat' dir='ltr'><strong>quoquc</strong></span> <span class='ocrx_word' id='word_1_251' title='bbox 1623 2013 1738 2058; x_wconf 84' lang='lat' dir='ltr'><strong>servos</strong></span> <span class='ocrx_word' id='word_1_252' title='bbox 1759 2014 1834 2060; x_wconf 92' lang='lat' dir='ltr'><strong>suos</strong></span> <span class='ocrx_word' id='word_1_253' title='bbox 1861 1995 2022 2079; x_wconf 91' lang='lat' dir='ltr'><strong>impellat:</strong></span> <span class='ocrx_word' id='word_1_254' title='bbox 2053 2019 2121 2063; x_wconf 90' lang='lat' dir='ltr'><strong>non</strong></span> 
     </span>
     <span class='ocr_line' id='line_1_19' title="bbox 125 2076 2121 2163; baseline 0.002 -19"><span class='ocrx_word' id='word_1_255' title='bbox 125 2079 235 2144; x_wconf 89' lang='lat' dir='ltr'><strong>Deum</strong></span> <span class='ocrx_word' id='word_1_256' title='bbox 260 2080 341 2144; x_wconf 90' lang='lat' dir='ltr'><strong>coeli</strong></span> <span class='ocrx_word' id='word_1_257' title='bbox 363 2079 522 2155; x_wconf 88' lang='lat' dir='ltr'><strong>vocando,</strong></span> <span class='ocrx_word' id='word_1_258' title='bbox 544 2078 688 2144; x_wconf 86' lang='lat' dir='ltr'><strong>celebrat</strong></span> <span class='ocrx_word' id='word_1_259' title='bbox 709 2081 780 2143; x_wconf 92' lang='lat' dir='ltr'><strong>eius</strong></span> <span class='ocrx_word' id='word_1_260' title='bbox 800 2079 994 2162; x_wconf 90' lang='lat' dir='ltr'><strong>potentiam,</strong></span> <span class='ocrx_word' id='word_1_261' title='bbox 1016 2099 1099 2161; x_wconf 90' lang='lat' dir='ltr'><strong>quac</strong></span> <span class='ocrx_word' id='word_1_262' title='bbox 1150 2076 1236 2160; x_wconf 92' lang='lat' dir='ltr'><strong>quod</strong></span> <span class='ocrx_word' id='word_1_263' title='bbox 1257 2099 1312 2142; x_wconf 92' lang='lat' dir='ltr'><strong>eos</strong></span> <span class='ocrx_word' id='word_1_264' title='bbox 1335 2076 1474 2144; x_wconf 90' lang='lat' dir='ltr'><strong>abducat</strong></span> <span class='ocrx_word' id='word_1_265' title='bbox 1496 2099 1515 2142; x_wconf 90' lang='lat' dir='ltr'><strong>a</strong></span> <span class='ocrx_word' id='word_1_266' title='bbox 1537 2078 1636 2144; x_wconf 84' lang='lat' dir='ltr'><strong>verbo</strong></span> <span class='ocrx_word' id='word_1_267' title='bbox 1658 2100 1732 2157; x_wconf 93' lang='lat' dir='ltr'><strong>suc,</strong></span> <span class='ocrx_word' id='word_1_268' title='bbox 1756 2079 1813 2146; x_wconf 90' lang='lat' dir='ltr'><strong>sed</strong></span> <span class='ocrx_word' id='word_1_269' title='bbox 1835 2089 1965 2146; x_wconf 91' lang='lat' dir='ltr'><strong>tantum</strong></span> <span class='ocrx_word' id='word_1_270' title='bbox 1987 2083 2064 2163; x_wconf 92' lang='lat' dir='ltr'><strong>quia</strong></span> <span class='ocrx_word' id='word_1_271' title='bbox 2084 2085 2121 2148; x_wconf 92' lang='lat' dir='ltr'><strong>in</strong></span> 
     </span>
     <span class='ocr_line' id='line_1_20' title="bbox 125 2163 2121 2248; baseline 0.003 -20"><span class='ocrx_word' id='word_1_272' title='bbox 125 2164 265 2231; x_wconf 87' lang='lat' dir='ltr'><strong>fiduciae</strong></span> <span class='ocrx_word' id='word_1_273' title='bbox 288 2166 457 2230; x_wconf 89' lang='lat' dir='ltr'><strong>materiam</strong></span> <span class='ocrx_word' id='word_1_274' title='bbox 481 2163 587 2230; x_wconf 88' lang='lat' dir='ltr'><strong>dabat.</strong></span> <span class='ocrx_word' id='word_1_275' title='bbox 1149 2163 1254 2229; x_wconf 84' lang='lat' dir='ltr'><strong>forma</strong></span> <span class='ocrx_word' id='word_1_276' title='bbox 1286 2163 1400 2227; x_wconf 90' lang='lat' dir='ltr'><strong>orandi</strong></span> <span class='ocrx_word' id='word_1_277' title='bbox 1430 2163 1597 2247; x_wconf 89' lang='lat' dir='ltr'><strong>singulare</strong></span> <span class='ocrx_word' id='word_1_278' title='bbox 1624 2165 1745 2248; x_wconf 90' lang='lat' dir='ltr'><strong>aliquid</strong></span> <span class='ocrx_word' id='word_1_279' title='bbox 1774 2165 1932 2232; x_wconf 89' lang='lat' dir='ltr'><strong>concedit.</strong></span> <span class='ocrx_word' id='word_1_280' title='bbox 1983 2167 2121 2234; x_wconf 89' lang='lat' dir='ltr'><strong>Summa</strong></span> 
     </span>
     <span class='ocr_line' id='line_1_21' title="bbox 215 2248 2121 2338; baseline 0.003 -24"><span class='ocrx_word' id='word_1_281' title='bbox 215 2249 265 2315; x_wconf 89' lang='lat'><strong>10.</strong></span> <span class='ocrx_word' id='word_1_282' title='bbox 289 2248 334 2315; x_wconf 77' lang='lat' dir='ltr'><strong>at</strong></span> <span class='ocrx_word' id='word_1_283' title='bbox 361 2250 476 2332; x_wconf 76' lang='lat' dir='ltr'><strong>occepit</strong></span> <span class='ocrx_word' id='word_1_284' title='bbox 501 2271 611 2316; x_wconf 73' lang='lat' dir='ltr'><strong>sermea</strong></span> <span class='ocrx_word' id='word_1_285' title='bbox 638 2251 739 2316; x_wconf 82' lang='lat' dir='ltr'><strong>decem</strong></span> <span class='ocrx_word' id='word_1_286' title='bbox 765 2250 904 2315; x_wconf 72' lang='lat' dir='ltr'><strong>oomebc.</strong></span> <span class='ocrx_word' id='word_1_287' title='bbox 948 2248 1099 2314; x_wconf 81' lang='lat' dir='ltr'><strong>(lamelos</strong></span> <span class='ocrx_word' id='word_1_288' title='bbox 1150 2256 1262 2314; x_wconf 88' lang='lat' dir='ltr'><strong>autem</strong></span> <span class='ocrx_word' id='word_1_289' title='bbox 1284 2257 1348 2326; x_wconf 90' lang='lat' dir='ltr'><strong>est,</strong></span> <span class='ocrx_word' id='word_1_290' title='bbox 1373 2248 1529 2326; x_wconf 90' lang='lat' dir='ltr'><strong>Domine,</strong></span> <span class='ocrx_word' id='word_1_291' title='bbox 1552 2250 1580 2314; x_wconf 91' lang='lat' dir='ltr'><strong>si</strong></span> <span class='ocrx_word' id='word_1_292' title='bbox 1605 2264 1753 2316; x_wconf 90' lang='lat' dir='ltr'><strong>occurret</strong></span> <span class='ocrx_word' id='word_1_293' title='bbox 1774 2252 1882 2336; x_wconf 88' lang='lat' dir='ltr'><strong>puella</strong></span> <span class='ocrx_word' id='word_1_294' title='bbox 1905 2273 1987 2335; x_wconf 91' lang='lat' dir='ltr'><strong>quac</strong></span> <span class='ocrx_word' id='word_1_295' title='bbox 2007 2264 2121 2338; x_wconf 89' lang='lat' dir='ltr'><strong>rogata</strong></span> 
     </span>
     <span class='ocr_line' id='line_1_22' title="bbox 125 2333 2121 2421; baseline 0.003 -21"><span class='ocrx_word' id='word_1_296' title='bbox 125 2343 247 2400; x_wconf 86' lang='lat' dir='ltr'><strong>secum&#39;</strong></span> <span class='ocrx_word' id='word_1_297' title='bbox 272 2333 415 2415; x_wconf 90' lang='lat' dir='ltr'><strong>deducit,</strong></span> <span class='ocrx_word' id='word_1_298' title='bbox 448 2337 503 2419; x_wconf 92' lang='lat' dir='ltr'><strong>qui</strong></span> <span class='ocrx_word' id='word_1_299' title='bbox 536 2344 698 2401; x_wconf 89' lang='lat' dir='ltr'><strong>testentur</strong></span> <span class='ocrx_word' id='word_1_300' title='bbox 731 2334 900 2401; x_wconf 87' lang='lat' dir='ltr'><strong>Abraham</strong></span> <span class='ocrx_word' id='word_1_301' title='bbox 933 2333 1099 2400; x_wconf 91' lang='lat' dir='ltr'><strong>homiuem</strong></span> <span class='ocrx_word' id='word_1_302' title='bbox 1150 2342 1186 2400; x_wconf 91' lang='lat' dir='ltr'><strong>ut</strong></span> <span class='ocrx_word' id='word_1_303' title='bbox 1207 2344 1321 2416; x_wconf 89' lang='lat' dir='ltr'><strong>potum</strong></span> <span class='ocrx_word' id='word_1_304' title='bbox 1343 2335 1425 2399; x_wconf 91' lang='lat' dir='ltr'><strong>mihi</strong></span> <span class='ocrx_word' id='word_1_305' title='bbox 1448 2335 1618 2417; x_wconf 89' lang='lat' dir='ltr'><strong>praebeat,</strong></span> <span class='ocrx_word' id='word_1_306' title='bbox 1646 2337 1745 2401; x_wconf 88' lang='lat' dir='ltr'><strong>ctiam</strong></span> <span class='ocrx_word' id='word_1_307' title='bbox 1767 2336 1908 2421; x_wconf 86' lang='lat' dir='ltr'><strong>benigne</strong></span> <span class='ocrx_word' id='word_1_308' title='bbox 1930 2345 1965 2403; x_wconf 93' lang='lat' dir='ltr'><strong>et</strong></span> <span class='ocrx_word' id='word_1_309' title='bbox 1985 2341 2121 2405; x_wconf 89' lang='lat' dir='ltr'><strong>comiter</strong></span> 
     </span>
     <span class='ocr_line' id='line_1_23' title="bbox 124 2419 2121 2505; baseline 0.002 -19"><span class='ocrx_word' id='word_1_310' title='bbox 124 2441 195 2486; x_wconf 88' lang='lat' dir='ltr'><strong>esse</strong></span> <span class='ocrx_word' id='word_1_311' title='bbox 220 2421 357 2486; x_wconf 83' lang='lat' dir='ltr'><strong>divitem</strong></span> <span class='ocrx_word' id='word_1_312' title='bbox 379 2437 412 2486; x_wconf 88' lang='lat' dir='ltr'><strong>et</strong></span> <span class='ocrx_word' id='word_1_313' title='bbox 433 2421 607 2504; x_wconf 88' lang='lat' dir='ltr'><strong>copiosum,</strong></span> <span class='ocrx_word' id='word_1_314' title='bbox 630 2432 670 2485; x_wconf 87' lang='lat' dir='ltr'><strong>ut</strong></span> <span class='ocrx_word' id='word_1_315' title='bbox 689 2420 817 2487; x_wconf 82' lang='lat' dir='ltr'><strong>facilius</strong></span> <span class='ocrx_word' id='word_1_316' title='bbox 839 2421 992 2504; x_wconf 91' lang='lat' dir='ltr'><strong>impetrat</strong></span> <span class='ocrx_word' id='word_1_317' title='bbox 1013 2419 1098 2503; x_wconf 92' lang='lat' dir='ltr'><strong>quod</strong></span> <span class='ocrx_word' id='word_1_318' title='bbox 1150 2419 1266 2485; x_wconf 81' lang='lat' dir='ltr'><strong>offerat</strong></span> <span class='ocrx_word' id='word_1_319' title='bbox 1287 2419 1419 2486; x_wconf 91' lang='lat' dir='ltr'><strong>camelis</strong></span> <span class='ocrx_word' id='word_1_320' title='bbox 1439 2420 1539 2498; x_wconf 91' lang='lat' dir='ltr'><strong>meis,</strong></span> <span class='ocrx_word' id='word_1_321' title='bbox 1568 2421 1654 2489; x_wconf 90' lang='lat' dir='ltr'><strong>hauc</strong></span> <span class='ocrx_word' id='word_1_322' title='bbox 1676 2443 1735 2505; x_wconf 89' lang='lat' dir='ltr'><strong>ego</strong></span> <span class='ocrx_word' id='word_1_323' title='bbox 1764 2430 1872 2504; x_wconf 88' lang='lat' dir='ltr'><strong>petam</strong></span> <span class='ocrx_word' id='word_1_324' title='bbox 1901 2444 2040 2489; x_wconf 89' lang='lat' dir='ltr'><strong>uxorem</strong></span> <span class='ocrx_word' id='word_1_325' title='bbox 2063 2424 2121 2490; x_wconf 93' lang='lat' dir='ltr'><strong>do-</strong></span> 
     </span>
     <span class='ocr_line' id='line_1_24' title="bbox 123 2505 2120 2591; baseline 0.002 -19"><span class='ocrx_word' id='word_1_326' title='bbox 123 2508 224 2590; x_wconf 88' lang='lat' dir='ltr'><strong>cupit.</strong></span> <span class='ocrx_word' id='word_1_327' title='bbox 281 2506 396 2589; x_wconf 89' lang='lat' dir='ltr'><strong>Neque</strong></span> <span class='ocrx_word' id='word_1_328' title='bbox 434 2509 522 2571; x_wconf 89' lang='lat' dir='ltr'><strong>enim</strong></span> <span class='ocrx_word' id='word_1_329' title='bbox 561 2509 706 2591; x_wconf 90' lang='lat' dir='ltr'><strong>ingenua</strong></span> <span class='ocrx_word' id='word_1_330' title='bbox 737 2507 846 2589; x_wconf 89' lang='lat' dir='ltr'><strong>puella</strong></span> <span class='ocrx_word' id='word_1_331' title='bbox 877 2505 972 2571; x_wconf 78' lang='lat' dir='ltr'><strong>facile</strong></span> <span class='ocrx_word' id='word_1_332' title='bbox 1003 2524 1099 2588; x_wconf 89' lang='lat' dir='ltr'><strong>passa</strong></span> <span class='ocrx_word' id='word_1_333' title='bbox 1149 2506 1239 2571; x_wconf 91' lang='lat' dir='ltr'><strong>mino</strong></span> <span class='ocrx_word' id='word_1_334' title='bbox 1267 2525 1340 2570; x_wconf 91' lang='lat' dir='ltr'><strong>mec</strong></span> <span class='ocrx_word' id='word_1_335' title='bbox 1368 2505 1475 2583; x_wconf 86' lang='lat' dir='ltr'><strong>Isaac,</strong></span> <span class='ocrx_word' id='word_1_336' title='bbox 1508 2526 1546 2572; x_wconf 90' lang='lat' dir='ltr'><strong>ac</strong></span> <span class='ocrx_word' id='word_1_337' title='bbox 1568 2508 1596 2572; x_wconf 93' lang='lat' dir='ltr'><strong>si</strong></span> <span class='ocrx_word' id='word_1_338' title='bbox 1624 2507 1708 2572; x_wconf 91' lang='lat' dir='ltr'><strong>mihi</strong></span> <span class='ocrx_word' id='word_1_339' title='bbox 1737 2508 1795 2574; x_wconf 91' lang='lat' dir='ltr'><strong>abs</strong></span> <span class='ocrx_word' id='word_1_340' title='bbox 1824 2517 1856 2572; x_wconf 88' lang='lat' dir='ltr'><strong>ta</strong></span> <span class='ocrx_word' id='word_1_341' title='bbox 1886 2507 1926 2572; x_wconf 93' lang='lat' dir='ltr'><strong>de</strong></span> <span class='ocrx_word' id='word_1_342' title='bbox 1955 2529 2054 2574; x_wconf 91' lang='lat' dir='ltr'><strong>manu</strong></span> <span class='ocrx_word' id='word_1_343' title='bbox 2084 2511 2120 2576; x_wconf 92' lang='lat' dir='ltr'><strong>in</strong></span> 
     </span>
     <span class='ocr_line' id='line_1_25' title="bbox 122 2589 2119 2677; baseline 0.002 -21"><span class='ocrx_word' id='word_1_344' title='bbox 122 2593 206 2658; x_wconf 85' lang='lat' dir='ltr'><strong>foret</strong></span> <span class='ocrx_word' id='word_1_345' title='bbox 229 2591 266 2657; x_wconf 91' lang='lat' dir='ltr'><strong>iu</strong></span> <span class='ocrx_word' id='word_1_346' title='bbox 289 2592 502 2676; x_wconf 89' lang='lat' dir='ltr'><strong>longinquam</strong></span> <span class='ocrx_word' id='word_1_347' title='bbox 520 2593 685 2677; x_wconf 85' lang='lat' dir='ltr'><strong>regionem</strong></span> <span class='ocrx_word' id='word_1_348' title='bbox 704 2614 739 2658; x_wconf 92' lang='lat' dir='ltr'><strong>sc</strong></span> <span class='ocrx_word' id='word_1_349' title='bbox 760 2592 907 2657; x_wconf 86' lang='lat' dir='ltr'><strong>abstrahi</strong></span> <span class='ocrx_word' id='word_1_350' title='bbox 924 2591 988 2656; x_wconf 90' lang='lat' dir='ltr'><strong>nisi</strong></span> <span class='ocrx_word' id='word_1_351' title='bbox 1010 2612 1097 2657; x_wconf 93' lang='lat' dir='ltr'><strong>com·</strong></span> <span class='ocrx_word' id='word_1_352' title='bbox 1149 2611 1283 2656; x_wconf 89' lang='lat' dir='ltr'><strong>manum</strong></span> <span class='ocrx_word' id='word_1_353' title='bbox 1323 2589 1443 2656; x_wconf 91' lang='lat' dir='ltr'><strong>tradita</strong></span> <span class='ocrx_word' id='word_1_354' title='bbox 1481 2592 1571 2656; x_wconf 83' lang='lat' dir='ltr'><strong>foret.</strong></span> <span class='ocrx_word' id='word_1_355' title='bbox 1634 2592 1776 2658; x_wconf 82' lang='lat' dir='ltr'><strong>Videtur</strong></span> <span class='ocrx_word' id='word_1_356' title='bbox 1814 2593 1945 2676; x_wconf 90' lang='lat' dir='ltr'><strong>quidem</strong></span> <span class='ocrx_word' id='word_1_357' title='bbox 1986 2593 2119 2660; x_wconf 90' lang='lat' dir='ltr'><strong>dubiam</strong></span> 
     </span>
     <span class='ocr_line' id='line_1_26' title="bbox 120 2675 2119 2762; baseline 0.002 -19"><span class='ocrx_word' id='word_1_358' title='bbox 120 2677 223 2743; x_wconf 90' lang='lat' dir='ltr'><strong>moda</strong></span> <span class='ocrx_word' id='word_1_359' title='bbox 241 2679 329 2744; x_wconf 82' lang='lat' dir='ltr'><strong>vitae</strong></span> <span class='ocrx_word' id='word_1_360' title='bbox 346 2679 471 2742; x_wconf 90' lang='lat' dir='ltr'><strong>ratione</strong></span> <span class='ocrx_word' id='word_1_361' title='bbox 483 2681 655 2761; x_wconf 88' lang='lat' dir='ltr'><strong>proposita.</strong></span> <span class='ocrx_word' id='word_1_362' title='bbox 686 2677 799 2762; x_wconf 91' lang='lat' dir='ltr'><strong>Ipsum</strong></span> <span class='ocrx_word' id='word_1_363' title='bbox 817 2697 876 2760; x_wconf 88' lang='lat' dir='ltr'><strong>per</strong></span> <span class='ocrx_word' id='word_1_364' title='bbox 891 2697 926 2742; x_wconf 92' lang='lat' dir='ltr'><strong>se</strong></span> <span class='ocrx_word' id='word_1_365' title='bbox 943 2677 1095 2742; x_wconf 83' lang='lat' dir='ltr'><strong>exsilium</strong></span> <span class='ocrx_word' id='word_1_366' title='bbox 1148 2677 1364 2742; x_wconf 88' lang='lat' dir='ltr'><strong>coniecturam</strong></span> <span class='ocrx_word' id='word_1_367' title='bbox 1387 2677 1545 2760; x_wconf 88' lang='lat' dir='ltr'><strong>arripere:</strong></span> <span class='ocrx_word' id='word_1_368' title='bbox 1568 2675 1625 2744; x_wconf 90' lang='lat' dir='ltr'><strong>scd</strong></span> <span class='ocrx_word' id='word_1_369' title='bbox 1647 2679 1723 2761; x_wconf 91' lang='lat' dir='ltr'><strong>quia</strong></span> <span class='ocrx_word' id='word_1_370' title='bbox 1739 2679 1774 2742; x_wconf 91' lang='lat' dir='ltr'><strong>in</strong></span> <span class='ocrx_word' id='word_1_371' title='bbox 1793 2680 1855 2745; x_wconf 93' lang='lat' dir='ltr'><strong>Dei</strong></span> <span class='ocrx_word' id='word_1_372' title='bbox 1878 2678 2119 2762; x_wconf 83' lang='lat' dir='ltr'><strong>providentiam</strong></span> 
     </span>
     <span class='ocr_line' id='line_1_27' title="bbox 122 2761 2118 2848; baseline 0.002 -19"><span class='ocrx_word' id='word_1_373' title='bbox 122 2766 204 2830; x_wconf 88' lang='lat' dir='ltr'><strong>satis</strong></span> <span class='ocrx_word' id='word_1_374' title='bbox 234 2765 327 2830; x_wconf 85' lang='lat' dir='ltr'><strong>triste</strong></span> <span class='ocrx_word' id='word_1_375' title='bbox 356 2773 421 2841; x_wconf 90' lang='lat' dir='ltr'><strong>est,</strong></span> <span class='ocrx_word' id='word_1_376' title='bbox 453 2771 491 2828; x_wconf 89' lang='lat' dir='ltr'><strong>ut</strong></span> <span class='ocrx_word' id='word_1_377' title='bbox 523 2774 696 2848; x_wconf 85' lang='lat' dir='ltr'><strong>paupertas</strong></span> <span class='ocrx_word' id='word_1_378' title='bbox 724 2783 831 2828; x_wconf 91' lang='lat' dir='ltr'><strong>comes</strong></span> <span class='ocrx_word' id='word_1_379' title='bbox 858 2783 927 2826; x_wconf 91' lang='lat' dir='ltr'><strong>non</strong></span> <span class='ocrx_word' id='word_1_380' title='bbox 955 2763 1094 2828; x_wconf 89' lang='lat' dir='ltr'><strong>accedat.</strong></span> <span class='ocrx_word' id='word_1_381' title='bbox 1147 2761 1323 2842; x_wconf 89' lang='lat' dir='ltr'><strong>recumbit,</strong></span> <span class='ocrx_word' id='word_1_382' title='bbox 1351 2769 1440 2828; x_wconf 90' lang='lat' dir='ltr'><strong>certo</strong></span> <span class='ocrx_word' id='word_1_383' title='bbox 1471 2782 1645 2845; x_wconf 83' lang='lat' dir='ltr'><strong>persuasus</strong></span> <span class='ocrx_word' id='word_1_384' title='bbox 1674 2772 1724 2830; x_wconf 88' lang='lat' dir='ltr'><strong>cst</strong></span> <span class='ocrx_word' id='word_1_385' title='bbox 1755 2763 1817 2830; x_wconf 93' lang='lat' dir='ltr'><strong>sibi</strong></span> <span class='ocrx_word' id='word_1_386' title='bbox 1849 2765 2005 2830; x_wconf 90' lang='lat' dir='ltr'><strong>indicium</strong></span> <span class='ocrx_word' id='word_1_387' title='bbox 2037 2766 2118 2832; x_wconf 92' lang='lat' dir='ltr'><strong>illud</strong></span> 
     </span>
     <span class='ocr_line' id='line_1_28' title="bbox 119 2847 2116 2935; baseline 0.002 -21"><span class='ocrx_word' id='word_1_388' title='bbox 119 2849 213 2932; x_wconf 84' lang='lat' dir='ltr'><strong>Ergo</strong></span> <span class='ocrx_word' id='word_1_389' title='bbox 249 2871 290 2914; x_wconf 92' lang='lat' dir='ltr'><strong>ne</strong></span> <span class='ocrx_word' id='word_1_390' title='bbox 322 2860 411 2914; x_wconf 90' lang='lat' dir='ltr'><strong>metu</strong></span> <span class='ocrx_word' id='word_1_391' title='bbox 444 2849 570 2932; x_wconf 91' lang='lat' dir='ltr'><strong>inopiae</strong></span> <span class='ocrx_word' id='word_1_392' title='bbox 603 2850 823 2916; x_wconf 88' lang='lat' dir='ltr'><strong>absterreatur</strong></span> <span class='ocrx_word' id='word_1_393' title='bbox 853 2847 977 2931; x_wconf 90' lang='lat' dir='ltr'><strong>puella,</strong></span> <span class='ocrx_word' id='word_1_394' title='bbox 1016 2848 1094 2931; x_wconf 89' lang='lat' dir='ltr'><strong>quin</strong></span> <span class='ocrx_word' id='word_1_395' title='bbox 1146 2849 1252 2914; x_wconf 87' lang='lat' dir='ltr'><strong>instar</strong></span> <span class='ocrx_word' id='word_1_396' title='bbox 1272 2847 1395 2914; x_wconf 88' lang='lat' dir='ltr'><strong>oraculi</strong></span> <span class='ocrx_word' id='word_1_397' title='bbox 1418 2848 1500 2913; x_wconf 86' lang='lat' dir='ltr'><strong>iore:</strong></span> <span class='ocrx_word' id='word_1_398' title='bbox 1523 2849 1599 2931; x_wconf 90' lang='lat' dir='ltr'><strong>qnia</strong></span> <span class='ocrx_word' id='word_1_399' title='bbox 1621 2849 1721 2926; x_wconf 90' lang='lat' dir='ltr'><strong>Deus,</strong></span> <span class='ocrx_word' id='word_1_400' title='bbox 1744 2871 1840 2933; x_wconf 89' lang='lat' dir='ltr'><strong>quem</strong></span> <span class='ocrx_word' id='word_1_401' title='bbox 1861 2850 1960 2916; x_wconf 89' lang='lat' dir='ltr'><strong>habet</strong></span> <span class='ocrx_word' id='word_1_402' title='bbox 1982 2850 2116 2935; x_wconf 86' lang='lat' dir='ltr'><strong>expedi-</strong></span> 
     </span>
     <span class='ocr_line' id='line_1_29' title="bbox 119 2933 2117 3016; baseline 0.002 -17"><span class='ocrx_word' id='word_1_403' title='bbox 119 2937 231 3016; x_wconf 89' lang='lat' dir='ltr'><strong>potius</strong></span> <span class='ocrx_word' id='word_1_404' title='bbox 255 2955 327 2999; x_wconf 87' lang='lat' dir='ltr'><strong>eum</strong></span> <span class='ocrx_word' id='word_1_405' title='bbox 348 2934 491 3000; x_wconf 90' lang='lat' dir='ltr'><strong>liberalis</strong></span> <span class='ocrx_word' id='word_1_406' title='bbox 512 2935 654 3000; x_wconf 90' lang='lat' dir='ltr'><strong>conditio</strong></span> <span class='ocrx_word' id='word_1_407' title='bbox 674 2935 801 3014; x_wconf 88' lang='lat' dir='ltr'><strong>invitet,</strong></span> <span class='ocrx_word' id='word_1_408' title='bbox 823 2933 962 3000; x_wconf 90' lang='lat' dir='ltr'><strong>camelos</strong></span> <span class='ocrx_word' id='word_1_409' title='bbox 984 2933 1093 3000; x_wconf 90' lang='lat' dir='ltr'><strong>decem</strong></span> <span class='ocrx_word' id='word_1_410' title='bbox 1147 2934 1244 2999; x_wconf 90' lang='lat' dir='ltr'><strong>tionis</strong></span> <span class='ocrx_word' id='word_1_411' title='bbox 1265 2955 1344 2998; x_wconf 89' lang='lat' dir='ltr'><strong>suae</strong></span> <span class='ocrx_word' id='word_1_412' title='bbox 1369 2934 1567 3016; x_wconf 88' lang='lat' dir='ltr'><strong>praesidem,</strong></span> <span class='ocrx_word' id='word_1_413' title='bbox 1595 2955 1672 3000; x_wconf 89' lang='lat' dir='ltr'><strong>eum</strong></span> <span class='ocrx_word' id='word_1_414' title='bbox 1701 2957 1810 3002; x_wconf 89' lang='lat' dir='ltr'><strong>errare</strong></span> <span class='ocrx_word' id='word_1_415' title='bbox 1832 2957 1899 3001; x_wconf 91' lang='lat' dir='ltr'><strong>non</strong></span> <span class='ocrx_word' id='word_1_416' title='bbox 1920 2936 2016 3002; x_wconf 92' lang='lat' dir='ltr'><strong>sinet.</strong></span> <span class='ocrx_word' id='word_1_417' title='bbox 2060 2937 2117 3002; x_wconf 91' lang='lat' dir='ltr'><strong>In·</strong></span> 
     </span>
     <span class='ocr_line' id='line_1_30' title="bbox 117 3017 2118 3106; baseline 0.001 -21"><span class='ocrx_word' id='word_1_418' title='bbox 117 3019 314 3086; x_wconf 91' lang='lat' dir='ltr'><strong>muneribus</strong></span> <span class='ocrx_word' id='word_1_419' title='bbox 346 3030 477 3099; x_wconf 91' lang='lat' dir='ltr'><strong>onerat,</strong></span> <span class='ocrx_word' id='word_1_420' title='bbox 508 3031 546 3085; x_wconf 93' lang='lat' dir='ltr'><strong>ut</strong></span> <span class='ocrx_word' id='word_1_421' title='bbox 577 3023 706 3103; x_wconf 89' lang='lat' dir='ltr'><strong>reipsa</strong></span> <span class='ocrx_word' id='word_1_422' title='bbox 738 3021 907 3103; x_wconf 87' lang='lat' dir='ltr'><strong>prohetia</strong></span> <span class='ocrx_word' id='word_1_423' title='bbox 930 3017 1095 3086; x_wconf 79' lang='lat' dir='ltr'><strong>Chaldaea</strong></span> <span class='ocrx_word' id='word_1_424' title='bbox 1146 3021 1243 3084; x_wconf 88' lang='lat' dir='ltr'><strong>terim</strong></span> <span class='ocrx_word' id='word_1_425' title='bbox 1262 3020 1323 3084; x_wconf 94' lang='lat' dir='ltr'><strong>hcc</strong></span> <span class='ocrx_word' id='word_1_426' title='bbox 1341 3027 1454 3084; x_wconf 86' lang='lat' dir='ltr'><strong>notatu</strong></span> <span class='ocrx_word' id='word_1_427' title='bbox 1476 3018 1621 3103; x_wconf 88' lang='lat' dir='ltr'><strong>dignum,</strong></span> <span class='ocrx_word' id='word_1_428' title='bbox 1644 3021 1728 3103; x_wconf 92' lang='lat' dir='ltr'><strong>qnod</strong></span> <span class='ocrx_word' id='word_1_429' title='bbox 1747 3022 1879 3106; x_wconf 85' lang='lat' dir='ltr'><strong>signum</strong></span> <span class='ocrx_word' id='word_1_430' title='bbox 1898 3023 2034 3088; x_wconf 87' lang='lat' dir='ltr'><strong>notitiae</strong></span> <span class='ocrx_word' id='word_1_431' title='bbox 2052 3045 2118 3088; x_wconf 92' lang='lat' dir='ltr'><strong>non</strong></span> 
     </span>
     <span class='ocr_line' id='line_1_31' title="bbox 118 3104 2119 3192; baseline 0.002 -22"><span class='ocrx_word' id='word_1_432' title='bbox 118 3106 335 3172; x_wconf 89' lang='lat' dir='ltr'><strong>domesticam</strong></span> <span class='ocrx_word' id='word_1_433' title='bbox 366 3107 519 3171; x_wconf 89' lang='lat' dir='ltr'><strong>Abrahae</strong></span> <span class='ocrx_word' id='word_1_434' title='bbox 547 3106 758 3189; x_wconf 89' lang='lat' dir='ltr'><strong>opulentiam.</strong></span> <span class='ocrx_word' id='word_1_435' title='bbox 811 3104 907 3185; x_wconf 77' lang='lat' dir='ltr'><strong>Quod</strong></span> <span class='ocrx_word' id='word_1_436' title='bbox 936 3106 1093 3189; x_wconf 89' lang='lat' dir='ltr'><strong>sequitur,</strong></span> <span class='ocrx_word' id='word_1_437' title='bbox 1145 3104 1258 3188; x_wconf 92' lang='lat' dir='ltr'><strong>procul</strong></span> <span class='ocrx_word' id='word_1_438' title='bbox 1276 3106 1420 3184; x_wconf 88' lang='lat' dir='ltr'><strong>accersit,</strong></span> <span class='ocrx_word' id='word_1_439' title='bbox 1438 3104 1494 3170; x_wconf 89' lang='lat' dir='ltr'><strong>sed</strong></span> <span class='ocrx_word' id='word_1_440' title='bbox 1512 3125 1604 3170; x_wconf 88' lang='lat' dir='ltr'><strong>exre</strong></span> <span class='ocrx_word' id='word_1_441' title='bbox 1622 3109 1786 3189; x_wconf 87' lang='lat' dir='ltr'><strong>praesenti</strong></span> <span class='ocrx_word' id='word_1_442' title='bbox 1804 3109 1918 3174; x_wconf 89' lang='lat' dir='ltr'><strong>sumit:</strong></span> <span class='ocrx_word' id='word_1_443' title='bbox 1938 3130 2014 3174; x_wconf 89' lang='lat' dir='ltr'><strong>nam</strong></span> <span class='ocrx_word' id='word_1_444' title='bbox 2035 3130 2119 3192; x_wconf 90' lang='lat' dir='ltr'><strong>quae</strong></span> 
     </span>
     <span class='ocr_line' id='line_1_32' title="bbox 116 3189 2117 3277; baseline 0.002 -21"><span class='ocrx_word' id='word_1_445' title='bbox 116 3211 242 3256; x_wconf 73' lang='lat' dir='ltr'><strong>mcum</strong></span> <span class='ocrx_word' id='word_1_446' title='bbox 268 3191 420 3257; x_wconf 81' lang='lat' dir='ltr'><strong>Abrahae</strong></span> <span class='ocrx_word' id='word_1_447' title='bbox 450 3191 657 3258; x_wconf 69' lang='lat' dir='ltr'><strong>uacantium</strong></span> <span class='ocrx_word' id='word_1_448' title='bbox 687 3192 788 3274; x_wconf 71' lang='lat' dir='ltr'><strong>fuisse</strong></span> <span class='ocrx_word' id='word_1_449' title='bbox 816 3192 850 3256; x_wconf 80' lang='lat' dir='ltr'><strong>io</strong></span> <span class='ocrx_word' id='word_1_450' title='bbox 883 3211 979 3256; x_wconf 81' lang='lat' dir='ltr'><strong>mauu</strong></span> <span class='ocrx_word' id='word_1_451' title='bbox 1001 3192 1092 3269; x_wconf 68' lang='lat' dir='ltr'><strong>suoi,</strong></span> <span class='ocrx_word' id='word_1_452' title='bbox 1145 3193 1258 3275; x_wconf 87' lang='lat' dir='ltr'><strong>ignoto</strong></span> <span class='ocrx_word' id='word_1_453' title='bbox 1276 3189 1396 3273; x_wconf 90' lang='lat' dir='ltr'><strong>hospiti</strong></span> <span class='ocrx_word' id='word_1_454' title='bbox 1413 3200 1480 3255; x_wconf 90' lang='lat' dir='ltr'><strong>tam</strong></span> <span class='ocrx_word' id='word_1_455' title='bbox 1498 3190 1642 3256; x_wconf 91' lang='lat' dir='ltr'><strong>humana</strong></span> <span class='ocrx_word' id='word_1_456' title='bbox 1661 3194 1732 3272; x_wconf 81' lang='lat' dir='ltr'><strong>erit,</strong></span> <span class='ocrx_word' id='word_1_457' title='bbox 1751 3214 1811 3257; x_wconf 91' lang='lat' dir='ltr'><strong>suo</strong></span> <span class='ocrx_word' id='word_1_458' title='bbox 1828 3195 1933 3258; x_wconf 86' lang='lat' dir='ltr'><strong>officio</strong></span> <span class='ocrx_word' id='word_1_459' title='bbox 1952 3196 2117 3277; x_wconf 89' lang='lat' dir='ltr'><strong>specimen</strong></span> 
     </span>
     <span class='ocr_line' id='line_1_33' title="bbox 116 3276 2115 3361; baseline 0.001 -19"><span class='ocrx_word' id='word_1_460' title='bbox 116 3278 255 3359; x_wconf 91' lang='lat' dir='ltr'><strong>quidam</strong></span> <span class='ocrx_word' id='word_1_461' title='bbox 278 3298 318 3342; x_wconf 89' lang='lat' dir='ltr'><strong>cx</strong></span> <span class='ocrx_word' id='word_1_462' title='bbox 340 3277 502 3344; x_wconf 89' lang='lat' dir='ltr'><strong>Hebraeis</strong></span> <span class='ocrx_word' id='word_1_463' title='bbox 523 3279 608 3342; x_wconf 89' lang='lat' dir='ltr'><strong>male</strong></span> <span class='ocrx_word' id='word_1_464' title='bbox 629 3285 810 3359; x_wconf 84' lang='lat' dir='ltr'><strong>exponunt,</strong></span> <span class='ocrx_word' id='word_1_465' title='bbox 833 3297 965 3343; x_wconf 89' lang='lat' dir='ltr'><strong>servum</strong></span> <span class='ocrx_word' id='word_1_466' title='bbox 987 3277 1022 3341; x_wconf 91' lang='lat' dir='ltr'><strong>in</strong></span> <span class='ocrx_word' id='word_1_467' title='bbox 1044 3285 1093 3341; x_wconf 90' lang='lat' dir='ltr'><strong>ta·</strong></span> <span class='ocrx_word' id='word_1_468' title='bbox 1145 3277 1237 3343; x_wconf 91' lang='lat' dir='ltr'><strong>dabit</strong></span> <span class='ocrx_word' id='word_1_469' title='bbox 1253 3277 1374 3361; x_wconf 88' lang='lat' dir='ltr'><strong>probae</strong></span> <span class='ocrx_word' id='word_1_470' title='bbox 1391 3286 1537 3341; x_wconf 89' lang='lat' dir='ltr'><strong>naturae.</strong></span> <span class='ocrx_word' id='word_1_471' title='bbox 1572 3276 1645 3342; x_wconf 91' lang='lat' dir='ltr'><strong>Hoc</strong></span> <span class='ocrx_word' id='word_1_472' title='bbox 1663 3278 1734 3343; x_wconf 90' lang='lat' dir='ltr'><strong>idac</strong></span> <span class='ocrx_word' id='word_1_473' title='bbox 1756 3280 1929 3345; x_wconf 86' lang='lat' dir='ltr'><strong>observare</strong></span> <span class='ocrx_word' id='word_1_474' title='bbox 1951 3283 2115 3360; x_wconf 86' lang='lat' dir='ltr'><strong>convenit,</strong></span> 
     </span>
     <span class='ocr_line' id='line_1_34' title="bbox 116 3360 2117 3448; baseline 0.001 -19"><span class='ocrx_word' id='word_1_475' title='bbox 116 3363 205 3429; x_wconf 90' lang='lat' dir='ltr'><strong>bulis</strong></span> <span class='ocrx_word' id='word_1_476' title='bbox 238 3363 417 3446; x_wconf 89' lang='lat' dir='ltr'><strong>descriptas</strong></span> <span class='ocrx_word' id='word_1_477' title='bbox 439 3371 473 3428; x_wconf 89' lang='lat' dir='ltr'><strong>et</strong></span> <span class='ocrx_word' id='word_1_478' title='bbox 501 3363 709 3447; x_wconf 86' lang='lat' dir='ltr'><strong>consignatas</strong></span> <span class='ocrx_word' id='word_1_479' title='bbox 730 3383 844 3428; x_wconf 89' lang='lat' dir='ltr'><strong>omncs</strong></span> <span class='ocrx_word' id='word_1_480' title='bbox 866 3362 1020 3428; x_wconf 82' lang='lat' dir='ltr'><strong>Abrahae</strong></span> <span class='ocrx_word' id='word_1_481' title='bbox 1041 3381 1092 3428; x_wconf 92' lang='lat' dir='ltr'><strong>cc·</strong></span> <span class='ocrx_word' id='word_1_482' title='bbox 1144 3383 1187 3428; x_wconf 93' lang='lat' dir='ltr'><strong>ne</strong></span> <span class='ocrx_word' id='word_1_483' title='bbox 1204 3363 1321 3428; x_wconf 89' lang='lat' dir='ltr'><strong>curiosi</strong></span> <span class='ocrx_word' id='word_1_484' title='bbox 1339 3360 1562 3428; x_wconf 91' lang='lat' dir='ltr'><strong>homiueshoc</strong></span> <span class='ocrx_word' id='word_1_485' title='bbox 1579 3363 1765 3446; x_wconf 89' lang='lat' dir='ltr'><strong>exemplum</strong></span> <span class='ocrx_word' id='word_1_486' title='bbox 1783 3363 1825 3428; x_wconf 91' lang='lat' dir='ltr'><strong>ad</strong></span> <span class='ocrx_word' id='word_1_487' title='bbox 1842 3387 1927 3429; x_wconf 88' lang='lat' dir='ltr'><strong>vana</strong></span> <span class='ocrx_word' id='word_1_488' title='bbox 1946 3367 2117 3448; x_wconf 87' lang='lat' dir='ltr'><strong>praesagia</strong></span> 
     </span>
     <span class='ocr_line' id='line_1_35' title="bbox 115 3447 2116 3531; baseline 0.002 -20"><span class='ocrx_word' id='word_1_489' title='bbox 115 3450 189 3531; x_wconf 90' lang='lat' dir='ltr'><strong>pias</strong></span> <span class='ocrx_word' id='word_1_490' title='bbox 221 3468 334 3514; x_wconf 88' lang='lat' dir='ltr'><strong>secum</strong></span> <span class='ocrx_word' id='word_1_491' title='bbox 364 3449 486 3514; x_wconf 87' lang='lat' dir='ltr'><strong>tulisse.</strong></span> <span class='ocrx_word' id='word_1_492' title='bbox 530 3450 593 3514; x_wconf 81' lang='lat' dir='ltr'><strong>Est</strong></span> <span class='ocrx_word' id='word_1_493' title='bbox 614 3450 701 3514; x_wconf 87' lang='lat' dir='ltr'><strong>enirn</strong></span> <span class='ocrx_word' id='word_1_494' title='bbox 724 3469 841 3514; x_wconf 89' lang='lat' dir='ltr'><strong>causae</strong></span> <span class='ocrx_word' id='word_1_495' title='bbox 868 3447 1022 3526; x_wconf 90' lang='lat' dir='ltr'><strong>redditio,</strong></span> <span class='ocrx_word' id='word_1_496' title='bbox 1052 3468 1094 3514; x_wconf 89' lang='lat' dir='ltr'><strong>ne</strong></span> <span class='ocrx_word' id='word_1_497' title='bbox 1145 3448 1287 3513; x_wconf 89' lang='lat' dir='ltr'><strong>trahant.</strong></span> <span class='ocrx_word' id='word_1_498' title='bbox 1323 3447 1365 3512; x_wconf 94' lang='lat' dir='ltr'><strong>In</strong></span> <span class='ocrx_word' id='word_1_499' title='bbox 1387 3448 1496 3513; x_wconf 82' lang='lat' dir='ltr'><strong>verbis</strong></span> <span class='ocrx_word' id='word_1_500' title='bbox 1519 3447 1599 3514; x_wconf 90' lang='lat' dir='ltr'><strong>haec</strong></span> <span class='ocrx_word' id='word_1_501' title='bbox 1621 3448 1764 3514; x_wconf 89' lang='lat' dir='ltr'><strong>notanda</strong></span> <span class='ocrx_word' id='word_1_502' title='bbox 1784 3460 1871 3514; x_wconf 89' lang='lat' dir='ltr'><strong>sunt.</strong></span> <span class='ocrx_word' id='word_1_503' title='bbox 1911 3449 2021 3515; x_wconf 91' lang='lat' dir='ltr'><strong>Deum</strong></span> <span class='ocrx_word' id='word_1_504' title='bbox 2044 3450 2116 3516; x_wconf 90' lang='lat' dir='ltr'><strong>heri</strong></span> 
     </span>
     <span class='ocr_line' id='line_1_36' title="bbox 114 3532 2115 3618; baseline 0 -19"><span class='ocrx_word' id='word_1_505' title='bbox 114 3535 171 3599; x_wconf 90' lang='lat' dir='ltr'><strong>cui</strong></span> <span class='ocrx_word' id='word_1_506' title='bbox 194 3534 309 3599; x_wconf 90' lang='lat' dir='ltr'><strong>minus</strong></span> <span class='ocrx_word' id='word_1_507' title='bbox 331 3533 497 3616; x_wconf 88' lang='lat' dir='ltr'><strong>probabile</strong></span> <span class='ocrx_word' id='word_1_508' title='bbox 515 3533 665 3600; x_wconf 80' lang='lat' dir='ltr'><strong>rideatur</strong></span> <span class='ocrx_word' id='word_1_509' title='bbox 687 3555 818 3599; x_wconf 84' lang='lat' dir='ltr'><strong>servum</strong></span> <span class='ocrx_word' id='word_1_510' title='bbox 836 3533 899 3599; x_wconf 91' lang='lat' dir='ltr'><strong>sibi</strong></span> <span class='ocrx_word' id='word_1_511' title='bbox 917 3535 1094 3617; x_wconf 86' lang='lat' dir='ltr'><strong>sumpsisse</strong></span> <span class='ocrx_word' id='word_1_512' title='bbox 1144 3535 1195 3600; x_wconf 93' lang='lat' dir='ltr'><strong>sui</strong></span> <span class='ocrx_word' id='word_1_513' title='bbox 1217 3532 1371 3599; x_wconf 88' lang='lat' dir='ltr'><strong>Abrahae</strong></span> <span class='ocrx_word' id='word_1_514' title='bbox 1393 3532 1582 3615; x_wconf 90' lang='lat' dir='ltr'><strong>compellat:</strong></span> <span class='ocrx_word' id='word_1_515' title='bbox 1605 3557 1670 3600; x_wconf 92' lang='lat' dir='ltr'><strong>non</strong></span> <span class='ocrx_word' id='word_1_516' title='bbox 1688 3533 1774 3617; x_wconf 92' lang='lat' dir='ltr'><strong>qnod</strong></span> <span class='ocrx_word' id='word_1_517' title='bbox 1793 3536 1860 3618; x_wconf 90' lang='lat' dir='ltr'><strong>ipsc</strong></span> <span class='ocrx_word' id='word_1_518' title='bbox 1878 3535 1919 3601; x_wconf 88' lang='lat' dir='ltr'><strong>ab</strong></span> <span class='ocrx_word' id='word_1_519' title='bbox 1936 3536 2007 3601; x_wconf 90' lang='lat' dir='ltr'><strong>eius</strong></span> <span class='ocrx_word' id='word_1_520' title='bbox 2024 3537 2115 3601; x_wconf 89' lang='lat' dir='ltr'><strong>cultu</strong></span> 
     </span>
     <span class='ocr_line' id='line_1_37' title="bbox 113 3616 2116 3704; baseline 0.001 -20"><span class='ocrx_word' id='word_1_521' title='bbox 113 3628 252 3686; x_wconf 91' lang='lat' dir='ltr'><strong>tantum</strong></span> <span class='ocrx_word' id='word_1_522' title='bbox 274 3621 452 3702; x_wconf 90' lang='lat' dir='ltr'><strong>potestatis.</strong></span> <span class='ocrx_word' id='word_1_523' title='bbox 492 3620 579 3704; x_wconf 81' lang='lat' dir='ltr'><strong>Ergo</strong></span> <span class='ocrx_word' id='word_1_524' title='bbox 596 3622 673 3704; x_wconf 89' lang='lat' dir='ltr'><strong>quia</strong></span> <span class='ocrx_word' id='word_1_525' title='bbox 690 3619 818 3686; x_wconf 76' lang='lat' dir='ltr'><strong>dixerrd</strong></span> <span class='ocrx_word' id='word_1_526' title='bbox 835 3620 945 3685; x_wconf 85' lang='lat' dir='ltr'><strong>Moses</strong></span> <span class='ocrx_word' id='word_1_527' title='bbox 961 3640 1093 3686; x_wconf 84' lang='lat' dir='ltr'><strong>servum</strong></span> <span class='ocrx_word' id='word_1_528' title='bbox 1145 3621 1188 3684; x_wconf 86' lang='lat' dir='ltr'><strong>sit</strong></span> <span class='ocrx_word' id='word_1_529' title='bbox 1204 3620 1346 3684; x_wconf 89' lang='lat' dir='ltr'><strong>alicnus:</strong></span> <span class='ocrx_word' id='word_1_530' title='bbox 1366 3616 1425 3684; x_wconf 91' lang='lat' dir='ltr'><strong>sed</strong></span> <span class='ocrx_word' id='word_1_531' title='bbox 1441 3619 1518 3703; x_wconf 91' lang='lat' dir='ltr'><strong>quia</strong></span> <span class='ocrx_word' id='word_1_532' title='bbox 1531 3618 1711 3702; x_wconf 87' lang='lat' dir='ltr'><strong>resdequa</strong></span> <span class='ocrx_word' id='word_1_533' title='bbox 1726 3621 1845 3704; x_wconf 88' lang='lat' dir='ltr'><strong>agitur,</strong></span> <span class='ocrx_word' id='word_1_534' title='bbox 1864 3641 1883 3684; x_wconf 92' lang='lat' dir='ltr'><strong>a</strong></span> <span class='ocrx_word' id='word_1_535' title='bbox 1901 3622 2116 3704; x_wconf 88' lang='lat' dir='ltr'><strong>promissione</strong></span> 
     </span>
     <span class='ocr_line' id='line_1_38' title="bbox 113 3703 2115 3789; baseline 0.001 -19"><span class='ocrx_word' id='word_1_536' title='bbox 113 3705 291 3771; x_wconf 91' lang='lat' dir='ltr'><strong>hominem</strong></span> <span class='ocrx_word' id='word_1_537' title='bbox 312 3725 386 3771; x_wconf 91' lang='lat' dir='ltr'><strong>cum</strong></span> <span class='ocrx_word' id='word_1_538' title='bbox 409 3714 477 3771; x_wconf 90' lang='lat' dir='ltr'><strong>tam</strong></span> <span class='ocrx_word' id='word_1_539' title='bbox 498 3705 587 3771; x_wconf 89' lang='lat' dir='ltr'><strong>lauto</strong></span> <span class='ocrx_word' id='word_1_540' title='bbox 605 3718 638 3771; x_wconf 90' lang='lat' dir='ltr'><strong>et</strong></span> <span class='ocrx_word' id='word_1_541' title='bbox 659 3704 829 3788; x_wconf 89' lang='lat' dir='ltr'><strong>splendido</strong></span> <span class='ocrx_word' id='word_1_542' title='bbox 851 3713 1011 3789; x_wconf 89' lang='lat' dir='ltr'><strong>apparatu</strong></span> <span class='ocrx_word' id='word_1_543' title='bbox 1032 3706 1095 3771; x_wconf 91' lang='lat' dir='ltr'><strong>iter</strong></span> <span class='ocrx_word' id='word_1_544' title='bbox 1144 3703 1297 3771; x_wconf 89' lang='lat' dir='ltr'><strong>Abrahae</strong></span> <span class='ocrx_word' id='word_1_545' title='bbox 1319 3703 1394 3769; x_wconf 88' lang='lat' dir='ltr'><strong>data</strong></span> <span class='ocrx_word' id='word_1_546' title='bbox 1416 3703 1544 3788; x_wconf 88' lang='lat' dir='ltr'><strong>pendet.</strong></span> <span class='ocrx_word' id='word_1_547' title='bbox 1584 3704 1659 3771; x_wconf 78' lang='lat' dir='ltr'><strong>Nec&#39;</strong></span> <span class='ocrx_word' id='word_1_548' title='bbox 1674 3726 1753 3771; x_wconf 89' lang='lat' dir='ltr'><strong>sanc</strong></span> <span class='ocrx_word' id='word_1_549' title='bbox 1774 3706 1824 3770; x_wconf 92' lang='lat' dir='ltr'><strong>illi</strong></span> <span class='ocrx_word' id='word_1_550' title='bbox 1846 3705 1960 3771; x_wconf 88' lang='lat' dir='ltr'><strong>orandi</strong></span> <span class='ocrx_word' id='word_1_551' title='bbox 1983 3706 2115 3772; x_wconf 91' lang='lat' dir='ltr'><strong>aliunde</strong></span> 
     </span>
     <span class='ocr_line' id='line_1_39' title="bbox 113 3788 2116 3876; baseline -0 -18"><span class='ocrx_word' id='word_1_552' title='bbox 113 3792 222 3858; x_wconf 78' lang='lat' dir='ltr'><strong>titisse</strong></span> <span class='ocrx_word' id='word_1_553' title='bbox 251 3791 451 3875; x_wconf 87' lang='lat' dir='ltr'><strong>ingressum,</strong></span> <span class='ocrx_word' id='word_1_554' title='bbox 480 3812 558 3857; x_wconf 86' lang='lat' dir='ltr'><strong>mox</strong></span> <span class='ocrx_word' id='word_1_555' title='bbox 584 3789 715 3858; x_wconf 90' lang='lat' dir='ltr'><strong>subiicit</strong></span> <span class='ocrx_word' id='word_1_556' title='bbox 740 3792 775 3855; x_wconf 94' lang='lat' dir='ltr'><strong>in</strong></span> <span class='ocrx_word' id='word_1_557' title='bbox 804 3791 875 3858; x_wconf 90' lang='lat' dir='ltr'><strong>eius</strong></span> <span class='ocrx_word' id='word_1_558' title='bbox 903 3792 1038 3857; x_wconf 91' lang='lat' dir='ltr'><strong>arbitrio</strong></span> <span class='ocrx_word' id='word_1_559' title='bbox 1059 3791 1094 3856; x_wconf 94' lang='lat' dir='ltr'><strong>id</strong></span> <span class='ocrx_word' id='word_1_560' title='bbox 1143 3790 1263 3857; x_wconf 89' lang='lat' dir='ltr'><strong>fiducia</strong></span> <span class='ocrx_word' id='word_1_561' title='bbox 1284 3810 1381 3873; x_wconf 92' lang='lat' dir='ltr'><strong>quam</strong></span> <span class='ocrx_word' id='word_1_562' title='bbox 1404 3809 1448 3855; x_wconf 87' lang='lat' dir='ltr'><strong>ex</strong></span> <span class='ocrx_word' id='word_1_563' title='bbox 1468 3788 1598 3856; x_wconf 81' lang='lat' dir='ltr'><strong>foedere</strong></span> <span class='ocrx_word' id='word_1_564' title='bbox 1620 3791 1706 3875; x_wconf 90' lang='lat' dir='ltr'><strong>qnod</strong></span> <span class='ocrx_word' id='word_1_565' title='bbox 1728 3792 1820 3857; x_wconf 89' lang='lat' dir='ltr'><strong>Deus</strong></span> <span class='ocrx_word' id='word_1_566' title='bbox 1848 3793 2018 3876; x_wconf 86' lang='lat' dir='ltr'><strong>pepigerat</strong></span> <span class='ocrx_word' id='word_1_567' title='bbox 2039 3813 2116 3860; x_wconf 86' lang='lat' dir='ltr'><strong>curn</strong></span> 
     </span>
     <span class='ocr_line' id='line_1_40' title="bbox 113 3875 1422 3960; baseline -0.003 -16"><span class='ocrx_word' id='word_1_568' title='bbox 113 3879 237 3956; x_wconf 84' lang='lat' dir='ltr'><strong>fuisse,</strong></span> <span class='ocrx_word' id='word_1_569' title='bbox 266 3876 352 3960; x_wconf 92' lang='lat' dir='ltr'><strong>quod</strong></span> <span class='ocrx_word' id='word_1_570' title='bbox 379 3886 480 3942; x_wconf 87' lang='lat' dir='ltr'><strong>totam</strong></span> <span class='ocrx_word' id='word_1_571' title='bbox 503 3877 657 3943; x_wconf 88' lang='lat' dir='ltr'><strong>Abrahae</strong></span> <span class='ocrx_word' id='word_1_572' title='bbox 685 3877 902 3943; x_wconf 89' lang='lat' dir='ltr'><strong>substantiam</strong></span> <span class='ocrx_word' id='word_1_573' title='bbox 929 3878 962 3941; x_wconf 91' lang='lat' dir='ltr'><strong>in</strong></span> <span class='ocrx_word' id='word_1_574' title='bbox 992 3898 1093 3943; x_wconf 89' lang='lat' dir='ltr'><strong>manu</strong></span> <span class='ocrx_word' id='word_1_575' title='bbox 1144 3875 1297 3942; x_wconf 85' lang='lat' dir='ltr'><strong>Abrahae</strong></span> <span class='ocrx_word' id='word_1_576' title='bbox 1319 3875 1422 3941; x_wconf 90' lang='lat' dir='ltr'><strong>domo.</strong></span> 
     </span>
     <span class='ocr_line' id='line_1_41' title="bbox 114 3961 2114 4047; baseline 0.001 -18"><span class='ocrx_word' id='word_1_577' title='bbox 114 3963 268 4030; x_wconf 91' lang='lat' dir='ltr'><strong>haberet.</strong></span> <span class='ocrx_word' id='word_1_578' title='bbox 325 3961 436 4042; x_wconf 79' lang='lat' dir='ltr'><strong>Quum</strong></span> <span class='ocrx_word' id='word_1_579' title='bbox 472 3962 551 4027; x_wconf 92' lang='lat' dir='ltr'><strong>dicit</strong></span> <span class='ocrx_word' id='word_1_580' title='bbox 583 3964 710 4028; x_wconf 73' lang='lat' dir='ltr'><strong>vcnhss</strong></span> <span class='ocrx_word' id='word_1_581' title='bbox 737 3963 774 4028; x_wconf 91' lang='lat' dir='ltr'><strong>in</strong></span> <span class='ocrx_word' id='word_1_582' title='bbox 809 3963 923 4028; x_wconf 89' lang='lat' dir='ltr'><strong>urbem</strong></span> <span class='ocrx_word' id='word_1_583' title='bbox 950 3963 1092 4044; x_wconf 90' lang='lat' dir='ltr'><strong>Nachcr,</strong></span> <span class='ocrx_word' id='word_1_584' title='bbox 1234 3962 1400 4028; x_wconf 79' lang='lat' dir='ltr'><strong>occurrere</strong></span> <span class='ocrx_word' id='word_1_585' title='bbox 1426 3963 1479 4045; x_wconf 71' lang='lat' dir='ltr'><strong>(aa</strong></span> <span class='ocrx_word' id='word_1_586' title='bbox 1507 3981 1596 4028; x_wconf 79' lang='lat' dir='ltr'><strong>cunc.</strong></span> <span class='ocrx_word' id='word_1_587' title='bbox 1648 3962 1873 4047; x_wconf 82' lang='lat' dir='ltr'><strong>Hieronymus</strong></span> <span class='ocrx_word' id='word_1_588' title='bbox 1904 3966 2020 4042; x_wconf 81' lang='lat' dir='ltr'><strong>vertit,</strong></span> <span class='ocrx_word' id='word_1_589' title='bbox 2048 3967 2114 4031; x_wconf 93' lang='lat' dir='ltr'><strong>Oc·</strong></span> 
     </span>
     <span class='ocr_line' id='line_1_42' title="bbox 112 4046 2116 4135; baseline 0 -21"><span class='ocrx_word' id='word_1_590' title='bbox 112 4069 227 4134; x_wconf 91' lang='lat' dir='ltr'><strong>neque</strong></span> <span class='ocrx_word' id='word_1_591' title='bbox 246 4047 336 4114; x_wconf 90' lang='lat' dir='ltr'><strong>urbis</strong></span> <span class='ocrx_word' id='word_1_592' title='bbox 353 4068 473 4113; x_wconf 90' lang='lat' dir='ltr'><strong>nomen</strong></span> <span class='ocrx_word' id='word_1_593' title='bbox 493 4048 658 4132; x_wconf 87' lang='lat' dir='ltr'><strong>exprimit,</strong></span> <span class='ocrx_word' id='word_1_594' title='bbox 680 4069 739 4115; x_wconf 88' lang='lat' dir='ltr'><strong>nec</strong></span> <span class='ocrx_word' id='word_1_595' title='bbox 761 4058 887 4132; x_wconf 90' lang='lat' dir='ltr'><strong>partem</strong></span> <span class='ocrx_word' id='word_1_596' title='bbox 899 4048 1092 4128; x_wconf 79' lang='lat' dir='ltr'><strong>Chaldaeae,</strong></span> <span class='ocrx_word' id='word_1_597' title='bbox 1143 4068 1254 4115; x_wconf 89' lang='lat' dir='ltr'><strong>curre:</strong></span> <span class='ocrx_word' id='word_1_598' title='bbox 1285 4046 1341 4112; x_wconf 88' lang='lat' dir='ltr'><strong>sed</strong></span> <span class='ocrx_word' id='word_1_599' title='bbox 1371 4047 1506 4114; x_wconf 85' lang='lat' dir='ltr'><strong>verbum</strong></span> <span class='ocrx_word' id='word_1_600' title='bbox 1530 4054 1580 4112; x_wconf 89' lang='lat' dir='ltr'><strong>est</strong></span> <span class='ocrx_word' id='word_1_601' title='bbox 1607 4049 1832 4127; x_wconf 87' lang='lat' dir='ltr'><strong>transitivum,</strong></span> <span class='ocrx_word' id='word_1_602' title='bbox 1862 4070 1924 4131; x_wconf 92' lang='lat' dir='ltr'><strong>quo</strong></span> <span class='ocrx_word' id='word_1_603' title='bbox 1953 4051 2116 4135; x_wconf 87' lang='lat' dir='ltr'><strong>significat</strong></span> 
     </span>
     <span class='ocr_line' id='line_1_43' title="bbox 111 4125 2115 4219; baseline -0.001 -17"><span class='ocrx_word' id='word_1_604' title='bbox 111 4135 166 4202; x_wconf 84' lang='lat' dir='ltr'><strong>vel</strong></span> <span class='ocrx_word' id='word_1_605' title='bbox 188 4125 328 4200; x_wconf 85' lang='lat' dir='ltr'><strong>alterius</strong></span> <span class='ocrx_word' id='word_1_606' title='bbox 345 4134 489 4219; x_wconf 87' lang='lat' dir='ltr'><strong>regionis</strong></span> <span class='ocrx_word' id='word_1_607' title='bbox 507 4134 562 4200; x_wconf 93' lang='lat' dir='ltr'><strong>ubi</strong></span> <span class='ocrx_word' id='word_1_608' title='bbox 585 4135 767 4200; x_wconf 87' lang='lat' dir='ltr'><strong>habitabat:</strong></span> <span class='ocrx_word' id='word_1_609' title='bbox 790 4134 847 4200; x_wconf 91' lang='lat' dir='ltr'><strong>sed</strong></span> <span class='ocrx_word' id='word_1_610' title='bbox 869 4143 998 4200; x_wconf 91' lang='lat' dir='ltr'><strong>tantum</strong></span> <span class='ocrx_word' id='word_1_611' title='bbox 1016 4134 1093 4200; x_wconf 92' lang='lat' dir='ltr'><strong>dicit</strong></span> <span class='ocrx_word' id='word_1_612' title='bbox 1143 4133 1298 4201; x_wconf 89' lang='lat' dir='ltr'><strong>Abrahae</strong></span> <span class='ocrx_word' id='word_1_613' title='bbox 1327 4153 1456 4213; x_wconf 84' lang='lat' dir='ltr'><strong>servus,</strong></span> <span class='ocrx_word' id='word_1_614' title='bbox 1485 4133 1532 4198; x_wconf 91' lang='lat' dir='ltr'><strong>sio</strong></span> <span class='ocrx_word' id='word_1_615' title='bbox 1554 4134 1618 4198; x_wconf 90' lang='lat' dir='ltr'><strong>Dei</strong></span> <span class='ocrx_word' id='word_1_616' title='bbox 1644 4134 1832 4200; x_wconf 83' lang='lat' dir='ltr'><strong>concilicet</strong></span> <span class='ocrx_word' id='word_1_617' title='bbox 1857 4157 1956 4200; x_wconf 88' lang='lat' dir='ltr'><strong>mann</strong></span> <span class='ocrx_word' id='word_1_618' title='bbox 1986 4135 2115 4218; x_wconf 89' lang='lat' dir='ltr'><strong>disponi</strong></span> 
     </span>
     <span class='ocr_line' id='line_1_44' title="bbox 111 4219 2115 4305; baseline 0 -19"><span class='ocrx_word' id='word_1_619' title='bbox 111 4220 319 4305; x_wconf 87' lang='lat' dir='ltr'><strong>generaliter</strong></span> <span class='ocrx_word' id='word_1_620' title='bbox 345 4221 475 4286; x_wconf 83' lang='lat' dir='ltr'><strong>venisse</strong></span> <span class='ocrx_word' id='word_1_621' title='bbox 501 4221 537 4284; x_wconf 93' lang='lat' dir='ltr'><strong>in</strong></span> <span class='ocrx_word' id='word_1_622' title='bbox 567 4219 700 4305; x_wconf 84' lang='lat' dir='ltr'><strong>Syriam</strong></span> <span class='ocrx_word' id='word_1_623' title='bbox 732 4221 924 4287; x_wconf 88' lang='lat' dir='ltr'><strong>fluviorum:</strong></span> <span class='ocrx_word' id='word_1_624' title='bbox 958 4221 998 4287; x_wconf 92' lang='lat' dir='ltr'><strong>de</strong></span> <span class='ocrx_word' id='word_1_625' title='bbox 1029 4241 1093 4304; x_wconf 90' lang='lat' dir='ltr'><strong>qua</strong></span> <span class='ocrx_word' id='word_1_626' title='bbox 1142 4221 1312 4285; x_wconf 91' lang='lat' dir='ltr'><strong>hominum</strong></span> <span class='ocrx_word' id='word_1_627' title='bbox 1334 4221 1465 4303; x_wconf 89' lang='lat' dir='ltr'><strong>negotia</strong></span> <span class='ocrx_word' id='word_1_628' title='bbox 1486 4227 1611 4283; x_wconf 91' lang='lat' dir='ltr'><strong>utnon</strong></span> <span class='ocrx_word' id='word_1_629' title='bbox 1633 4219 1700 4284; x_wconf 90' lang='lat' dir='ltr'><strong>sint</strong></span> <span class='ocrx_word' id='word_1_630' title='bbox 1726 4220 1853 4285; x_wconf 84' lang='lat' dir='ltr'><strong>fortuiti</strong></span> <span class='ocrx_word' id='word_1_631' title='bbox 1882 4241 1992 4285; x_wconf 90' lang='lat' dir='ltr'><strong>rerum</strong></span> <span class='ocrx_word' id='word_1_632' title='bbox 2014 4241 2115 4286; x_wconf 90' lang='lat' dir='ltr'><strong>even·</strong></span> 
     </span>
     <span class='ocr_line' id='line_1_45' title="bbox 109 4303 2115 4390; baseline -0 -18"><span class='ocrx_word' id='word_1_633' title='bbox 109 4327 197 4374; x_wconf 84' lang='lat' dir='ltr'><strong>voce</strong></span> <span class='ocrx_word' id='word_1_634' title='bbox 219 4305 344 4388; x_wconf 92' lang='lat' dir='ltr'><strong>aliquid</strong></span> <span class='ocrx_word' id='word_1_635' title='bbox 366 4325 464 4388; x_wconf 89' lang='lat' dir='ltr'><strong>supra</strong></span> <span class='ocrx_word' id='word_1_636' title='bbox 486 4307 589 4390; x_wconf 90' lang='lat' dir='ltr'><strong>attigi.</strong></span> <span class='ocrx_word' id='word_1_637' title='bbox 1143 4315 1212 4370; x_wconf 89' lang='lat' dir='ltr'><strong>tus:</strong></span> <span class='ocrx_word' id='word_1_638' title='bbox 1236 4327 1274 4371; x_wconf 93' lang='lat' dir='ltr'><strong>ac</strong></span> <span class='ocrx_word' id='word_1_639' title='bbox 1295 4305 1324 4370; x_wconf 88' lang='lat' dir='ltr'><strong>si</strong></span> <span class='ocrx_word' id='word_1_640' title='bbox 1346 4305 1476 4384; x_wconf 90' lang='lat' dir='ltr'><strong>diceret,</strong></span> <span class='ocrx_word' id='word_1_641' title='bbox 1499 4305 1649 4384; x_wconf 91' lang='lat' dir='ltr'><strong>Domine,</strong></span> <span class='ocrx_word' id='word_1_642' title='bbox 1671 4303 1793 4370; x_wconf 84' lang='lat' dir='ltr'><strong>frustra</strong></span> <span class='ocrx_word' id='word_1_643' title='bbox 1814 4305 1879 4370; x_wconf 91' lang='lat' dir='ltr'><strong>huc</strong></span> <span class='ocrx_word' id='word_1_644' title='bbox 1901 4315 1934 4369; x_wconf 90' lang='lat' dir='ltr'><strong>et</strong></span> <span class='ocrx_word' id='word_1_645' title='bbox 1954 4305 2032 4372; x_wconf 92' lang='lat' dir='ltr'><strong>illuc</strong></span> <span class='ocrx_word' id='word_1_646' title='bbox 2054 4307 2115 4374; x_wconf 90' lang='lat' dir='ltr'><strong>oir-</strong></span> 
     </span>
     <span class='ocr_line' id='line_1_46' title="bbox 206 4388 2113 4478; baseline 0 -21"><span class='ocrx_word' id='word_1_647' title='bbox 206 4391 258 4457; x_wconf 82' lang='lat'><strong>12.</strong></span> <span class='ocrx_word' id='word_1_648' title='bbox 278 4391 392 4458; x_wconf 82' lang='lat' dir='ltr'><strong>Iehcva</strong></span> <span class='ocrx_word' id='word_1_649' title='bbox 409 4389 433 4478; x_wconf 92' lang='lat'><strong>¹)</strong></span> <span class='ocrx_word' id='word_1_650' title='bbox 453 4388 542 4457; x_wconf 73' lang='lat' dir='ltr'><strong>Decea</strong></span> <span class='ocrx_word' id='word_1_651' title='bbox 558 4391 690 4458; x_wconf 78' lang='lat' dir='ltr'><strong>Domini</strong></span> <span class='ocrx_word' id='word_1_652' title='bbox 707 4392 776 4458; x_wconf 80' lang='lat' dir='ltr'><strong>mci.</strong></span> <span class='ocrx_word' id='word_1_653' title='bbox 813 4391 936 4458; x_wconf 84' lang='lat' dir='ltr'><strong>Servus</strong></span> <span class='ocrx_word' id='word_1_654' title='bbox 957 4391 1093 4457; x_wconf 81' lang='lat' dir='ltr'><strong>consilio</strong></span> <span class='ocrx_word' id='word_1_655' title='bbox 1143 4391 1364 4474; x_wconf 87' lang='lat' dir='ltr'><strong>cunispioiam,</strong></span> <span class='ocrx_word' id='word_1_656' title='bbox 1387 4390 1510 4457; x_wconf 86' lang='lat' dir='ltr'><strong>frustra</strong></span> <span class='ocrx_word' id='word_1_657' title='bbox 1531 4411 1603 4455; x_wconf 92' lang='lat' dir='ltr'><strong>meo</strong></span> <span class='ocrx_word' id='word_1_658' title='bbox 1625 4389 1743 4470; x_wconf 89' lang='lat' dir='ltr'><strong>labore,</strong></span> <span class='ocrx_word' id='word_1_659' title='bbox 1766 4389 1937 4470; x_wconf 87' lang='lat' dir='ltr'><strong>industria,</strong></span> <span class='ocrx_word' id='word_1_660' title='bbox 1957 4401 1992 4456; x_wconf 94' lang='lat' dir='ltr'><strong>et</strong></span> <span class='ocrx_word' id='word_1_661' title='bbox 2013 4393 2113 4458; x_wconf 84' lang='lat' dir='ltr'><strong>variis</strong></span> 
     </span>
     <span class='ocr_line' id='line_1_47' title="bbox 108 4475 2112 4560; baseline -0 -17"><span class='ocrx_word' id='word_1_662' title='bbox 108 4478 304 4556; x_wconf 87' lang='lat' dir='ltr'><strong>destitutus,</strong></span> <span class='ocrx_word' id='word_1_663' title='bbox 327 4475 369 4541; x_wconf 88' lang='lat' dir='ltr'><strong>ad</strong></span> <span class='ocrx_word' id='word_1_664' title='bbox 390 4497 503 4560; x_wconf 87' lang='lat' dir='ltr'><strong>preces</strong></span> <span class='ocrx_word' id='word_1_665' title='bbox 525 4497 560 4542; x_wconf 90' lang='lat' dir='ltr'><strong>se</strong></span> <span class='ocrx_word' id='word_1_666' title='bbox 581 4479 713 4543; x_wconf 86' lang='lat' dir='ltr'><strong>confert.</strong></span> <span class='ocrx_word' id='word_1_667' title='bbox 750 4477 864 4560; x_wconf 88' lang='lat' dir='ltr'><strong>Neque</strong></span> <span class='ocrx_word' id='word_1_668' title='bbox 883 4487 992 4543; x_wconf 90' lang='lat' dir='ltr'><strong>tamen</strong></span> <span class='ocrx_word' id='word_1_669' title='bbox 1015 4478 1092 4543; x_wconf 91' lang='lat' dir='ltr'><strong>sim·</strong></span> <span class='ocrx_word' id='word_1_670' title='bbox 1142 4475 1268 4542; x_wconf 90' lang='lat' dir='ltr'><strong>artibus</strong></span> <span class='ocrx_word' id='word_1_671' title='bbox 1289 4497 1474 4542; x_wconf 87' lang='lat' dir='ltr'><strong>successum</strong></span> <span class='ocrx_word' id='word_1_672' title='bbox 1492 4475 1635 4558; x_wconf 88' lang='lat' dir='ltr'><strong>captabo,</strong></span> <span class='ocrx_word' id='word_1_673' title='bbox 1658 4476 1721 4541; x_wconf 92' lang='lat' dir='ltr'><strong>nisi</strong></span> <span class='ocrx_word' id='word_1_674' title='bbox 1740 4486 1776 4542; x_wconf 91' lang='lat' dir='ltr'><strong>tu</strong></span> <span class='ocrx_word' id='word_1_675' title='bbox 1794 4477 1962 4560; x_wconf 84' lang='lat' dir='ltr'><strong>negotium</strong></span> <span class='ocrx_word' id='word_1_676' title='bbox 1980 4477 2112 4560; x_wconf 88' lang='lat' dir='ltr'><strong>dirigas.</strong></span> 
     </span>
     <span class='ocr_line' id='line_1_48' title="bbox 107 4561 2113 4648; baseline -0 -19"><span class='ocrx_word' id='word_1_677' title='bbox 107 4565 247 4648; x_wconf 86' lang='lat' dir='ltr'><strong>pliciter</strong></span> <span class='ocrx_word' id='word_1_678' title='bbox 263 4564 346 4646; x_wconf 89' lang='lat' dir='ltr'><strong>petit</strong></span> <span class='ocrx_word' id='word_1_679' title='bbox 363 4563 535 4628; x_wconf 90' lang='lat' dir='ltr'><strong>consilium</strong></span> <span class='ocrx_word' id='word_1_680' title='bbox 552 4563 739 4628; x_wconf 90' lang='lat' dir='ltr'><strong>aDomino:</strong></span> <span class='ocrx_word' id='word_1_681' title='bbox 759 4563 815 4629; x_wconf 90' lang='lat' dir='ltr'><strong>sed</strong></span> <span class='ocrx_word' id='word_1_682' title='bbox 833 4561 975 4646; x_wconf 87' lang='lat' dir='ltr'><strong>puellam</strong></span> <span class='ocrx_word' id='word_1_683' title='bbox 993 4583 1091 4645; x_wconf 91' lang='lat' dir='ltr'><strong>quam</strong></span> <span class='ocrx_word' id='word_1_684' title='bbox 1142 4561 1254 4643; x_wconf 76' lang='lat' dir='ltr'><strong>Quum</strong></span> <span class='ocrx_word' id='word_1_685' title='bbox 1266 4583 1345 4627; x_wconf 82' lang='lat' dir='ltr'><strong>vero</strong></span> <span class='ocrx_word' id='word_1_686' title='bbox 1356 4563 1510 4628; x_wconf 90' lang='lat' dir='ltr'><strong>continuo</strong></span> <span class='ocrx_word' id='word_1_687' title='bbox 1527 4571 1601 4646; x_wconf 88' lang='lat' dir='ltr'><strong>post</strong></span> <span class='ocrx_word' id='word_1_688' title='bbox 1617 4561 1762 4628; x_wconf 89' lang='lat' dir='ltr'><strong>subiicit:</strong></span> <span class='ocrx_word' id='word_1_689' title='bbox 1782 4561 1850 4626; x_wconf 86' lang='lat' dir='ltr'><strong>Fac</strong></span> <span class='ocrx_word' id='word_1_690' title='bbox 1865 4563 2113 4628; x_wconf 81' lang='lat' dir='ltr'><strong>misericordium</strong></span> 
     </span>
     <span class='ocr_line' id='line_1_49' title="bbox 108 4647 2112 4732; baseline 0 -17"><span class='ocrx_word' id='word_1_691' title='bbox 108 4650 297 4716; x_wconf 87' lang='lat' dir='ltr'><strong>destinavit</strong></span> <span class='ocrx_word' id='word_1_692' title='bbox 314 4669 449 4714; x_wconf 87' lang='lat' dir='ltr'><strong>uxorem</strong></span> <span class='ocrx_word' id='word_1_693' title='bbox 468 4649 570 4727; x_wconf 91' lang='lat' dir='ltr'><strong>Isaac,</strong></span> <span class='ocrx_word' id='word_1_694' title='bbox 594 4648 656 4714; x_wconf 92' lang='lat' dir='ltr'><strong>sibi</strong></span> <span class='ocrx_word' id='word_1_695' title='bbox 676 4649 786 4714; x_wconf 84' lang='lat' dir='ltr'><strong>offerri</strong></span> <span class='ocrx_word' id='word_1_696' title='bbox 804 4668 879 4713; x_wconf 90' lang='lat' dir='ltr'><strong>cum</strong></span> <span class='ocrx_word' id='word_1_697' title='bbox 897 4658 987 4715; x_wconf 89' lang='lat' dir='ltr'><strong>certa</strong></span> <span class='ocrx_word' id='word_1_698' title='bbox 1003 4658 1090 4726; x_wconf 93' lang='lat' dir='ltr'><strong>nota,</strong></span> <span class='ocrx_word' id='word_1_699' title='bbox 1140 4667 1209 4713; x_wconf 76' lang='lat' dir='ltr'><strong>carn</strong></span> <span class='ocrx_word' id='word_1_700' title='bbox 1229 4667 1317 4713; x_wconf 80' lang='lat' dir='ltr'><strong>seruo</strong></span> <span class='ocrx_word' id='word_1_701' title='bbox 1335 4652 1396 4725; x_wconf 83' lang='lat' dir='ltr'><strong>tuo,</strong></span> <span class='ocrx_word' id='word_1_702' title='bbox 1418 4648 1583 4732; x_wconf 84' lang='lat' dir='ltr'><strong>significat</strong></span> <span class='ocrx_word' id='word_1_703' title='bbox 1598 4669 1663 4712; x_wconf 89' lang='lat' dir='ltr'><strong>non</strong></span> <span class='ocrx_word' id='word_1_704' title='bbox 1681 4647 1744 4712; x_wconf 91' lang='lat' dir='ltr'><strong>alio</strong></span> <span class='ocrx_word' id='word_1_705' title='bbox 1761 4669 1796 4713; x_wconf 92' lang='lat' dir='ltr'><strong>sc</strong></span> <span class='ocrx_word' id='word_1_706' title='bbox 1813 4648 1885 4712; x_wconf 88' lang='lat' dir='ltr'><strong>iure</strong></span> <span class='ocrx_word' id='word_1_707' title='bbox 1904 4649 1964 4714; x_wconf 94' lang='lat' dir='ltr'><strong>hoc</strong></span> <span class='ocrx_word' id='word_1_708' title='bbox 1982 4650 2112 4729; x_wconf 90' lang='lat' dir='ltr'><strong>audere,</strong></span> 
     </span>
     <span class='ocr_line' id='line_1_50' title="bbox 107 4732 2111 4818; baseline -0 -16"><span class='ocrx_word' id='word_1_709' title='bbox 107 4735 206 4802; x_wconf 90' lang='lat' dir='ltr'><strong>unde</strong></span> <span class='ocrx_word' id='word_1_710' title='bbox 229 4734 363 4818; x_wconf 89' lang='lat' dir='ltr'><strong>colligat</strong></span> <span class='ocrx_word' id='word_1_711' title='bbox 384 4734 445 4799; x_wconf 92' lang='lat' dir='ltr'><strong>sibi</strong></span> <span class='ocrx_word' id='word_1_712' title='bbox 466 4732 624 4800; x_wconf 87' lang='lat' dir='ltr'><strong>divinitus</strong></span> <span class='ocrx_word' id='word_1_713' title='bbox 647 4735 788 4800; x_wconf 91' lang='lat' dir='ltr'><strong>oblatam</strong></span> <span class='ocrx_word' id='word_1_714' title='bbox 810 4755 890 4800; x_wconf 90' lang='lat' dir='ltr'><strong>csse.</strong></span> <span class='ocrx_word' id='word_1_715' title='bbox 937 4733 1034 4815; x_wconf 76' lang='lat' dir='ltr'><strong>Quod</strong></span> <span class='ocrx_word' id='word_1_716' title='bbox 1056 4734 1090 4798; x_wconf 93' lang='lat' dir='ltr'><strong>in</strong></span> <span class='ocrx_word' id='word_1_717' title='bbox 1140 4735 1205 4798; x_wconf 91' lang='lat' dir='ltr'><strong>nisi</strong></span> <span class='ocrx_word' id='word_1_718' title='bbox 1238 4734 1313 4815; x_wconf 90' lang='lat' dir='ltr'><strong>quia</strong></span> <span class='ocrx_word' id='word_1_719' title='bbox 1340 4734 1432 4799; x_wconf 92' lang='lat' dir='ltr'><strong>Deus</strong></span> <span class='ocrx_word' id='word_1_720' title='bbox 1464 4734 1605 4818; x_wconf 90' lang='lat' dir='ltr'><strong>gratiam</strong></span> <span class='ocrx_word' id='word_1_721' title='bbox 1638 4753 1729 4800; x_wconf 90' lang='lat' dir='ltr'><strong>suam</strong></span> <span class='ocrx_word' id='word_1_722' title='bbox 1762 4732 1916 4798; x_wconf 89' lang='lat' dir='ltr'><strong>Abrahae</strong></span> <span class='ocrx_word' id='word_1_723' title='bbox 1948 4733 2111 4816; x_wconf 91' lang='lat' dir='ltr'><strong>pollicitus</strong></span> 
     </span>
     <span class='ocr_line' id='line_1_51' title="bbox 107 4819 1255 4903; baseline -0.003 -16"><span class='ocrx_word' id='word_1_724' title='bbox 107 4843 147 4888; x_wconf 87' lang='lat' dir='ltr'><strong>re</strong></span> <span class='ocrx_word' id='word_1_725' title='bbox 172 4830 245 4886; x_wconf 88' lang='lat' dir='ltr'><strong>tam</strong></span> <span class='ocrx_word' id='word_1_726' title='bbox 268 4819 403 4886; x_wconf 81' lang='lat' dir='ltr'><strong>confusa</strong></span> <span class='ocrx_word' id='word_1_727' title='bbox 425 4840 492 4884; x_wconf 91' lang='lat' dir='ltr'><strong>uon</strong></span> <span class='ocrx_word' id='word_1_728' title='bbox 514 4829 624 4903; x_wconf 89' lang='lat' dir='ltr'><strong>stupet</strong></span> <span class='ocrx_word' id='word_1_729' title='bbox 654 4821 746 4903; x_wconf 90' lang='lat' dir='ltr'><strong>quasi</strong></span> <span class='ocrx_word' id='word_1_730' title='bbox 775 4821 947 4900; x_wconf 91' lang='lat' dir='ltr'><strong>attonitus,</strong></span> <span class='ocrx_word' id='word_1_731' title='bbox 975 4819 1032 4884; x_wconf 90' lang='lat' dir='ltr'><strong>sed</strong></span> <span class='ocrx_word' id='word_1_732' title='bbox 1053 4820 1089 4885; x_wconf 90' lang='lat' dir='ltr'><strong>in</strong></span> <span class='ocrx_word' id='word_1_733' title='bbox 1139 4820 1255 4884; x_wconf 82' lang='lat' dir='ltr'><strong>suerat.</strong></span> 
     </span>
     <span class='ocr_line' id='line_1_52' title="bbox 107 4903 2111 4992; baseline -0 -20"><span class='ocrx_word' id='word_1_734' title='bbox 107 4927 231 4992; x_wconf 89' lang='lat' dir='ltr'><strong>preces</strong></span> <span class='ocrx_word' id='word_1_735' title='bbox 268 4905 402 4972; x_wconf 89' lang='lat' dir='ltr'><strong>collecto</strong></span> <span class='ocrx_word' id='word_1_736' title='bbox 442 4905 552 4971; x_wconf 92' lang='lat' dir='ltr'><strong>animo</strong></span> <span class='ocrx_word' id='word_1_737' title='bbox 591 4908 747 4990; x_wconf 89' lang='lat' dir='ltr'><strong>erumpit,</strong></span> <span class='ocrx_word' id='word_1_738' title='bbox 786 4906 916 4989; x_wconf 90' lang='lat' dir='ltr'><strong>pictatis</strong></span> <span class='ocrx_word' id='word_1_739' title='bbox 949 4915 983 4972; x_wconf 86' lang='lat' dir='ltr'><strong>et</strong></span> <span class='ocrx_word' id='word_1_740' title='bbox 1014 4905 1091 4970; x_wconf 86' lang='lat' dir='ltr'><strong>fidei</strong></span> <span class='ocrx_word' id='word_1_741' title='bbox 1226 4903 1276 4970; x_wconf 79' lang='lat'><strong>15.</strong></span> <span class='ocrx_word' id='word_1_742' title='bbox 1295 4904 1474 4984; x_wconf 72' lang='lat' dir='ltr'><strong>Antequam</strong></span> <span class='ocrx_word' id='word_1_743' title='bbox 1490 4906 1558 4984; x_wconf 84' lang='lat' dir='ltr'><strong>ipse</strong></span> <span class='ocrx_word' id='word_1_744' title='bbox 1574 4903 1780 4986; x_wconf 80' lang='lat' dir='ltr'><strong>complevisset</strong></span> <span class='ocrx_word' id='word_1_745' title='bbox 1797 4903 1889 4986; x_wconf 79' lang='lat' dir='ltr'><strong>hqui.</strong></span> <span class='ocrx_word' id='word_1_746' title='bbox 1926 4904 2111 4971; x_wconf 86' lang='lat' dir='ltr'><strong>Ocutextus</strong></span> 
     </span>
     <span class='ocr_line' id='line_1_53' title="bbox 106 4989 2110 5078; baseline -0.001 -20"><span class='ocrx_word' id='word_1_747' title='bbox 106 4995 253 5078; x_wconf 83' lang='lat' dir='ltr'><strong>signum</strong></span> <span class='ocrx_word' id='word_1_748' title='bbox 281 5003 340 5057; x_wconf 85' lang='lat' dir='ltr'><strong>eet</strong></span> <span class='ocrx_word' id='word_1_749' title='bbox 391 4989 457 5057; x_wconf 90' lang='lat' dir='ltr'><strong>Sed</strong></span> <span class='ocrx_word' id='word_1_750' title='bbox 486 4990 644 5057; x_wconf 84' lang='lat' dir='ltr'><strong>divinatio</strong></span> <span class='ocrx_word' id='word_1_751' title='bbox 672 5012 737 5074; x_wconf 91' lang='lat' dir='ltr'><strong>qua</strong></span> <span class='ocrx_word' id='word_1_752' title='bbox 763 4991 880 5069; x_wconf 86' lang='lat' dir='ltr'><strong>utitur,</strong></span> <span class='ocrx_word' id='word_1_753' title='bbox 910 5012 984 5057; x_wconf 86' lang='lat' dir='ltr'><strong>curn</strong></span> <span class='ocrx_word' id='word_1_754' title='bbox 1013 5011 1091 5056; x_wconf 83' lang='lat' dir='ltr'><strong>vera</strong></span> <span class='ocrx_word' id='word_1_755' title='bbox 1139 4989 1241 5056; x_wconf 88' lang='lat' dir='ltr'><strong>lllosis</strong></span> <span class='ocrx_word' id='word_1_756' title='bbox 1265 4992 1345 5056; x_wconf 89' lang='lat' dir='ltr'><strong>satis</strong></span> <span class='ocrx_word' id='word_1_757' title='bbox 1367 4989 1572 5055; x_wconf 87' lang='lat' dir='ltr'><strong>demonstrat</strong></span> <span class='ocrx_word' id='word_1_758' title='bbox 1589 5010 1654 5054; x_wconf 90' lang='lat' dir='ltr'><strong>non</strong></span> <span class='ocrx_word' id='word_1_759' title='bbox 1675 4990 1775 5056; x_wconf 90' lang='lat' dir='ltr'><strong>stulte</strong></span> <span class='ocrx_word' id='word_1_760' title='bbox 1796 4997 1989 5073; x_wconf 89' lang='lat' dir='ltr'><strong>conceptum</strong></span> <span class='ocrx_word' id='word_1_761' title='bbox 2011 4992 2110 5056; x_wconf 86' lang='lat' dir='ltr'><strong>luisse</strong></span> 
     </span>
     <span class='ocr_line' id='line_1_54' title="bbox 105 5073 2110 5162; baseline -0.002 -17"><span class='ocrx_word' id='word_1_762' title='bbox 105 5077 235 5145; x_wconf 88' lang='lat' dir='ltr'><strong>orandi</strong></span> <span class='ocrx_word' id='word_1_763' title='bbox 253 5077 369 5162; x_wconf 89' lang='lat' dir='ltr'><strong>regula</strong></span> <span class='ocrx_word' id='word_1_764' title='bbox 379 5098 445 5143; x_wconf 89' lang='lat' dir='ltr'><strong>non</strong></span> <span class='ocrx_word' id='word_1_765' title='bbox 463 5077 542 5142; x_wconf 89' lang='lat' dir='ltr'><strong>satis</strong></span> <span class='ocrx_word' id='word_1_766' title='bbox 559 5077 690 5144; x_wconf 86' lang='lat' dir='ltr'><strong>videtur</strong></span> <span class='ocrx_word' id='word_1_767' title='bbox 707 5097 895 5161; x_wconf 84' lang='lat' dir='ltr'><strong>congruere.</strong></span> <span class='ocrx_word' id='word_1_768' title='bbox 928 5076 1088 5156; x_wconf 90' lang='lat' dir='ltr'><strong>Primum,</strong></span> <span class='ocrx_word' id='word_1_769' title='bbox 1138 5087 1260 5143; x_wconf 82' lang='lat' dir='ltr'><strong>votum.</strong></span> <span class='ocrx_word' id='word_1_770' title='bbox 1304 5074 1383 5159; x_wconf 86' lang='lat' dir='ltr'><strong>Ipsa</strong></span> <span class='ocrx_word' id='word_1_771' title='bbox 1404 5077 1504 5140; x_wconf 89' lang='lat' dir='ltr'><strong>ctiam</strong></span> <span class='ocrx_word' id='word_1_772' title='bbox 1526 5075 1690 5154; x_wconf 90' lang='lat' dir='ltr'><strong>celeritas,</strong></span> <span class='ocrx_word' id='word_1_773' title='bbox 1720 5095 1828 5142; x_wconf 90' lang='lat' dir='ltr'><strong>raram</strong></span> <span class='ocrx_word' id='word_1_774' title='bbox 1852 5077 1915 5140; x_wconf 88' lang='lat' dir='ltr'><strong>Dei</strong></span> <span class='ocrx_word' id='word_1_775' title='bbox 1937 5073 2110 5159; x_wconf 88' lang='lat' dir='ltr'><strong>indulgeu-</strong></span> 
     </span>
     <span class='ocr_line' id='line_1_55' title="bbox 104 5158 2109 5246; baseline -0.003 -14"><span class='ocrx_word' id='word_1_776' title='bbox 104 5167 240 5232; x_wconf 88' lang='lat' dir='ltr'><strong>scimus</strong></span> <span class='ocrx_word' id='word_1_777' title='bbox 263 5165 427 5229; x_wconf 90' lang='lat' dir='ltr'><strong>neminem</strong></span> <span class='ocrx_word' id='word_1_778' title='bbox 448 5164 510 5228; x_wconf 89' lang='lat' dir='ltr'><strong>rite</strong></span> <span class='ocrx_word' id='word_1_779' title='bbox 532 5164 658 5246; x_wconf 88' lang='lat' dir='ltr'><strong>precari</strong></span> <span class='ocrx_word' id='word_1_780' title='bbox 678 5163 742 5229; x_wconf 90' lang='lat' dir='ltr'><strong>nisi</strong></span> <span class='ocrx_word' id='word_1_781' title='bbox 764 5163 820 5246; x_wconf 93' lang='lat' dir='ltr'><strong>qui</strong></span> <span class='ocrx_word' id='word_1_782' title='bbox 841 5174 920 5228; x_wconf 81' lang='lat' dir='ltr'><strong>vota</strong></span> <span class='ocrx_word' id='word_1_783' title='bbox 940 5183 1000 5228; x_wconf 88' lang='lat' dir='ltr'><strong>sua</strong></span> <span class='ocrx_word' id='word_1_784' title='bbox 1017 5160 1089 5226; x_wconf 92' lang='lat' dir='ltr'><strong>Deo</strong></span> <span class='ocrx_word' id='word_1_785' title='bbox 1139 5162 1221 5226; x_wconf 88' lang='lat' dir='ltr'><strong>tiam</strong></span> <span class='ocrx_word' id='word_1_786' title='bbox 1242 5162 1391 5238; x_wconf 87' lang='lat' dir='ltr'><strong>ostendit,</strong></span> <span class='ocrx_word' id='word_1_787' title='bbox 1415 5160 1499 5244; x_wconf 93' lang='lat' dir='ltr'><strong>quod</strong></span> <span class='ocrx_word' id='word_1_788' title='bbox 1524 5160 1690 5226; x_wconf 92' lang='lat' dir='ltr'><strong>hominem</strong></span> <span class='ocrx_word' id='word_1_789' title='bbox 1712 5182 1777 5226; x_wconf 92' lang='lat' dir='ltr'><strong>non</strong></span> <span class='ocrx_word' id='word_1_790' title='bbox 1800 5161 1925 5244; x_wconf 88' lang='lat' dir='ltr'><strong>patitur</strong></span> <span class='ocrx_word' id='word_1_791' title='bbox 1941 5160 2033 5226; x_wconf 91' lang='lat' dir='ltr'><strong>Deus</strong></span> <span class='ocrx_word' id='word_1_792' title='bbox 2052 5158 2109 5226; x_wconf 93' lang='lat' dir='ltr'><strong>diu</strong></span> 
     </span>
     <span class='ocr_line' id='line_1_56' title="bbox 1140 5247 2109 5330; baseline -0.004 -16"><span class='ocrx_word' id='word_1_793' title='bbox 1140 5268 1215 5314; x_wconf 91' lang='lat' dir='ltr'><strong>cum</strong></span> <span class='ocrx_word' id='word_1_794' title='bbox 1238 5249 1403 5313; x_wconf 88' lang='lat' dir='ltr'><strong>anxietate</strong></span> <span class='ocrx_word' id='word_1_795' title='bbox 1425 5247 1553 5312; x_wconf 88' lang='lat' dir='ltr'><strong>luctari.</strong></span> <span class='ocrx_word' id='word_1_796' title='bbox 1588 5247 1695 5312; x_wconf 91' lang='lat' dir='ltr'><strong>Domo</strong></span> <span class='ocrx_word' id='word_1_797' title='bbox 1717 5247 1848 5329; x_wconf 89' lang='lat' dir='ltr'><strong>quidem</strong></span> <span class='ocrx_word' id='word_1_798' title='bbox 1871 5247 1963 5330; x_wconf 89' lang='lat' dir='ltr'><strong>prius</strong></span> <span class='ocrx_word' id='word_1_799' title='bbox 1985 5247 2109 5310; x_wconf 85' lang='lat' dir='ltr'><strong>exierat</strong></span> 
     </span>
    </p>
   </div>
   <div class='ocr_carea' id='block_1_3' title="bbox 182 5331 2108 5420">
    <p class='ocr_par' dir='ltr' id='par_1_3' title="bbox 182 5331 2108 5420">
     <span class='ocr_line' id='line_1_57' title="bbox 182 5331 2108 5420; baseline -0.004 -15"><span class='ocrx_word' id='word_1_800' title='bbox 182 5351 215 5420; x_wconf 93' lang='lat'><strong>1)</strong></span> <span class='ocrx_word' id='word_1_801' title='bbox 234 5349 290 5406; x_wconf 74' lang='lat' dir='ltr'><strong>Ed.</strong></span> <span class='ocrx_word' id='word_1_802' title='bbox 306 5351 434 5420; x_wconf 76' lang='lat' dir='ltr'><strong>princeps</strong></span> <span class='ocrx_word' id='word_1_803' title='bbox 451 5351 495 5406; x_wconf 79' lang='lat' dir='ltr'><strong>tte</strong></span> <span class='ocrx_word' id='word_1_804' title='bbox 512 5357 536 5406; x_wconf 81' lang='lat' dir='ltr'><strong>ct</strong></span> <span class='ocrx_word' id='word_1_805' title='bbox 553 5351 584 5405; x_wconf 78' lang='lat' dir='ltr'><strong>tn</strong></span> <span class='ocrx_word' id='word_1_806' title='bbox 601 5355 690 5405; x_wconf 73' lang='lat' dir='ltr'><strong>urta.-</strong></span> <span class='ocrx_word' id='word_1_807' title='bbox 707 5349 829 5404; x_wconf 82' lang='lat' dir='ltr'><strong>Domine.</strong></span> <span class='ocrx_word' id='word_1_808' title='bbox 858 5349 897 5405; x_wconf 80' lang='lat' dir='ltr'><strong>Et</strong></span> <span class='ocrx_word' id='word_1_809' title='bbox 914 5351 954 5405; x_wconf 76' lang='lat' dir='ltr'><strong>stc</strong></span> <span class='ocrx_word' id='word_1_810' title='bbox 971 5350 1088 5418; x_wconf 66' lang='lat' dir='ltr'><strong>amtor.</strong></span> <span class='ocrx_word' id='word_1_811' title='bbox 1139 5333 1288 5399; x_wconf 87' lang='lat' dir='ltr'><strong>Rebecca</strong></span> <span class='ocrx_word' id='word_1_812' title='bbox 1309 5353 1407 5417; x_wconf 89' lang='lat' dir='ltr'><strong>quam</strong></span> <span class='ocrx_word' id='word_1_813' title='bbox 1429 5331 1484 5398; x_wconf 91' lang='lat' dir='ltr'><strong>ille</strong></span> <span class='ocrx_word' id='word_1_814' title='bbox 1501 5332 1629 5417; x_wconf 89' lang='lat' dir='ltr'><strong>precari</strong></span> <span class='ocrx_word' id='word_1_815' title='bbox 1649 5331 1822 5416; x_wconf 90' lang='lat' dir='ltr'><strong>inciperet:</strong></span> <span class='ocrx_word' id='word_1_816' title='bbox 1851 5332 1908 5399; x_wconf 93' lang='lat' dir='ltr'><strong>sed</strong></span> <span class='ocrx_word' id='word_1_817' title='bbox 1931 5331 2108 5397; x_wconf 89' lang='lat' dir='ltr'><strong>tenendum</strong></span> 
     </span>
    </p>
   </div>
   <div class='ocr_carea' id='block_1_4' title="bbox 0 0 2504 6208">
    <p class='ocr_par' dir='ltr' id='par_1_4' title="bbox 0 0 2504 6208">
     <span class='ocr_line' id='line_1_58' title="bbox 0 0 2504 6208; baseline 0 11"><span class='ocrx_word' id='word_1_818' title='bbox 0 0 2504 6208; x_wconf 95' lang='lat' dir='ltr'><strong> </strong></span> 
     </span>
    </p>
   </div>
  </div>
 </body>
</html>
