4988 6192
114 445 177 510 401
366 446 373 453 '
774 440 1145 512 COMMENTARIUS
1167 443 1219 509 IN
1241 442 1455 512 GENESIN.
2050 447 2116 514 402

113 633 169 700 ille
192 633 304 698 fletus:
327 631 404 714 quia
425 628 545 714 partim
566 629 695 715 gaudio,
717 631 838 714 partim
856 630 1015 697 memoria
1032 631 1088 697 do·
1142 631 1194 697 vol
1224 630 1341 697 saltem
1371 631 1454 698 tales
1482 631 1619 699 nebulas
1648 631 1779 699 obduoit
1801 634 1894 699 utin
1917 634 2116 701 eontrarium

115 740 189 785 mus
227 725 399 801 paternae,
443 714 652 801 humanoque
691 716 811 783 affeetu
850 715 885 782 in
925 716 1089 802 lacrymas
1140 725 1269 818 partem
1301 717 1458 784 ferantur.
1504 716 1616 800 Quare
1648 717 1811 785 diseamus
1843 719 1993 785 fraenum
2022 721 2116 788 nobis

115 807 267 887 erumpit.
1139 803 1274 868 rniioere
1286 824 1327 869 ne
1345 804 1475 887 propria
1492 803 1617 870 utilitas
1633 802 1674 870 ad
1691 804 1938 888 opprimendam
1956 804 2116 874 iustitiam

203 889 254 955 13.
277 881 323 954 at
343 888 489 954 tonavit
510 887 576 970 ipsi
598 887 710 955 Ladan
732 889 838 954 omnia
858 886 941 954 boet.
978 885 1090 969 Quum
1140 889 1337 972 praevaleat.
1392 893 1502 973 Atque
1542 889 1618 955 bino
1657 897 1772 955 natum
1806 898 1857 956 est
1918 890 2115 971 roverbium,

114 977 206 1060 prius
229 973 365 1040 vidisset
386 973 501 1039 Laban
525 993 628 1039 unum
651 995 693 1040 ex
718 973 823 1042 servis
846 972 1001 1040 Abrahae
1023 994 1091 1040 non
1141 975 1307 1040 neminem
1327 974 1363 1040 in
1386 995 1445 1041 sua
1467 995 1565 1042 eausa
1586 973 1738 1041 idoneum
1760 989 1831 1041 essa
1853 911 2011 1042 iudicem:
2038 979 2115 1060 quia

114 1061 246 1148 vulgari
263 1060 430 1143 opulentia
448 1058 612 1138 refertum,
637 1059 770 1127 sinistra
788 1058 828 1125 da
846 1068 963 1144 nepoto
981 1059 1091 1143 opinio
1141 1060 1263 1144 singuli
1286 1060 1361 1144 plus
1379 1082 1476 1144 quam
1521 1083 1558 1126 ar
1579 1072 1628 1128 est
1649 1061 1712 1127 sibi
1735 1060 1864 1137 addicti,
1887 1061 1966 1146 qnid
1988 1074 2115 1128 reatum

112 1147 227 1213 statim
250 1145 433 1220 illivanire
453 1146 487 1209 in
509 1153 653 1210 mentem
682 1145 797 1229 potuit.
842 1146 932 1230 Ergo
958 1165 1090 1212 neeesse
1140 1146 1183 1212 sit
1203 1145 1449 1212 oblivisountur.
1490 1081 1601 1228 Neara
1622 1147 1786 1230 rogandus
1809 1147 1899 1214 Deus
1920 1155 1958 1213 ut
1980 1147 2115 1215 effeetus

114 1233 175 1298 ruit
198 1239 312 1298 sanato
334 1230 432 1298 Iaoeb
453 1228 613 1296 discessus
636 1232 687 1297 sui
709 1250 823 1298 aausas
851 1251 1030 1315 exponere,
1057 1239 1091 1296 et
1141 1240 1271 1297 nostros
1299 1231 1418 1314 spiritu
1451 1232 1533 1298 reoti
1559 1231 1669 1298 iudioii
1703 1242 1927 1315 temperatae
1954 1231 2113 1300 oohibeat.

111 1339 173 1384 our
194 1316 305 1383 inille
327 1315 562 1398 oontemptibili
585 1314 699 1382 habitu
728 1315 882 1382 dimissus
904 1325 999 1382 εεεει.
1044 1317 1091 1382 ut
1140 1314 1238 1399 Quod
1261 1337 1302 1382 ox
1322 1325 1493 1399 eompaoto
1515 1339 1612 1402 agere
1634 1319 1709 1383 vult
1729 1318 1861 1398 Laban,
1894 1317 1935 1383 ed
1963 1317 2115 1386 vitandas

113 1401 269 1470 eredibile
287 1411 337 1468 εει
354 1423 375 1466 ε
391 1412 497 1466 matre
513 1401 617 1467 fuisse
638 1402 798 1481 edootum,
820 1400 938 1485 quibus
960 1401 1090 1468 indioiis
1140 1403 1215 1470 lites
1236 1409 1269 1468 et
1291 1403 1440 1485 querelas
1462 1403 1560 1469 valet.
1605 1403 1728 1469 Notum
1750 1411 1800 1469 est
1823 1413 1919 1470 vetus
1942 1403 2024 1470 illud
2047 1403 2115 1470 dio·

113 1511 152 1556 ao
182 1488 269 1554 notis
298 1486 396 1553 fidem
425 1507 503 1552 suae
531 1487 735 1571 cognationis
756 1487 887 1556 sanaret.
931 1487 1010 1553 Ideo
1032 1508 1089 1552 ex·
1141 1497 1228 1554 tum:
1250 1488 1416 1573 Legitima
1443 1489 1604 1572 agendum
1627 1509 1698 1555 osse
1720 1509 1795 1556 oum
1817 1490 1946 1569 amieis,
1972 1513 2012 1556 na
2034 1491 2115 1576 legi·

109 1575 236 1642 elamat
257 1573 388 1640 Laban:
420 1571 495 1638 Vere
516 1592 551 1640 oa
571 1593 672 1638 meum
693 1578 721 1640 ει
740 1593 814 1640 aero
835 1592 905 1640 meo
924 1592 965 1653 se,
987 1573 1089 1658 signi·
1141 1574 1221 1638 timo
1244 1594 1341 1658 agero
1363 1581 1477 1658 postea
1498 1595 1661 1660 cogamur.
1697 1574 1793 1642 Unde
1816 1575 1905 1642 enim
1928 1585 1975 1640 tot
1997 1577 2114 1660 strepi·

113 1662 219 1727 fieaus
239 1659 319 1725 satis
341 1657 404 1723 sibi
427 1679 497 1724 esse
517 1657 655 1725 fastum:
686 1679 724 1724 ao
750 1659 853 1743 signis
874 1658 1008 1724 minimo
1030 1659 1089 1724 du·
1141 1666 1196 1726 tus
1217 1659 1376 1738 forenses,
1405 1661 1467 1726 nisi
1489 1661 1574 1743 qnod
1596 1661 1732 1743 quisque
1753 1659 1827 1744 plus
1856 1682 1957 1745 aequo
1979 1683 2058 1747 erga
2080 1682 2114 1728 se

112 1747 178 1813 biis
207 1764 401 1829 persuasum
422 1764 458 1810 se
490 1741 606 1811 adduoi
630 1754 665 1810 ut
686 1742 785 1810 Iaoob
812 1752 969 1829 agnoscat
990 1763 1090 1828 nepo·
1141 1744 1303 1824 liberalis,
1327 1745 1362 1810 in
1380 1746 1461 1812 alios
1484 1757 1534 1812 εει
1556 1747 1749 1812 restrictior:
1776 1745 1849 1812 ideo
1872 1747 1969 1815 oertis
1992 1748 2115 1831 pastio·

113 1842 191 1898 tem.
236 1831 330 1896 Haeo
358 1829 476 1894 notitia
503 1849 578 1896 eum
607 1829 648 1894 ad
676 1829 914 1896 humanitatem
942 1829 1089 1896 inclinat.
1141 1831 1238 1897 nibus
1259 1850 1340 1914 opus
1362 1839 1411 1897 est
1433 1832 1474 1897 ad
1497 1831 1701 1900 oonoordiam
1723 1830 1915 1914 fovendam,
1947 1854 2031 1917 quae
2052 1833 2115 1900 ini·

111 1918 203 1984 Nam
230 1916 291 1982 hoo
320 1914 424 1984 dietat
453 1922 589 1982 naturae
618 1936 749 1995 sensus,
781 1923 817 1981 ut
846 1917 902 1999 qui
929 1915 1090 2001 sanguino
1141 1917 1300 2000 quitatem
1322 1915 1400 1984 hino
1417 1917 1494 1984 inde
1518 1917 1739 2001 praeveniant.

110 2001 283 2071 ooninnoti
299 2009 379 2066 sunt
395 2000 452 2066 alii
469 2001 549 2067 alios
567 2002 682 2070 iuvare
699 2001 861 2074 studeant.
892 2000 1089 2084 Quanquam
1228 2002 1278 2068 18.
1313 2001 1457 2068 Βενείαει
1488 2003 1546 2068 tibi
1574 2008 1686 2086 septam
1718 2023 1824 2070 anuos.
1881 2004 2049 2070 Memento
2082 2027 2117 2072 se

107 2097 224 2156 autem
254 2087 376 2154 arotius
405 2097 455 2152 est
483 2087 569 2152 inter
598 2096 753 2170 cognatos
782 2086 963 2165 vineolam,
993 2088 1090 2154 latius
1140 2087 1249 2172 prodit
1270 2087 1429 2171 iniquitas
1446 2089 1571 2154 haban.
1607 2089 1727 2172 Turpis
1749 2089 1847 2154 etiam
1871 2089 2035 2156 barbaries
2057 2097 2116 2170 ost,

108 2183 224 2240 tamen
246 2183 358 2257 patere
380 2172 476 2239 debet
500 2181 611 2238 nostra
632 2172 834 2256 benignitas,
863 2183 899 2239 ut
919 2194 954 2239 se
976 2172 1018 2238 ad
1039 2181 1090 2238 to·
1140 2173 1227 2258 quod
1266 2174 1368 2238 filiam
1408 2195 1502 2240 suam
1542 2175 1701 2241 mereodis
1739 2175 1808 2240 looo
1843 2186 2008 2259 permutat
2040 2197 2116 2241 oum

109 2269 184 2327 tum
214 2259 395 2326 humanum
423 2279 527 2343 genus
556 2257 727 2324 diffundat.
773 2257 920 2339 Quodsi
946 2260 1090 2324 interea
1141 2259 1247 2343 operis
1277 2258 1384 2326 Iaoob.
1434 2261 1519 2325 Nam
1546 2258 1626 2327 haee
1654 2260 1812 2343 quaedam
1841 2271 1890 2328 est
1919 2259 2117 2328 venditionis

108 2347 202 2412 ultro
220 2345 364 2428 nitroque
382 2343 547 2410 ooniunoti
564 2352 646 2409 sunt
662 2363 775 2410 omnes
787 2343 880 2410 Adae
897 2343 967 2422 filii,
986 2345 1091 2410 multo
1141 2346 1273 2428 speeies.
1324 2345 1440 2410 Potius
1474 2345 1630 2412 debuerat
1664 2368 1728 2412 non
1763 2346 1859 2411 modo
1888 2345 1988 2411 filiae.
2006 2346 2116 2433 dotem

107 2431 278 2499 eliioaeior
295 2451 365 2499 esse
384 2428 480 2497 debet
497 2429 676 2512 spiritualis
698 2429 858 2514 eognatio,
882 2450 980 2513 quam
999 2430 1092 2496 Deus
1141 2432 1344 2515 oonsignare‚
1371 2430 1428 2496 sed
1447 2430 1615 2498 liberalius
1638 2452 1734 2515 agere
1756 2453 1829 2498 oum
1852 2431 1963 2498 futuro
1984 2452 2115 2517 genero.

107 2519 201 2584 inter
223 2514 338 2582 fideles
362 2514 532 2593 oonoiliat,
566 2523 600 2580 et
624 2535 687 2598 qua
712 2515 841 2582 nullum
863 2528 914 2582 est
935 2515 1080 2583 sanetius
1143 2518 1242 2600 Atqui
1284 2516 1454 2583 affinitatis
1491 2525 1668 2600 praetextu
1707 2517 1829 2584 laboris
1862 2539 1937 2583 eum
1970 2517 2118 2584 meroede

108 2611 248 2670 mutuas
270 2599 519 2667 benevolentiae
542 2600 719 2667 vinoulum.
1141 2601 1288 2681 fraudat,
1322 2602 1407 2686 quod
1441 2602 1533 2686 prius
1564 2603 1722 2669 iniustum
1755 2623 1825 2669 esse
1858 2604 2024 2669 confessus
2058 2616 2116 2669 est.

201 2687 253 2754 14.
271 2686 316 2752 Et
331 2687 484 2752 labiavit
499 2707 613 2753 eumen
627 2707 761 2752 mensem
777 2687 940 2772 integrum.
975 2685 1089 2768 Quan-
1142 2686 1240 2756 Olare
1262 2709 1340 2773 ergo
1361 2689 1574 2772 perspieimus
1597 2688 1682 2772 quod
1706 2690 1795 2774 prius
1817 2690 1920 2773 attigi.
1955 2687 2117 2770 Quamvis

105 2795 213 2859 quam
231 2793 296 2840 non
319 2772 446 2839 dubitat
464 2771 581 2838 Laban
599 2771 678 2856 quin
700 2771 798 2838 Iaoob
816 2793 897 2838 suus
914 2794 955 2838 ex
980 2793 1090 2838 sorore
1141 2795 1182 2839 ex
1216 2785 1308 2840 utero
1341 2775 1457 2840 matris
1488 2775 1675 2860 generalem
1710 2774 1852 2840 iustitiae
1885 2774 2036 2840 notitiam
2058 2774 2116 2840 ha·

102 2861 154 2928 sit
177 2880 297 2943 nepos,
326 2859 397 2926 eius
426 2866 538 2924 tamen
559 2878 667 2924 mores
688 2859 785 2923 unius
807 2859 929 2924 mensis
951 2858 1090 2925 detursu
1143 2859 1241 2924 beant
1269 2859 1434 2938 homines,
1461 2861 1559 2926 simul
1590 2870 1700 2925 tamen
1729 2881 1767 2926 ao
1796 2879 1908 2925 eorum
1936 2860 2060 2926 utilitas
2081 2861 2117 2926 in

105 2947 273 3030 explorat.
329 2941 458 3010 Deinde
490 2964 564 3012 oum
599 2963 638 3008 eo
669 2942 709 3008 de
742 2942 891 3013 meraode
926 2943 1088 3030 transigit.
1142 2944 1287 3010 medium
1306 2943 1431 3028 prodit,
1453 2967 1489 3013 re
1511 2945 1584 3029 ipsa
1603 2947 1740 3011 iniustos
1763 2966 1843 3024 esse,
1869 2947 1930 3011 nisi
1953 2944 2117 3012 Dominus

104 3032 203 3098 Hine
236 3039 346 3096 antem
379 3029 545 3114 oolligitur
576 3029 681 3096 sanati
716 3029 779 3094 viri
811 3027 970 3114 probitas,
1004 3029 1089 3112 quod
1142 3050 1198 3096 eos
1224 3029 1342 3114 spiritu
1370 3051 1430 3098 suo
1458 3031 1622 3097 reformet.
1667 3031 1781 3115 Neque
1809 3032 1898 3096 enim
1923 3030 1976 3098 hio
2003 3052 2116 3098 rarum

104 3119 254 3204 ignavus
275 3136 341 3183 non
362 3115 425 3181 fuit
443 3114 530 3198 apud
558 3113 774 3195 avunoulum,
792 3113 866 3181 ‘sed
886 3136 922 3181 se
943 3114 1090 3182 honestis
1142 3114 1264 3199 aliquid
1295 3115 1348 3182 vel
1377 3115 1546 3205 insolitum
1574 3117 1676 3183 refert
1698 3118 1823 3196 Moses,
1855 3114 1912 3184 sed
1941 3117 2027 3200 quod
2049 3117 2117 3184 iere

103 3202 282 3270 laboribus
303 3201 459 3280 exorauit,
481 3222 524 3267 ne
546 3201 648 3286 gratis
665 3201 701 3266 in
718 3201 785 3266 otio
803 3200 947 3266 alienum
970 3221 1089 3285 panem
1141 3222 1270 3286 semper
1299 3199 1424 3269 aooidit.
1468 3203 1541 3270 Etsi
1571 3203 1659 3270 enim
1688 3202 1774 3270 filiae
1793 3201 1835 3268 ad
1856 3213 2028 3286 quaestum
2051 3207 2135 3270 non'

101 3288 243 3356 ederet:
268 3293 304 3354 ut
326 3286 422 3353 fateri
444 3294 581 3372 tegatur
602 3285 729 3364 Laban,
753 3285 783 3353 ei
806 3294 936 3370 praeter
953 3285 1089 3366 vietum,
1141 3295 1301 3372 prostant,
1324 3287 1495 3372 plerosque
1517 3297 1628 3356 tamen
1646 3289 1693 3356 sio
1715 3297 1920 3355 transversos
1942 3289 2011 3373 agit
2032 3289 2117 3356 luori

104 3373 273 3442 meroadis
307 3371 430 3456 aliquid
466 3371 585 3438 deberi.
641 3370 753 3452 Quum
786 3371 880 3438 dioit:
915 3371 1089 3456 quuid,
1141 3371 1310 3458 eupiditas,
1333 3384 1371 3440 ut
1391 3373 1592 3457 prostituant
1614 3375 1770 3440 honorem
1791 3394 1899 3453 suum,
1925 3375 2117 3460 animasque

95 3463 262 3546 quioniam
281 3459 383 3541 frater
402 3477 489 3524 meua
511 3478 560 3535 es,
594 3459 711 3524 sevire
729 3457 809 3524 milti
827 3457 954 3543 pratia?
982 3466 1090 3542 potest
1143 3458 1297 3526 vendant.
1334 3459 1511 3526 Caeterum
1534 3460 1620 3544 quod
1641 3460 1677 3526 in
1700 3480 1844 3526 amorem
1862 3458 1988 3526 Raohal
2010 3461 2117 3546 magis

103 3545 239 3631 duplex
268 3565 338 3612 esse
366 3564 496 3610 sensus:
519 3543 582 3610 Vel
611 3541 696 3628 quod
726 3543 825 3610 nimis
847 3542 1024 3611 absurdum
1047 3544 1091 3610 sit
1140 3565 1320 3629 propensus
1337 3545 1400 3610 fuit
1417 3544 1525 3627 Iaoob,
1550 3546 1619 3613 sive
1637 3545 1865 3630 quiapropter
1886 3544 2116 3631 lippitudinem

101 3653 145 3700 ao
174 3631 352 3711 iniurium,
384 3629 537 3696 fraudare
565 3629 652 3695 insta
680 3628 829 3696 meroede
862 3629 1100 3713 propinquum,
1139 3630 1249 3695 minus
1270 3631 1412 3698 formosa
1433 3639 1507 3696 erat
1528 3632 1614 3711 Lea,
1648 3632 1719 3698 aive
1748 3629 1834 3716 quod
1856 3631 1924 3698 sola
1946 3631 2115 3698 ooulorum

97 3719 207 3787 ouius
229 3716 335 3783 maior
356 3714 509 3782 habenda
525 3715 570 3781 sit
587 3716 669 3780 ratio
688 3735 787 3798 qnam
808 3714 959 3781 extranei
981 3715 1090 3782 ouius·
1139 3716 1248 3800 gratia
1265 3715 1423 3801 plaoebat,
1441 3738 1541 3801 quum
1558 3717 1686 3785 Raohol
1703 3719 1827 3785 formae
1845 3716 2008 3801 elegantia
2025 3718 2115 3785 omni

101 3805 209 3872 libet:
233 3802 293 3880 vel,
316 3800 405 3886 quod
425 3801 485 3868 sub
508 3800 613 3867 eolore
634 3801 888 3885 propinquitatis
912 3800 993 3866 nolit
1014 3822 1090 3885 gra·
1140 3815 1297 3885 exparte
1319 3802 1507 3881 expelleret,
1538 3825 1603 3869 non
1627 3813 1676 3870 est
1698 3804 1828 3887 penitus
1855 3803 1937 3868 vitio
1967 3803 2113 3870 tribuen-

101 3891 216 3957 tuitas
233 3908 349 3973 operas
366 3887 508 3972 exigere.
527 3887 633 3952 ·Haee
644 3886 789 3954 seaunda
802 3887 961 3972 expositio
973 3887 1091 3954 melius
1140 3886 1228 3953 dnm.
1266 3887 1426 3955 Videmus
1448 3890 1535 3954 enim
1554 3899 1593 3954 ut
1610 3889 1804 3956 naturaliter
1826 3909 1965 3956 maanus
1983 3888 2115 3971 quidam

101 3975 268 4061 quadrat:
291 3973 387 4041 siouti
404 3973 505 4038 etiam
522 3972 589 4040 iere
610 3973 757 4038 omnium
778 3992 938 4040 eonsensu
960 3979 1090 4056 reoepta
1141 3973 1278 4040 effeetus
1311 3994 1440 4040 amores
1478 3975 1639 4042 oonoiliet.
1696 3976 1840 4041 Tantum
1879 3975 2025 4042 oevenda
2062 3989 2114 4042 ost

98 4071 169 4129 est.
217 4059 304 4126 Nem
326 4079 392 4124 uno
414 4066 569 4124 eontextu
596 4057 724 4143 legunt:
749 4060 803 4125 An
831 4060 910 4142 quia
930 4065 966 4123 tu
987 4059 1090 4124 frater
1139 4059 1358 4141 intemperies,
1380 4059 1566 4144 etquidem
1588 4080 1627 4127 eo
1649 4060 1847 4145 diligentius,
1873 4058 1960 4143 qnod
1982 4059 2114 4130 diffieile

100 4167 279 4226 meuses,
307 4144 381 4211 ideo
408 4143 532 4210 servies
553 4142 677 4229 gratis?
700 4145 805 4210 Porro
833 4142 1017 4210 notandum
1039 4151 1090 4211 est
1139 4154 1190 4212 est
1211 4144 1370 4210 eiusmodi
1399 4145 1536 4212 effeetus
1565 4146 1728 4224 fraenare,
1760 4167 1801 4211 no
1822 4143 1863 4211 ad
1890 4145 2114 4213 suffoeandam

97 4251 274 4320 quorsum
312 4231 394 4297 baeo
434 4241 610 4296 narrantur
642 4249 662 4293 a
694 4230 796 4296 Mose.
858 4229 946 4297 Nam
982 4230 1089 4315 primo
1139 4231 1300 4296 rationem
1340 4231 1521 4298 laseiviant.
1575 4231 1665 4317 Ergo
1697 4233 1752 4315 qui
1786 4232 1909 4296 formae
1949 4231 2114 4317 elegantia

94 4339 244 4387 summa
263 4315 412 4402 aequitas
439 4313 534 4382 nobis
560 4314 754 4399 proponitur
775 4316 810 4380 in
832 4316 963 4395 Laban,
992 4316 1089 4382 sieuti
1139 4317 1322 4383 duaeturin
1340 4316 1523 4400 appetenda
1539 4338 1650 4392 uxore,
1669 4337 1736 4382 non
1748 4316 1940 4400 simplieiter
1957 4316 2113 4401 pensabit,

99 4407 164 4473 hio
199 4423 316 4470 sensus
347 4401 416 4468 fere
448 4400 596 4467 omnium
631 4401 796 4468 mentibus
827 4401 995 4488 ingenitus
1027 4409 1087 4482 est,
1138 4401 1233 4468 modo
1266 4422 1395 4485 sempor
1426 4402 1570 4469 emineat
1602 4403 1685 4468 ratio
1717 4422 1800 4485 quae
1831 4401 1866 4467 in
1898 4401 2048 4469 ordinem
2080 4415 2114 4471 ει

97 4491 280 4558 Iustitiam
310 4497 424 4554 mutuo
457 4486 628 4552 oolendam
658 4507 746 4564 esre,
779 4485 880 4554 donea
909 4487 973 4553 alio
999 4488 1087 4570 ipsos
1138 4487 1330 4570 obsequium
1362 4488 1482 4554 amoris
1514 4487 1681 4555 lasciviam
1713 4495 1816 4572 nogat.
1863 4488 1904 4553 In
1932 4508 1970 4554 eo
2003 4499 2114 4556 tamen

97 4574 278 4645 abstrahit
303 4595 399 4640 oaeoa
426 4572 600 4656 roupiditas.
644 4572 690 4637 Et
718 4573 810 4639 Deus
836 4573 1009 4656 aequitatis
1037 4574 1087 4638 iu·
1138 4573 1221 4639 forte
1250 4573 1398 4656 pensavit
1419 4572 1531 4652 Iaoob,
1561 4573 1647 4657 quod
1672 4573 1811 4638 nimium
1841 4573 1902 4640 sibi
1928 4572 2112 4658 indulgens,

97 4663 237 4731 dioinm
258 4658 429 4743 inseulpsit
450 4658 620 4725 hominum
642 4667 790 4735 naturae,
813 4666 850 4723 nt
872 4679 1006 4742 prorsus
1029 4678 1087 4723 ex·
1138 4679 1211 4726 oum
1242 4657 1480 4742 primogenitae
1503 4660 1626 4744 iniuria
1647 4658 1825 4732 Raohelem
1847 4670 1928 4724 natu
1949 4659 2112 4726 minorem

94 4747 281 4818 cusatione
302 4752 436 4812 oereant
457 4743 641 4827 quiounque
663 4743 835 4810 immodioo
848 4743 976 4894 (privati
999 4765 1086 4810 oom—
1137 4744 1199 4810 sibi
1221 4743 1293 4808 dari
1315 4744 1424 4826 petiit:
1446 4743 1512 4810 imo
1535 4746 1632 4810 etiam
1655 4744 1741 4829 quod
1763 4742 1873 4810 oeulos
1895 4765 1972 4811 suos
1994 4765 2111 4830 sequu-

96 4832 200 4901 modi
219 4829 326 4897 studio
343 4831 384 4897 ab
402 4850 440 4896 ea
459 4829 573 4916 regula
596 4827 768 4896 deelinant.
802 4827 847 4897 Se
887 4829 1086 4914 paulopost,
1137 4839 1191 4896 tus
1209 4829 1345 4896 minoris
1366 4849 1464 4913 quam
1487 4830 1621 4897 daoebat
1642 4831 1718 4896 ieoit
1741 4830 1880 4896 virtutes
1902 4830 2007 4896 Leae:
2031 4831 2111 4900 haee

94 4920 165 4988 ubi
201 4916 245 4984 ad
274 4938 345 4982 rem
378 4923 514 4982 ventum
543 4922 607 4992 est,
637 4915 753 4981 Laban
783 4914 882 4982 huius
912 4914 1086 4998 aequitatis
1137 4915 1225 4980 enim
1247 4914 1349 4980 nimia
1370 4917 1489 4982 vitiosa
1511 4925 1561 4982 est
1583 4915 1809 5000 intemperies,
1832 4936 1933 4999 quum
1955 4915 2018 4983 sibi
2039 4920 2112 5002 quis

91 5004 245 5082 oblitus,
268 5009 398 5068 tantum
420 5000 496 5086 quid
519 4999 582 5067 sibi
603 5001 683 5066 utile
704 5000 747 5066 sit
769 5019 806 5066 oo
831 5001 900 5066 itat.
936 5000 1087 5066 Notabile
1137 5021 1271 5068 uxorem
1304 5020 1346 5065 ex
1378 5001 1500 5067 formae
1532 5009 1660 5068 tantum
1701 5001 1824 5067 intuitu
1863 5001 1969 5086 eligit,
2011 5023 2112 5086 quum

95 5099 199 5160 oerte
223 5088 426 5171 exemplum:
449 5107 525 5152 nam
544 5107 618 5152 raro
635 5087 670 5151 in
692 5022 900 5170 generabbus
916 5086 1087 5170 principiis
1136 5085 1262 5170 in'genii
1294 5088 1494 5170 praestantia
1526 5085 1639 5154 ordine
1670 5087 1798 5172 praeire
1825 5084 1949 5156 debeat.
1999 5086 2110 5156 Vehe-

95 5183 228 5246 arrant
256 5173 421 5252 homines,
449 5172 528 5238 ideo
553 5173 697 5238 fatentur
725 5193 792 5238 uno
821 5194 877 5239 ore
906 5172 959 5238 ius
988 5192 1086 5236 suum
1137 5170 1258 5238 mentia
1290 5180 1401 5239 autem
1428 5180 1462 5239 et
1490 5172 1600 5240 fervor
1633 5173 1753 5238 amoris
1781 5172 1817 5237 in
1843 5191 1881 5239 eo
1911 5193 1946 5238 se
1974 5174 2109 5256 profert,

89 5265 232 5346 cuique
252 5256 463 5324 reddendum.
509 5256 616 5325 Simul
640 5265 747 5324 autem
771 5266 869 5342 atque
891 5256 932 5322 ad
954 5257 1087 5341 propria
1136 5256 1222 5342 quod
1260 5257 1387 5324 nullum
1427 5258 1527 5324 sentit
1565 5259 1685 5325 laboris
1718 5257 1862 5324 taedium
1894 5277 1953 5340 par
1985 5268 2110 5343 septem

93 5345 247 5434 negotia
264 5343 474 5421 descendunt,
491 5351 644 5410 exoaeoat
662 5365 715 5410 eos
734 5364 908 5428 perversus
922 5344 976 5410 sui
994 5363 1086 5410 amor
1136 5361 1253 5411 annos:
1283 5343 1340 5410 sed
1362 5345 1497 5412 uastitas
1519 5344 1618 5412 simul
1639 5345 1813 5413 ooniunota
1833 5343 1909 5423 fuit,
1932 5343 2019 5428 quod
2041 5354 2110 5415 tam

213 5445 327 5504 Osirim
340 5459 433 5516 opera.
470 5445 529 5505 Vol
544 5444 667 5504 XXIII.
1855 5443 1889 5499 26
