5022 6192
657 1753 1110 1888 EDITORES
1146 1753 1592 1892 LEOTURIS
1631 1755 1691 1890 S.

330 2063 401 2128 Iam
423 2063 579 2129 absolutis
601 2061 727 2128 duabus
748 2059 911 2146 prioribus
933 2080 1070 2145 operum
1087 2061 1357 2128 Oalrinianorum
1379 2062 1541 2146 partibus,
1571 2062 1689 2146 quibus
1718 2063 1838 2148 viginti
1861 2083 2022 2131 annorum
2046 2065 2174 2134 labores

171 2174 337 2241 indefesse
359 2173 594 2258 impendimus,
625 2172 756 2238 tertiam
785 2172 995 2258 aggredimur
1016 2193 1153 2257 eamque
1182 2172 1349 2253 ultimam,
1379 2167 1623 2240 celeberrimam
1650 2174 1775 2242 scilieet
1796 2183 1829 2240 et
1850 2174 1993 2260 amplam
2014 2175 2170 2244 librorum

171 2285 217 2350 ad
246 2307 357 2352 saurae
386 2286 566 2370 seripturae
595 2283 898 2368 interpretationem
926 2284 1162 2367 pertinentium
1189 2285 1324 2363 seriem,
1355 2305 1495 2369 quorum
1524 2285 1610 2365 laus,
1640 2285 1718 2352 olim
1748 2308 1768 2352 a
1795 2286 1946 2371 plurimis
1975 2287 2172 2371 praeditam,

171 2396 272 2462 hodie
294 2417 420 2481 qnoque
442 2407 517 2479 post
537 2403 587 2460 tot
608 2395 746 2461 aliorum
769 2395 879 2460 studia
900 2393 1048 2460 nondum
1064 2395 1152 2462 inter
1175 2394 1285 2462 doctos
1307 2393 1477 2460 deminuta
1498 2395 1644 2462 evanuit.

330 2507 403 2574 Hoo
424 2516 534 2573 tamen
557 2525 679 2573 novum
695 2526 833 2590 pensum
851 2526 952 2591 aeque
971 2505 1110 2573 felioiter
1128 2505 1313 2573 absolutum
1330 2505 1372 2571 iri
1389 2526 1426 2574 ao
1443 2506 1501 2572 illa
1518 2509 1636 2591 priora,
1659 2508 1751 2574 nobis
1768 2509 1899 2594 quidem
1916 2512 2166 2595 proourantibns

168 2619 309 2686 minime
331 2618 404 2698 tibi,
431 2618 587 2685 benevole
609 2617 726 2696 laetor,
756 2617 945 2702 promittere
966 2616 1134 2684 audemus.
1179 2618 1277 2684 Hane
1306 2619 1599 2702 exspeotationem,
1629 2621 1657 2685 si
1686 2641 1752 2704 qua
1778 2627 1879 2703 esset,
1908 2630 2063 2707 proveeta
2084 2632 2175 2691 aetas

167 2731 392 2815 praesideret,
420 2739 453 2795 et
482 2731 570 2796 vires
596 2729 718 2795 sensim
748 2727 937 2796 definientes
965 2750 1055 2812 spent
1087 2750 1147 2795 nos
1170 2738 1284 2796 vetant
1309 2731 1464 2796 inohoare
1492 2731 1634 2816 longam.
1679 2731 1751 2798 Iam
1773 2753 1859 2799 unus
1887 2754 1929 2799 ex
1958 2735 2173 2802 triumviratu

166 2849 284 2908 nostro
306 2861 367 2906 suo
388 2840 496 2906 studio
517 2861 640 2924 suaque
659 2839 881 2906 eruditissima
898 2840 1147 2907 oollaboratione
1167 2840 1297 2908 orbatos
1319 2861 1379 2907 nos
1396 2841 1536 2926 reliquit.
1573 2843 1714 2909 Ioannes
1733 2843 1918 2910 Guilelmus
1936 2845 2053 2924 Baum,
2075 2866 2172 2930 quem

167 2955 208 3018 in
232 2953 368 3019 historia
389 2951 638 3035 reformationis,
661 2971 720 3036 per
741 2959 846 3018 terras
868 2951 1045 3036 gallicanas
1063 2952 1117 3017 vel
1135 2953 1269 3019 effeotae
1288 2952 1340 3018 vel
1358 2959 1510 3033 tentatae,
1532 2953 1719 3039 indaganda
1735 2953 1888 3022 lubenter
1904 2957 1991 3022 inter
2007 2957 2172 3041 prinoipes

166 3067 333 3150 ponimus,
355 3063 478 3129 dudum
497 3065 745 3149 ingravesoente
764 3063 951 3129 valetudine
971 3064 1142 3130 stationem
1160 3085 1254 3130 suam
1272 3065 1307 3128 in
1329 3073 1423 3132 ooetu
1441 3075 1552 3131 nostro
1570 3065 1718 3132 deserere
1740 3076 1871 3133 ooaotus
1892 3067 2014 3134 fuerat:
2037 3067 2171 3135 tandem

166 3175 282 3243 subita
303 3175 475 3260 apoplexia
497 3195 670 3258 percussus
692 3195 750 3257 per
772 3174 882 3259 plures
904 3195 1007 3240 annos
1027 3176 1248 3241 tristissimam
1270 3195 1354 3260 qnae
1383 3176 1577 3243 mortalibus
1598 3178 1791 3262 contingere
1818 3187 1929 3262 potest
1951 3179 2037 3244 vitae
2059 3179 2171 3245 eondi-

167 3289 295 3354 tionem
325 3285 495 3371 protraxit.
540 3285 657 3351 Multis
686 3284 742 3351 ille
769 3284 863 3352 bonis
891 3286 1010 3352 flebilis
1038 3287 1154 3353 oooidit
1183 3309 1211 3352 a.
1235 3287 1265 3352 d.
1290 3286 1350 3352 IV.
1373 3287 1449 3353 Kal.
1473 3287 1556 3354 Nov.
1586 3307 1673 3353 anno
1702 3287 1802 3354 huius
1824 3290 1944 3356 saeouli
1966 3288 2169 3370 LXXVITI,

163 3400 253 3466 nulli
274 3398 413 3465 flebilior
434 3419 532 3482 qnam
553 3396 660 3478 nobis,
689 3395 805 3481 quibus
827 3397 919 3474 olim,
949 3405 988 3462 ut
1009 3409 1143 3464 strenue
1164 3419 1300 3464 manum
1323 3398 1571 3466 admoneremus
1592 3397 1632 3465 ad
1661 3398 1723 3466 hoo
1753 3408 2004 3467 monumentum
2025 3403 2169 3469 mommo

165 3513 396 3596 quiunquam
419 3511 481 3575 luit
503 3509 790 3594 argentoratensis
812 3507 940 3575 subolae
961 3509 1115 3594 theologo
1137 3510 1339 3595 erigendum,
1362 3521 1456 3576 autor
1477 3521 1512 3576 ot
1532 3529 1648 3577 suasor
1669 3511 1740 3577 tuit.

325 3622 379 3686 Ita
397 3641 456 3687 nos
474 3622 664 3705 superstites
681 3620 768 3686 ultra
787 3620 851 3686 duo
870 3621 972 3686 lustra
994 3622 1055 3686 soli
1072 3642 1154 3706 opus
1167 3622 1331 3706 inceptum
1350 3623 1624 3689 continuavimus.
1658 3623 1755 3690 Nune
1773 3629 1883 3689 autem
1900 3623 1934 3689 in
1953 3623 2065 3689 limine
2090 3626 2168 3691 novi

164 3732 267 3800 stadii
290 3753 408 3799 novam
431 3745 464 3798 et
485 3752 653 3816 operosam
677 3731 879 3799 voluminum
902 3731 1162 3799 reoudendorum
1192 3733 1311 3800 molem
1340 3734 1551 3818 respioientes
1573 3741 1749 3817 nostroque
1771 3733 1954 3802 diffidentes
1976 3735 2097 3815 robori,
2128 3735 2168 3803 de

164 3846 297 3911 iuniore
318 3863 351 3910 et
372 3843 531 3910 validiore
553 3844 677 3928 eollega
698 3843 906 3910 adsoiseendo
928 3843 1012 3909 serio
1032 3846 1174 3930 rogitare
1196 3867 1256 3911 nos
1277 3845 1374 3911 iussit
1395 3845 1506 3911 fratris
1535 3856 1570 3911 et
1591 3847 1684 3912 amini
1715 3845 1842 3927 obitus,
1870 3855 2000 3913 nostrae
2021 3848 2168 3930 ipsorum

164 3957 358 4040 fragilitatis
379 3977 447 4021 non
469 3953 724 4039 praetereundus
747 3954 896 4020 monitor.
942 3955 1054 4020 Talem
1077 3956 1143 4021 iam
1165 3956 1271 4022 fauste
1299 3957 1540 4040 optatissimum
1565 3955 1659 4022 hodie
1690 3957 1813 4024 aonium
1842 3956 1936 4022 nobis
1957 3957 2169 4042 adiungimus

164 4068 312 4135 Paulum
344 4065 519 4146 Lobstein,
555 4087 613 4151 pro
645 4074 793 4151 tempore
825 4064 932 4132 ordini
965 4075 1075 4132 nostro
1107 4067 1288 4152 theologiae
1321 4077 1415 4133 extra
1447 4089 1620 4134 numerum
1654 4067 1854 4153 adseriptum
1907 4069 1962 4150 qui
1997 4077 2074 4135 ante
2105 4068 2167 4138 hoe

164 4180 339 4246 biennium
361 4177 543 4244 studiorum
565 4199 697 4243 suornm
720 4177 880 4260 primitias
902 4177 965 4261 ipsi
988 4187 1100 4244 nostro
1118 4178 1255 4246 Calvino
1277 4178 1407 4258 dinavit,
1430 4178 1518 4245 edita
1539 4178 1580 4245 de
1602 4179 1672 4246 eine
1694 4179 1821 4264 planitie
1843 4190 1875 4245 et
1900 4180 1958 4246 iaia
1979 4176 2167 4248 deotissime

164 4292 350 4374 limatoque
378 4290 622 4368 dissertatione,
657 4310 755 4372 quam
787 4289 848 4354 hoo
882 4288 953 4354 looo
987 4289 1215 4356 commendare
1243 4299 1318 4375 post
1346 4292 1484 4356 aliorum
1520 4291 1725 4358 eruditorum
1754 4290 1866 4358 laudes
1888 4309 2167 4372 supervacaneum

163 4403 329 4473 duoimus.

324 4514 498 4579 (laetorum
522 4513 603 4579 haee
625 4513 741 4578 ultima
762 4533 838 4596 pars
860 4510 978 4577 laboris
1000 4510 1103 4575 nostri
1126 4510 1231 4575 multo
1254 4510 1363 4576 minus
1386 4511 1508 4595 negotii
1530 4510 1623 4576 nobis
1645 4511 1782 4576 faoeseet
1799 4528 1896 4592 quam
1915 4531 1999 4592 quae
2017 4513 2166 4595 proxime

162 4626 354 4712 praeeessit.
389 4624 516 4690 Omnes
538 4627 626 4690 enim
648 4623 778 4690 Oalvini
800 4623 1043 4690 luoubrationss
1066 4642 1148 4705 quae
1171 4621 1225 4687 hio
1247 4623 1281 4685 in
1303 4642 1437 4688 aeneum
1456 4622 1595 4687 veniunt
1616 4623 1681 4687 iam
1704 4620 1745 4686 ab
1767 4621 1859 4684 initio
1881 4621 1969 4705 typis
1991 4643 2165 4706 expressae

164 4739 260 4804 fuere
280 4747 312 4801 et
331 4739 460 4821 saepius
478 4756 610 4802 reoneae
629 4745 719 4802 sunt.
736 4771 737 4778 ι
753 4735 863 4818 Atque
887 4755 923 4800 eo
944 4733 1073 4799 faoilius
1093 4753 1148 4799 eas
1167 4732 1417 4798 retractabimus
1439 4731 1526 4816 quod
1548 4731 1709 4798 editiones
1730 4750 1842 4796 earum
1865 4750 1988 4804 omnes,
2009 4736 2165 4815 pauoissi-

164 4851 231 4916 mia
253 4849 407 4932 exeeptis,
429 4849 466 4913 in
488 4855 598 4913 nostro
620 4848 765 4930 ipsorum
788 4867 899 4912 museo
921 4844 1044 4913 dudum
1067 4845 1212 4929 undique
1235 4853 1398 4926 ooemptas
1420 4864 1636 4922 asservamus,
1658 4841 1959 4924 locupletissimam,
1982 4845 2046 4910 nisi
2068 4844 2163 4914 valde

162 4962 324 5036 fallimur,
348 4980 430 5044 quae
451 4980 589 5044 usquam
610 4971 772 5024 terrarum
793 4959 953 5040 reperitur
974 4957 1008 5022 in
1031 4957 1092 5022 hoo
1110 4956 1266 5022 librorum
1285 4975 1404 5039 genere
1422 4954 1687 5039 suppelleotilem.
1723 4951 1811 5018 Sunt
1832 4951 1963 5034 quidem
1985 4955 2163 5024 nonnullae

164 5073 374 5139 oolleotiones
402 5091 605 5148 sermonum,
639 5088 758 5151 eaeque
786 5069 922 5134 minoris
950 5069 1104 5146 ambitus,
1138 5067 1254 5152 quibus
1285 5075 1398 5149 utpote
1428 5067 1592 5132 rarissime
1620 5063 1865 5130 ooourrentibns
1894 5064 2038 5129 nondum
2069 5060 2165 5136 nobis

164 5184 267 5269 potiri
289 5182 435 5267 oontigit.
480 5182 552 5247 Has
573 5202 615 5246 ex
636 5178 774 5264 publicis
796 5181 1055 5246 armamentariis
1078 5180 1289 5262 oonquisitas,
1320 5187 1353 5242 et
1382 5177 1458 5244 indo
1480 5199 1547 5243 non
1568 5177 1639 5242 sine
1661 5172 1836 5238 maioribus
1865 5174 2018 5256 expensis
2039 5175 2164 5245 oalamo

164 5295 356 5379 descriptas,
378 5315 452 5360 enm
474 5293 611 5361 utereris
632 5312 691 5357 suo
713 5301 857 5376 tempore
878 5299 911 5357 et
931 5291 1045 5356 ordine
1064 5289 1155 5375 prelo
1178 5288 1413 5356 mandabimus.

268 5395 381 5456 metet
393 5410 487 5466 opera.
524 5395 582 5454 Vol.
597 5391 720 5450 XXIII.
1928 5387 1956 5441 11
