5022 6192
333 397 406 466 XII
1161 390 1526 460 PROLEGOMENA.

334 588 439 652 annm
459 584 609 650 natanto
632 581 863 666 Prophetarum
883 582 920 650 dc
940 580 1074 648 caveae
1096 579 1245 659 Messias,
1267 580 1428 647 nativitate
1449 581 1527 660 eins
1543 580 1704 662 passione,
1726 580 1956 660 resurrectione,
1979 579 2155 646 ascensione
2176 578 2210 643 in
2232 575 2331 643 coelos

334 697 521 762 etsessiono
548 696 591 762 aa
617 695 758 761 &mam
779 692 858 773 Dei,
888 694 1099 760 denstmmnm
1127 695 1162 758 in
1190 693 1316 758 mam
1343 711 1538 772 corrnnmere
1566 710 1627 756 non
1653 689 1821 756 entant.
1866 691 1989 757 Addita
2017 696 2060 756 est
2087 689 2331 772 aomeptetarnrn

336 806 511 889 confortatio.
556 803 755 889 Wittcbcrpae
775 825 806 870 a.
830 802 1043 870 MDXOIII.
1080 804 1252 870 {teterrimi
1273 803 1436 869 tumultus
1456 803 1510 866 isti
1533 803 1627 868 hodie
1648 822 1754 885 neque
1776 802 1874 868 bilem
1897 823 2002 886 nsque
2023 802 2130 870 iocum
2152 798 2331 866 movebunt

336 917 438 996 nobis,
461 919 493 983 in
516 938 607 1001 quos,
630 915 725 996 eheu,
748 917 776 982 si
798 916 926 982 viveret
947 915 1052 982 bouus
1074 915 1126 980 vir
1154 925 1188 982 et
1215 935 1281 980 uon
1303 913 1388 982 levis
1410 925 1595 980 armaturae
1617 913 1724 992 miles,
1755 914 1805 980 vel
1828 915 1898 998 ipso
1921 912 2059 980 Oalrino
2079 912 2140 979 sibi
2163 917 2330 995 assumpto

335 1029 431 1108 socio,
453 1049 511 1094 sua
532 1028 630 1114 ignea
651 1027 718 1094 tela
738 1027 922 1095 ooniioeret.

491 1138 783 1224 operaepretium
805 1139 912 1205 faoere
934 1138 1030 1205 nobis
1051 1138 1204 1204 videmur
1225 1137 1253 1202 si
1275 1143 1422 1202 autorem
1444 1135 1646 1220 pontificium
1669 1135 1703 1200 in
1725 1133 1868 1202 medium
1890 1133 2116 1219 prodonamus,
2138 1133 2330 1201 deOalvino

335 1269 445 1318 saurae
467 1251 647 1335 scripturae
670 1252 848 1334 interprete
870 1249 1026 1316 iudicium
1048 1249 1225 1330 ferentem,
1254 1269 1318 1312 non
1341 1245 1581 1331 omniquidem
1603 1267 1646 1311 ax
1667 1254 1760 1331 porte
1783 1266 1932 1330 aequum,
1955 1258 2179 1312 verumtamen
2201 1267 2243 1311 ex
2272 1245 2330 1311 tali

336 1382 391 1429 ore
413 1381 479 1428 nou
502 1361 736 1447 spernendum,
766 1369 799 1427 et
820 1361 888 1441 oui,
917 1361 945 1428 si
973 1382 1047 1428 eum
1076 1359 1133 1426 illo
1161 1359 1269 1444 priore
1296 1357 1392 1424 modo
1415 1358 1513 1423 allato
1541 1358 1576 1423 id
1603 1357 1795 1436 contuleris,
1819 1356 1872 1424 vel
1900 1357 2077 1424 modestiae
2105 1356 2234 1422 laudem
2264 1378 2330 1423 nou

336 1473 558 1558 denegaveris.
590 1473 778 1540 Richardus
799 1471 925 1553 Simon,
949 1473 1000 1538 vir
1017 1472 1130 1537 multia
1152 1470 1298 1537 numeris
1320 1470 1407 1534 inter
1429 1490 1507 1535 suae
1529 1471 1647 1536 aetatis
1664 1468 1774 1536 doctos
1797 1470 1980 1552 primarius,
2005 1468 2062 1535 sed
2083 1470 2138 1552 qui
2161 1469 2330 1552 opiniones

335 1605 426 1664 suaa,
456 1587 585 1669 saepius
611 1585 646 1651 in
674 1567 809 1651 auribus
839 1583 1027 1668 praesulum
1056 1583 1141 1648 male
1168 1589 1336 1660 sonantes,
1370 1579 1432 1647 boe
1461 1591 1556 1664 puoto
1585 1600 1741 1647 excusare
1770 1591 1803 1645 et
1829 1582 1921 1664 quusi
1950 1580 2110 1645 redimere
2138 1579 2263 1646 solebat
2292 1587 2331 1645 ut

333 1695 589 1780 protestantibus
610 1696 716 1762 labem
740 1693 888 1780 εὐκαίρως
910 1694 1042 1780 ἀκαίρως
1064 1693 1284 1778 inspergeret,
1307 1693 1342 1759 in
1365 1712 1424 1759 sun
1444 1692 1592 1758 Historia
1614 1691 1728 1759 critica
1746 1692 1876 1758 Veteris
1888 1692 2089 1758 Testamenti
2110 1712 2185 1777 pag.
2196 1691 2262 1756 434
2283 1690 2330 1756 ita

336 1807 463 1875 scribit:
489 1807 608 1888 Catum,
624 1807 808 1890 patriarche
830 1807 883 1873 des
908 1805 1091 1874 Protestans
1111 1807 1149 1872 ete
1171 1804 1304 1883 Franco,
1324 1804 1388 1887 fait
1403 1806 1545 1888 paroitre
1559 1803 1637 1887 plna
1658 1803 1787 1886 d'esprit
1807 1803 1929 1884 aptas
1950 1805 1988 1871 de
2000 1805 2158 1888 jnpement
2179 1803 2259 1868 dans
2280 1822 2330 1868 ses

339 1919 580 1985 Commentaires
601 1939 660 1984 snr
680 1917 850 1984 l'Eaitnre
871 1937 929 2000 pne
949 1917 1076 1984 Lntloer.
1112 1917 1148 1982 11
1167 1921 1211 1982 est
1232 1917 1413 1983 neanmoins
1434 1919 1502 1996 trop
1523 1914 1616 1980 snbtil
1637 1915 1718 1980 done
1738 1935 1788 1980 ses
1807 1915 2051 1991 raisonnemem,
2074 1915 2153 1980 etta
2176 1913 2329 1998 Reliyion,

335 2030 419 2096 seton
440 2050 490 2096 see
504 2030 683 2112 principes,
712 2029 822 2097 estable
844 2032 905 2094 ene
920 2029 1000 2112 plns
1020 2027 1159 2113 appropia
1181 2048 1239 2094 sur
1259 2027 1303 2092 los
1323 2045 1539 2110 consequentes
1560 2025 1639 2108 pn’il
1659 2026 1718 2091 tire
1739 2026 1783 2091 dn
1808 2026 1899 2092 Teate
1920 2027 1958 2092 ae
1979 2026 2010 2092 la
2033 2025 2205 2110 Biblepnc
2224 2046 2282 2091 snr
2303 2025 2331 2091 ie

335 2146 413 2208 teon
433 2142 539 2206 mimo.
585 2140 706 2208 Comme
728 2140 754 2206 il
774 2140 846 2206 eron
866 2140 1039 2206 accmnnml
1068 2138 1235 2222 optato
1257 2141 1312 2205 des
1332 2137 1492 2204 moratilis
1514 2157 1557 2203 an
1572 2137 1687 2220 pcnple
1708 2137 1873 2220 nasone
1889 2139 1944 2204 des
1961 2138 2080 2220 Lepores
2097 2139 2134 2204 de
2159 2137 2331 2222 Tiriolopie,

334 2253 360 2318 il
381 2272 418 2318 en
439 2273 460 2318 a
480 2252 594 2334 rempli
614 2272 664 2318 ses
687 2251 935 2318 Commentairee.
972 2249 1008 2316 Il
1028 2251 1216 2317 aoemnmode
1236 2250 1327 2316 anesi
1348 2250 1380 2316 la
1395 2250 1560 2330 plns-part
1579 2249 1634 2315 aes
1654 2249 1756 2316 elnaem
1776 2248 1797 2313 ὰ
1818 2269 1868 2314 ses
1886 2249 2034 2334 prtjnpis
2054 2255 2082 2314 ct
2104 2250 2330 2331 caenapum

335 2363 411 2447 pn'rl
432 2365 517 2430 aooit
536 2382 609 2429 aoec
629 2363 806 2446 diffirmtes
820 2381 1000 2446 peronnae.
1045 2363 1070 2428 I
1071 2362 1083 2427 l
1104 2363 1214 2444 parcit
1234 2362 1417 2428 neanmoins
1438 2361 1516 2442 plns
1536 2360 1658 2426 reserat
1679 2381 1736 2442 pen
1757 2360 1889 2438 Mater,
1919 2367 1948 2426 et
1968 2359 1995 2426 il
2009 2361 2113 2443 prend
2131 2361 2229 2446 parde
2251 2361 2272 2426 ὰ
2291 2381 2331 2426 ne

333 2495 366 2540 se
384 2475 487 2541 servir
502 2495 568 2556 pas
587 2476 625 2541 de
639 2493 776 2557 matoes
794 2473 1007 2557 sciticascloei
1023 2493 1074 2540 ses
1089 2473 1289 2540 aduersaires
1298 2477 1432 2555 possem
1443 2472 1578 2555 mandre
1595 2471 1724 2555 ennae
1740 2477 1891 2557 ooantape
1907 2493 1966 2538 sar
1981 2472 2038 2539 lni.
2076 2470 2155 2541 Cast
2169 2473 2331 2556 ponrpnoi

334 2586 360 2652 il
381 2606 418 2652 ne
440 2585 596 2669 s'emporte
610 2607 676 2668 pas
696 2589 796 2652 mettre
818 2586 863 2652 les
883 2584 974 2669 Joifs
994 2591 1023 2651 et
1042 2586 1087 2652 les
1100 2584 1362 2664 nomentanos,
1384 2585 1440 2666 qni
1454 2583 1636 2666 mitendent
1656 2588 1748 2666 pn'on
1764 2605 1803 2650 ne
1816 2589 1893 2666 pent
1909 2603 1974 2666 pos
1990 2604 2128 2666 manner
2149 2583 2177 2650 le
2195 2583 2332 2668 Mystere

334 2698 373 2764 ae
400 2696 433 2763 la
464 2696 588 2762 Tnnnt
614 2698 669 2764 aes
691 2698 846 2779 mannes
874 2700 953 2762 mats
978 2697 1016 2764 dc
1042 2696 1076 2762 la
1106 2695 1224 2762 (leniae
1225 2743 1341 2761 .....
1372 2695 1508 2777 &none
1536 2694 1653 2760 mato
1679 2695 1745 2776 fast
1766 2694 1842 2777 plats
1875 2701 2003 2776 spaoant
2030 2695 2111 2761 dans
2137 2695 2169 2760 la
2199 2695 2332 2780 Laruae

335 2807 513 2891 Hebraiqnc
534 2806 581 2894 (9)
601 2827 659 2889 qne
683 2806 811 2888 Calain,
840 2809 895 2891 ani
923 2811 993 2873 n’en
1019 2807 1202 2874 connoissoit
1225 2825 1419 2892 puerosque
1447 2807 1491 2873 ks
1518 2810 1685 2872 aaronem
1708 2804 1760 2893 (?)‚
1782 2826 1814 2872 oe
1840 2807 1965 2873 dernier
1990 2811 2034 2872 est
2054 2807 2235 2874 manmoins
2249 2807 2332 2889 plns

334 2925 430 3000 exact,
446 2939 545 3000 parce
566 2918 645 3002 qn’ii
665 2919 735 2986 aad
749 2919 828 3002 plns
848 2917 1031 3000 capuanae
1050 2917 1136 3001 faire
1156 2917 1210 2984 aa
1230 2918 1396 2999 rosnaium
1415 2937 1474 2983 snr
1490 2937 1521 2984 ae
1537 2918 1616 3000 qn’il
1637 2917 1722 2985 lisoit
1743 2917 1824 2984 dans
1845 2917 1888 2983 ns
1905 2923 2010 2984 autres
2026 2919 2177 2984 Autears.
2215 2917 2331 3001 Oepen·

334 3031 412 3096 dant
433 3049 547 3096 nomme
568 3029 594 3095 n
614 3050 653 3096 ne
674 3030 776 3096 s’ttoit
789 3050 856 3112 pas
876 3030 982 3097 merei
1002 3029 1085 3096 dans
1106 3029 1215 3095 tanae
1235 3029 1274 3094 ae
1294 3029 1328 3095 la
1351 3027 1491 3111 Gritiqne
1512 3035 1540 3096 ct
1559 3030 1614 3096 des
1636 3029 1781 3114 Lanpnee
1802 3029 1939 3112 Grecpae
1960 3035 1988 3094 et
2006 3029 2192 3114 Hebraiqne,
2212 3029 2237 3096 t
2258 3030 2332 3096 e'toit

335 3141 514 3225 impossible
535 3142 615 3224 pn’il
635 3161 674 3208 ne
694 3162 728 3207 se
748 3142 881 3224 trmnpat
900 3145 1026 3208 tannem
1043 3141 1128 3208 tans
1155 3140 1189 3209 la
1216 3139 1427 3224 sipnification
1447 3159 1567 3223 propre
1595 3141 1650 3207 des
1676 3145 1755 3207 mats
1756 3190 1899 3207 ......
1923 3139 2073 3207 Are-reste
2097 3140 2208 3208 Gatoin
2235 3146 2332 3226 ayant

334 3252 452 3336 lesprit
469 3253 534 3336 fort
554 3252 648 3333 tnui,
677 3273 716 3318 on
738 3257 845 3319 tronoe
865 3253 946 3320 olam
973 3256 1043 3319 tone
1061 3273 1111 3318 ses
1135 3251 1374 3318 Commentairas
1399 3271 1457 3318 sur
1479 3249 1647 3320 lEnitnre
1676 3273 1719 3318 nn
1733 3253 1990 3336 jem-spaiqnoi
2010 3253 2066 3336 qni
2082 3252 2331 3338 praenotatam

333 3371 362 3431 ot
382 3385 494 3432 aomnn
522 3364 548 3431 ii
575 3364 672 3430 teron
694 3363 955 3446 princepaiemmt
980 3363 1127 3446 opptnae
1153 3363 1175 3428 ὰ
1204 3365 1356 3430 aonnoitre
1382 3363 1537 3443 t’tonme,
1566 3363 1592 3430 a
1620 3363 1774 3444 arempli
1801 3383 1851 3430 ses
1872 3363 1985 3431 Lioree
2011 3365 2103 3430 ct'nnc
2125 3363 2248 3432 Marale
2273 3366 2333 3447 oni

333 3475 446 3556 toacloe,
469 3477 540 3542 atel
561 3474 650 3544 tache,
665 3477 762 3541 mimo
783 3475 821 3542 de
840 3476 952 3542 rendre
972 3495 1010 3542 sa
1032 3474 1155 3541 Mmale
1168 3475 1302 3558 jaaea
1327 3474 1479 3557 mnfornne
1500 3474 1521 3538 ὰ
1548 3495 1605 3541 son
1629 3474 1729 3540 Teate.
1775 3473 1836 3540 sn
1864 3475 1948 3541 namt
1975 3475 2020 3540 e'tt
2040 3477 2143 3542 moins
2163 3477 2274 3556 notai,
2304 3480 2333 3542 et

334 3587 412 3671 pn’it
432 3592 531 3654 n’enst
546 3607 611 3671 pas
628 3606 667 3652 en
683 3587 769 3652 enon
785 3587 881 3652 a‘erre
896 3585 968 3669 olef
977 3587 1016 3654 ae
1027 3587 1128 3670 parti,
1150 3587 1176 3654 il
1197 3588 1302 3654 onroit
1311 3608 1361 3669 pn
1378 3585 1539 3654 nonanto
1554 3586 1619 3669 fort
1634 3585 1789 3653 ntileneent
1801 3606 1889 3669 pour
1906 3585 2047 3671 lEplise.
2082 3587 2120 3654 n
2136 3608 2158 3653 o
2174 3587 2330 3668 tartense,

333 3720 374 3765 on
389 3699 489 3781 plrittl
508 3698 541 3764 la
561 3698 671 3777 malice
692 3698 730 3764 dc
752 3697 919 3763 de'tonrmr
944 3697 972 3764 le
996 3697 1141 3764 venante
1168 3718 1239 3764 seras
1267 3700 1305 3765 te
1331 3718 1386 3764 son
1412 3698 1518 3778 Teate,
1541 3717 1627 3781 ponr
1653 3699 1881 3765 l'acaommoder
1908 3698 1929 3763 ὰ
1958 3718 2009 3764 ses
2032 3699 2190 3783 prlp'npts.
2233 3700 2271 3764 Il
2291 3721 2332 3766 ne

333 3811 430 3876 laissa
451 3809 579 3890 cic-plns
599 3828 715 3892 passer
742 3827 863 3874 annone
891 3809 1030 3891 occasion
1050 3810 1088 3875 dc
1109 3811 1227 3876 mentire
1247 3810 1285 3875 de
1304 3808 1436 3893 l'Eplise
1459 3809 1613 3876 Rornaine
1634 3816 1663 3875 ct
1682 3810 1789 3876 deses
1810 3811 2009 3888 oeremomes,
2037 3810 2114 3892 qn'il
2134 3832 2171 3878 ne
2192 3811 2220 3877 te
2243 3811 2332 3894 fasse

333 3941 406 3988 aoec
425 3922 522 4001 sacis,
543 3925 571 3985 et
592 3921 686 4018 ainsi
699 3939 760 3986 nnn
775 3921 885 4001 partie
905 3920 943 3986 dc
963 3939 1014 3986 ses
1038 3919 1277 3990 Gomnnmaires
1298 3925 1341 3986 cst
1358 3920 1487 4004 remptie
1507 3921 1545 3986 ale
1566 3920 1785 3987 declamatione
1811 3921 1937 3988 inutiles
1940 3972 2069 3988 .....
2094 3921 2132 3988 Il
2157 3923 2209 4007 n'y
2230 3921 2331 3990 nablia

332 4034 401 4098 rien
423 4033 461 4098 de
482 4052 513 4098 ce
534 4033 590 4113 one·
605 4033 733 4115 ponooit
754 4053 897 4117 appnyer
915 4052 971 4099 eon
988 4033 1100 4115 parti,·
1119 4033 1146 4098 it
1166 4031 1249 4099 ann
1270 4033 1308 4099 de
1328 4031 1437 4098 rorare
1458 4052 1502 4097 an
1522 4032 1624 4098 moins
1637 4031 1786 4113 probata
1806 4053 1838 4099 oe
1859 4033 1937 4115 on’it
1953 4054 2076 4114 anonae,
2099 4040 2126 4100 et
2147 4033 2172 4098 n
2192 4056 2214 4100 a
2234 4037 2332 4100 meme

332 4143 437 4226 attoni
457 4163 518 4208 nne
539 4144 676 4209 certoine
696 4143 856 4228 mandene
876 4144 914 4209 de
935 4145 1012 4228 style
1033 4145 1089 4226 qni
1110 4143 1265 4210 contritae
1293 4143 1448 4226 beanoonp
1476 4142 1602 4225 osane
1630 4143 1733 4209 valois
1760 4163 1810 4210 ses
1832 4145 1970 4226 penta.
2014 4147 2048 4211 A
2075 4147 2149 4228 quai
2176 4145 2237 4212 ton
2253 4153 2332 4230 peut

332 4257 451 4339 ajotmr
471 4254 549 4337 qn’rl
570 4259 622 4338 n’y
643 4275 664 4320 a
682 4275 792 4340 priores
812 4254 969 4320 &Autem
990 4257 1045 4338 ani
1067 4257 1114 4324 ait
1134 4256 1239 4322 mnaso
1260 4274 1359 4322 cannn
1385 4275 1443 4337 one
1464 4253 1512 4330 tot
1540 4253 1568 4320 le
1593 4259 1687 4320 neunt
1712 4254 1751 4320 de
1771 4255 1804 4320 la
1825 4259 1964 4322 creatore
1985 4257 2097 4340 depuis
2119 4257 2272 4339 noae,
2302 4264 2332 4324 et

332 4379 446 4436 comme
477 4367 502 4432 il
534 4367 707 4452 s’oppliqw
727 4367 991 4450 principalcment
1024 4367 1221 4450 amarpner
1250 4365 1294 4432 les
1319 4366 1445 4448 tefanis
1471 4365 1619 4447 ansonels
1644 4365 1689 4432 les
1716 4364 1850 4432 hommes
1874 4372 1943 4434 sont
1970 4368 2080 4450 sepas,
2113 4368 2139 4434 sl
2171 4369 2275 4436 tonte
2303 4370 2332 4437 lc

332 4499 448 4546 caan.
469 4529 476 4544 .
497 4529 504 4544 .
524 4529 532 4544 .
550 4480 634 4543 mais
654 4477 680 4544 il
700 4499 722 4544 o
743 4498 781 4542 cn
801 4497 832 4544 ae
853 4477 962 4558 infant
982 4477 1196 4544 densante
1215 4477 1355 4560 notans
1375 4477 1487 4544 taneta
1507 4478 1588 4544 dam
1604 4497 1636 4545 ae
1652 4479 1750 4544 nieme
1767 4483 1869 4558 noant,
1890 4498 1966 4544 sans
1986 4481 2333 4564 antropomereos

333 4592 370 4656 de
394 4609 495 4675 praec.
541 4590 644 4655 Paulo
673 4590 818 4655 severius
852 4598 961 4655 nmen
988 4588 1029 4655 de
1059 4589 1310 4656 Commentariis
1339 4589 1372 4655 in
1400 4589 1531 4654 Novum
1561 4591 1806 4655 Testamentum
1835 4589 1965 4656 disserit
1995 4591 2084 4657 idem
2117 4592 2152 4657 in
2180 4593 2332 4661 Historia

333 4701 637 4769 Commentatornm
660 4721 733 4786 pag.
757 4700 821 4765 746
842 4719 929 4783 seqq.
953 4700 1009 4767 ubi
1030 4721 1089 4784 pro
1112 4719 1200 4768 more
1222 4699 1380 4766 nonnulla
1406 4699 1586 4785 singularia
1615 4708 1776 4770 commata
1802 4722 1862 4788 pro
1892 4700 1998 4768 lubitu
2020 4712 2150 4788 arrepta
2171 4706 2275 4788 carpit
2297 4717 2332 4772 et

333 4813 380 4880 sio
402 4834 469 4878 rem
498 4813 674 4880 eonfeoiese
702 4811 765 4879 sibi
787 4811 926 4878 videtur.
971 4810 1064 4893 Quae
1094 4813 1147 4880 bia
1177 4813 1285 4878 minus
1314 4812 1398 4877 iuste
1426 4811 1513 4876 dieta
1540 4813 1625 4894 sint,
1658 4834 1779 4898 quaeve
1806 4813 1920 4882 landos
1942 4813 1995 4880 vel
2024 4815 2128 4882 invito
2156 4821 2332 4883 extorserit

332 4945 442 4992 rerum
465 4923 638 5002 evidentia,
660 4935 697 4990 tu
719 4923 819 4990 fenile.
834 4923 1005 5008 dignosaes
1027 4926 1126 4988 etiam
1149 4945 1214 4990 nou
1235 4924 1388 4990 monitus.

486 5033 613 5101 Iudioia
635 5033 767 5102 Calviui
794 5033 834 5100 de
856 5035 929 5102 aliis
951 5056 1029 5101 suae
1058 5037 1173 5101 aeuus
1201 5034 1509 5102 commentatoribus
1536 5035 1658 5119 passim
1686 5035 1843 5120 leguntur
1870 5037 1905 5101 in
1926 5036 2030 5121 ipsius
2052 5037 2158 5118 libris,
2186 5039 2264 5103 item
2287 5039 2330 5105 de

333 5145 461 5232 legibus
487 5167 567 5230 quas
596 5146 657 5213 sibi
687 5147 818 5230 scripsit
845 5147 879 5212 in
907 5145 1083 5214 condendis
1115 5148 1255 5232 propriis
1284 5157 1437 5212 textuum
1466 5166 1632 5213 sacrorum
1666 5148 1959 5231 explanationibus.
2011 5147 2066 5215 Sin
2095 5149 2129 5214 in
2157 5148 2330 5218 'Phosauro

332 5258 499 5340 epistolica
520 5258 633 5324 literas
656 5259 756 5324 habes
779 5258 818 5324 ad
842 5259 995 5325 Viretum
1019 5258 1209 5342 scriptaad.
1233 5259 1263 5323 d.
1288 5258 1337 5325 19.
1362 5257 1442 5324 Maii
1466 5257 1565 5335 1540,
1594 5259 1626 5322 in
1657 5261 1774 5342 quibus
1801 5279 1856 5326 eos
1877 5259 1911 5324 in
1935 5279 2067 5324 censum
2097 5274 2192 5326 vooat
2214 5261 2272 5344 qui
2293 5263 2330 5329 in
