<?xml version="1.0" encoding="UTF-8"?>
<!DOCTYPE html PUBLIC "-//W3C//DTD XHTML 1.0 Transitional//EN"
    "http://www.w3.org/TR/xhtml1/DTD/xhtml1-transitional.dtd">
<html xmlns="http://www.w3.org/1999/xhtml" xml:lang="en" lang="en">
 <head>
  <title>
</title>
<meta http-equiv="Content-Type" content="text/html;charset=utf-8" />
  <meta name='ocr-system' content='tesseract 3.04.00' />
  <meta name='ocr-capabilities' content='ocr_page ocr_carea ocr_par ocr_line ocrx_word'/>
</head>
<body>
  <div class='ocr_page' id='page_1' title='image "./ioanniscalvinio06reusgoog_0039.png"; bbox 0 0 5022 6192; ppageno 0'>
   <div class='ocr_carea' id='block_1_1' title="bbox 341 1541 1887 1654">
    <p class='ocr_par' dir='ltr' id='par_1_1' title="bbox 341 1541 1887 1654">
     <span class='ocr_line' id='line_1_1' title="bbox 341 1541 1887 1654; baseline -0.003 -10"><span class='ocrx_word' id='word_1_1' title='bbox 341 1543 593 1648; x_wconf 83' lang='lat' dir='ltr'>PRIMUS</span> <span class='ocrx_word' id='word_1_2' title='bbox 619 1543 815 1645; x_wconf 87' lang='lat' dir='ltr'>MOSIS</span> <span class='ocrx_word' id='word_1_3' title='bbox 842 1541 1045 1654; x_wconf 76' lang='lat' dir='ltr'><strong>LIBER</strong></span> <span class='ocrx_word' id='word_1_4' title='bbox 1073 1541 1347 1654; x_wconf 77' lang='lat' dir='ltr'>GENESIS</span> <span class='ocrx_word' id='word_1_5' title='bbox 1375 1541 1604 1640; x_wconf 85' lang='lat' dir='ltr'>VULGO</span> <span class='ocrx_word' id='word_1_6' title='bbox 1635 1541 1887 1643; x_wconf 83' lang='lat' dir='ltr'><strong>DIOTUS.</strong></span> 
     </span>
    </p>
   </div>
   <div class='ocr_carea' id='block_1_2' title="bbox 912 1815 1324 1909">
    <p class='ocr_par' dir='ltr' id='par_1_2' title="bbox 912 1815 1324 1909">
     <span class='ocr_line' id='line_1_2' title="bbox 912 1815 1324 1909; baseline -0.007 -9"><span class='ocrx_word' id='word_1_7' title='bbox 912 1815 1324 1909; x_wconf 81' lang='lat' dir='ltr'><strong>ARGUMENTUM.</strong></span> 
     </span>
    </p>
   </div>
   <div class='ocr_carea' id='block_1_3' title="bbox 118 2071 2117 2822">
    <p class='ocr_par' dir='ltr' id='par_1_3' title="bbox 118 2071 2117 2822">
     <span class='ocr_line' id='line_1_3' title="bbox 277 2071 2115 2157; baseline 0 -19"><span class='ocrx_word' id='word_1_8' title='bbox 277 2071 388 2154; x_wconf 79' lang='lat' dir='ltr'><strong>Quum</strong></span> <span class='ocrx_word' id='word_1_9' title='bbox 407 2073 567 2139; x_wconf 86' lang='lat' dir='ltr'><strong>immensa</strong></span> <span class='ocrx_word' id='word_1_10' title='bbox 585 2071 648 2138; x_wconf 90' lang='lat' dir='ltr'><strong>Dei</strong></span> <span class='ocrx_word' id='word_1_11' title='bbox 666 2073 828 2156; x_wconf 84' lang='lat' dir='ltr'><strong>sapientia</strong></span> <span class='ocrx_word' id='word_1_12' title='bbox 843 2074 879 2136; x_wconf 92' lang='lat' dir='ltr'><strong>in</strong></span> <span class='ocrx_word' id='word_1_13' title='bbox 897 2072 960 2138; x_wconf 87' lang='lat' dir='ltr'><strong>hee</strong></span> <span class='ocrx_word' id='word_1_14' title='bbox 977 2071 1161 2137; x_wconf 71' lang='lat' dir='ltr'><strong>admirabili</strong></span> <span class='ocrx_word' id='word_1_15' title='bbox 1179 2071 1260 2137; x_wconf 90' lang='lat' dir='ltr'><strong>eoeli</strong></span> <span class='ocrx_word' id='word_1_16' title='bbox 1278 2079 1310 2136; x_wconf 87' lang='lat' dir='ltr'><strong>et</strong></span> <span class='ocrx_word' id='word_1_17' title='bbox 1328 2079 1434 2137; x_wconf 87' lang='lat' dir='ltr'><strong>terrae</strong></span> <span class='ocrx_word' id='word_1_18' title='bbox 1452 2071 1579 2156; x_wconf 89' lang='lat' dir='ltr'><strong>opilieio</strong></span> <span class='ocrx_word' id='word_1_19' title='bbox 1597 2071 1748 2151; x_wconf 87' lang='lat' dir='ltr'><strong>reluoeet,</strong></span> <span class='ocrx_word' id='word_1_20' title='bbox 1766 2072 1907 2140; x_wconf 89' lang='lat' dir='ltr'><strong>multum</strong></span> <span class='ocrx_word' id='word_1_21' title='bbox 1925 2071 2016 2139; x_wconf 88' lang='lat' dir='ltr'><strong>obest</strong></span> <span class='ocrx_word' id='word_1_22' title='bbox 2032 2072 2115 2157; x_wconf 90' lang='lat' dir='ltr'><strong>quin</strong></span> 
     </span>
     <span class='ocr_line' id='line_1_4' title="bbox 119 2179 2116 2269; baseline 0.001 -22"><span class='ocrx_word' id='word_1_23' title='bbox 119 2183 225 2266; x_wconf 87' lang='lat' dir='ltr'><strong>pessit</strong></span> <span class='ocrx_word' id='word_1_24' title='bbox 246 2182 370 2249; x_wconf 90' lang='lat' dir='ltr'><strong>eonditi</strong></span> <span class='ocrx_word' id='word_1_25' title='bbox 390 2181 505 2248; x_wconf 91' lang='lat' dir='ltr'><strong>mundi</strong></span> <span class='ocrx_word' id='word_1_26' title='bbox 532 2182 671 2250; x_wconf 83' lang='lat' dir='ltr'><strong>historia</strong></span> <span class='ocrx_word' id='word_1_27' title='bbox 691 2203 751 2266; x_wconf 92' lang='lat' dir='ltr'><strong>pro</strong></span> <span class='ocrx_word' id='word_1_28' title='bbox 783 2181 943 2268; x_wconf 76' lang='lat' dir='ltr'><strong>&lt;lignitate</strong></span> <span class='ocrx_word' id='word_1_29' title='bbox 964 2202 1025 2247; x_wconf 87' lang='lat' dir='ltr'><strong>sua</strong></span> <span class='ocrx_word' id='word_1_30' title='bbox 1046 2179 1109 2248; x_wconf 85' lang='lat' dir='ltr'><strong>rito</strong></span> <span class='ocrx_word' id='word_1_31' title='bbox 1135 2183 1304 2266; x_wconf 87' lang='lat' dir='ltr'><strong>explieari,</strong></span> <span class='ocrx_word' id='word_1_32' title='bbox 1334 2203 1411 2248; x_wconf 87' lang='lat' dir='ltr'><strong>nam</strong></span> <span class='ocrx_word' id='word_1_33' title='bbox 1432 2191 1466 2248; x_wconf 91' lang='lat' dir='ltr'><strong>et</strong></span> <span class='ocrx_word' id='word_1_34' title='bbox 1493 2184 1632 2268; x_wconf 80' lang='lat' dir='ltr'><strong>exiguus</strong></span> <span class='ocrx_word' id='word_1_35' title='bbox 1659 2183 1756 2248; x_wconf 90' lang='lat' dir='ltr'><strong>nimis</strong></span> <span class='ocrx_word' id='word_1_36' title='bbox 1778 2191 1828 2250; x_wconf 90' lang='lat' dir='ltr'><strong>est</strong></span> <span class='ocrx_word' id='word_1_37' title='bbox 1856 2183 1982 2269; x_wconf 79' lang='lat' dir='ltr'><strong>ingenii</strong></span> <span class='ocrx_word' id='word_1_38' title='bbox 2008 2183 2116 2250; x_wconf 87' lang='lat' dir='ltr'><strong>nostri</strong></span> 
     </span>
     <span class='ocr_line' id='line_1_5' title="bbox 118 2292 2115 2379; baseline 0 -21"><span class='ocrx_word' id='word_1_39' title='bbox 118 2292 286 2375; x_wconf 86' lang='lat' dir='ltr'><strong>modulus,</strong></span> <span class='ocrx_word' id='word_1_40' title='bbox 309 2303 348 2359; x_wconf 88' lang='lat' dir='ltr'><strong>ut</strong></span> <span class='ocrx_word' id='word_1_41' title='bbox 369 2301 495 2360; x_wconf 67' lang='lat' dir='ltr'><strong>mutam</strong></span> <span class='ocrx_word' id='word_1_42' title='bbox 516 2295 626 2379; x_wconf 88' lang='lat' dir='ltr'><strong>oapiat</strong></span> <span class='ocrx_word' id='word_1_43' title='bbox 653 2315 764 2360; x_wconf 85' lang='lat' dir='ltr'><strong>rerum</strong></span> <span class='ocrx_word' id='word_1_44' title='bbox 793 2292 1060 2378; x_wconf 87' lang='lat' dir='ltr'><strong>amplitudinem:</strong></span> <span class='ocrx_word' id='word_1_45' title='bbox 1091 2302 1220 2359; x_wconf 81' lang='lat' dir='ltr'><strong>tantum</strong></span> <span class='ocrx_word' id='word_1_46' title='bbox 1243 2295 1336 2360; x_wconf 86' lang='lat' dir='ltr'><strong>abest</strong></span> <span class='ocrx_word' id='word_1_47' title='bbox 1357 2302 1394 2359; x_wconf 89' lang='grc' dir='ltr'><strong>ιιι</strong></span> <span class='ocrx_word' id='word_1_48' title='bbox 1413 2293 1529 2379; x_wconf 82' lang='lat' dir='ltr'><strong>lingua</strong></span> <span class='ocrx_word' id='word_1_49' title='bbox 1550 2293 1592 2359; x_wconf 90' lang='lat' dir='ltr'><strong>ed</strong></span> <span class='ocrx_word' id='word_1_50' title='bbox 1613 2293 1745 2377; x_wconf 78' lang='lat' dir='ltr'><strong>plenam</strong></span> <span class='ocrx_word' id='word_1_51' title='bbox 1775 2293 1977 2378; x_wconf 76' lang='lat' dir='ltr'><strong>solidamque</strong></span> <span class='ocrx_word' id='word_1_52' title='bbox 2003 2312 2115 2360; x_wconf 86' lang='lat' dir='ltr'><strong>earum</strong></span> 
     </span>
     <span class='ocr_line' id='line_1_6' title="bbox 121 2404 2116 2500; baseline 0.001 -30"><span class='ocrx_word' id='word_1_53' title='bbox 121 2405 365 2500; x_wconf 83' lang='lat' dir='ltr'><strong>enarrationem</strong></span> <span class='ocrx_word' id='word_1_54' title='bbox 376 2405 524 2472; x_wconf 84' lang='lat' dir='ltr'><strong>suffieiat</strong></span> <span class='ocrx_word' id='word_1_55' title='bbox 557 2405 685 2472; x_wconf 86' lang='lat' dir='ltr'><strong>Verum</strong></span> <span class='ocrx_word' id='word_1_56' title='bbox 696 2405 791 2471; x_wconf 75' lang='lat' dir='ltr'><strong>menti</strong></span> <span class='ocrx_word' id='word_1_57' title='bbox 807 2405 937 2471; x_wconf 89' lang='lat' dir='ltr'><strong>laudem</strong></span> <span class='ocrx_word' id='word_1_58' title='bbox 956 2411 1102 2470; x_wconf 87' lang='lat' dir='ltr'><strong>meretur</strong></span> <span class='ocrx_word' id='word_1_59' title='bbox 1112 2405 1168 2488; x_wconf 92' lang='lat' dir='ltr'><strong>qui</strong></span> <span class='ocrx_word' id='word_1_60' title='bbox 1185 2404 1332 2472; x_wconf 86' lang='lat' dir='ltr'><strong>modeste</strong></span> <span class='ocrx_word' id='word_1_61' title='bbox 1343 2414 1375 2470; x_wconf 91' lang='lat' dir='ltr'><strong>et</strong></span> <span class='ocrx_word' id='word_1_62' title='bbox 1387 2413 1576 2472; x_wconf 90' lang='lat' dir='ltr'><strong>reverenter</strong></span> <span class='ocrx_word' id='word_1_63' title='bbox 1586 2407 1621 2470; x_wconf 92' lang='lat' dir='ltr'><strong>in</strong></span> <span class='ocrx_word' id='word_1_64' title='bbox 1633 2425 1768 2489; x_wconf 91' lang='lat' dir='ltr'><strong>operum</strong></span> <span class='ocrx_word' id='word_1_65' title='bbox 1780 2405 1840 2472; x_wconf 89' lang='lat' dir='ltr'><strong>Dei</strong></span> <span class='ocrx_word' id='word_1_66' title='bbox 1857 2404 2116 2473; x_wconf 84' lang='lat' dir='ltr'><strong>oeusideratione</strong></span> 
     </span>
     <span class='ocr_line' id='line_1_7' title="bbox 122 2514 2116 2601; baseline 0.001 -21"><span class='ocrx_word' id='word_1_67' title='bbox 122 2537 159 2581; x_wconf 89' lang='lat' dir='ltr'><strong>se</strong></span> <span class='ocrx_word' id='word_1_68' title='bbox 178 2523 315 2596; x_wconf 75' lang='lat' dir='ltr'><strong>exeroet,</strong></span> <span class='ocrx_word' id='word_1_69' title='bbox 337 2517 467 2582; x_wconf 73' lang='lat' dir='ltr'><strong>edomui</strong></span> <span class='ocrx_word' id='word_1_70' title='bbox 483 2516 594 2582; x_wconf 89' lang='lat' dir='ltr'><strong>miuus</strong></span> <span class='ocrx_word' id='word_1_71' title='bbox 610 2517 797 2600; x_wconf 72' lang='lat' dir='ltr'>assequitur</span> <span class='ocrx_word' id='word_1_72' title='bbox 814 2535 912 2600; x_wconf 89' lang='lat' dir='ltr'><strong>quam</strong></span> <span class='ocrx_word' id='word_1_73' title='bbox 929 2523 1017 2583; x_wconf 90' lang='lat' dir='ltr'><strong>esset</strong></span> <span class='ocrx_word' id='word_1_74' title='bbox 1033 2514 1226 2600; x_wconf 88' lang='lat' dir='ltr'><strong>optandum:</strong></span> <span class='ocrx_word' id='word_1_75' title='bbox 1245 2517 1294 2582; x_wconf 91' lang='lat' dir='ltr'><strong>ita</strong></span> <span class='ocrx_word' id='word_1_76' title='bbox 1311 2518 1338 2582; x_wconf 91' lang='lat' dir='ltr'><strong>si</strong></span> <span class='ocrx_word' id='word_1_77' title='bbox 1356 2517 1391 2581; x_wconf 93' lang='lat' dir='ltr'><strong>in</strong></span> <span class='ocrx_word' id='word_1_78' title='bbox 1409 2515 1470 2584; x_wconf 87' lang='lat' dir='ltr'><strong>hee</strong></span> <span class='ocrx_word' id='word_1_79' title='bbox 1488 2516 1634 2583; x_wconf 89' lang='lat' dir='ltr'><strong>exereitii</strong></span> <span class='ocrx_word' id='word_1_80' title='bbox 1652 2536 1771 2601; x_wconf 82' lang='lat' dir='ltr'><strong>genere</strong></span> <span class='ocrx_word' id='word_1_81' title='bbox 1788 2517 1868 2584; x_wconf 87' lang='lat' dir='ltr'><strong>alies</strong></span> <span class='ocrx_word' id='word_1_82' title='bbox 1885 2536 1946 2599; x_wconf 91' lang='lat' dir='ltr'><strong>pro</strong></span> <span class='ocrx_word' id='word_1_83' title='bbox 1963 2516 2116 2584; x_wconf 83' lang='lat' dir='ltr'><strong>laenitate</strong></span> 
     </span>
     <span class='ocr_line' id='line_1_8' title="bbox 121 2624 2116 2712; baseline 0.001 -22"><span class='ocrx_word' id='word_1_84' title='bbox 121 2625 209 2690; x_wconf 91' lang='lat' dir='ltr'><strong>mihi</strong></span> <span class='ocrx_word' id='word_1_85' title='bbox 231 2624 308 2692; x_wconf 90' lang='lat' dir='ltr'><strong>data</strong></span> <span class='ocrx_word' id='word_1_86' title='bbox 328 2627 444 2693; x_wconf 88' lang='lat' dir='ltr'><strong>iuvare</strong></span> <span class='ocrx_word' id='word_1_87' title='bbox 473 2625 630 2707; x_wconf 86' lang='lat' dir='ltr'><strong>studeam,</strong></span> <span class='ocrx_word' id='word_1_88' title='bbox 653 2627 795 2692; x_wconf 85' lang='lat' dir='ltr'><strong>offieium</strong></span> <span class='ocrx_word' id='word_1_89' title='bbox 818 2647 928 2692; x_wconf 91' lang='lat' dir='ltr'><strong>meum</strong></span> <span class='ocrx_word' id='word_1_90' title='bbox 951 2648 1015 2692; x_wconf 89' lang='lat' dir='ltr'><strong>nen</strong></span> <span class='ocrx_word' id='word_1_91' title='bbox 1038 2627 1149 2693; x_wconf 88' lang='lat' dir='ltr'><strong>minus</strong></span> <span class='ocrx_word' id='word_1_92' title='bbox 1166 2627 1230 2710; x_wconf 85' lang='lat' dir='ltr'><strong>piis</strong></span> <span class='ocrx_word' id='word_1_93' title='bbox 1259 2627 1448 2694; x_wconf 88' lang='lat' dir='ltr'><strong>hominibus</strong></span> <span class='ocrx_word' id='word_1_94' title='bbox 1476 2628 1648 2710; x_wconf 87' lang='lat' dir='ltr'><strong>probatum</strong></span> <span class='ocrx_word' id='word_1_95' title='bbox 1669 2628 1830 2711; x_wconf 83' lang='lat' dir='ltr'><strong>iriquum</strong></span> <span class='ocrx_word' id='word_1_96' title='bbox 1853 2628 1924 2693; x_wconf 87' lang='lat' dir='ltr'><strong>Dee</strong></span> <span class='ocrx_word' id='word_1_97' title='bbox 1945 2633 2116 2712; x_wconf 87' lang='lat' dir='ltr'><strong>aeeeptnm</strong></span> 
     </span>
     <span class='ocr_line' id='line_1_9' title="bbox 121 2736 2117 2822; baseline 0.002 -21"><span class='ocrx_word' id='word_1_98' title='bbox 121 2738 193 2802; x_wconf 89' lang='lat' dir='ltr'><strong>fore</strong></span> <span class='ocrx_word' id='word_1_99' title='bbox 215 2736 355 2805; x_wconf 90' lang='lat' dir='ltr'><strong>eonflde.</strong></span> <span class='ocrx_word' id='word_1_100' title='bbox 398 2738 472 2805; x_wconf 87' lang='lat' dir='ltr'><strong>Heu</strong></span> <span class='ocrx_word' id='word_1_101' title='bbox 493 2759 561 2804; x_wconf 91' lang='lat' dir='ltr'><strong>nen</strong></span> <span class='ocrx_word' id='word_1_102' title='bbox 582 2745 710 2804; x_wconf 85' lang='lat' dir='ltr'><strong>tantum</strong></span> <span class='ocrx_word' id='word_1_103' title='bbox 732 2737 910 2804; x_wconf 90' lang='lat' dir='ltr'><strong>exeusandi</strong></span> <span class='ocrx_word' id='word_1_104' title='bbox 930 2738 996 2803; x_wconf 90' lang='lat' dir='ltr'><strong>mei</strong></span> <span class='ocrx_word' id='word_1_105' title='bbox 1024 2757 1121 2803; x_wconf 85' lang='lat' dir='ltr'><strong>eausa</strong></span> <span class='ocrx_word' id='word_1_106' title='bbox 1137 2739 1280 2822; x_wconf 86' lang='lat' dir='ltr'><strong>praefari</strong></span> <span class='ocrx_word' id='word_1_107' title='bbox 1301 2737 1411 2804; x_wconf 88' lang='lat' dir='ltr'><strong>libuit:</strong></span> <span class='ocrx_word' id='word_1_108' title='bbox 1432 2736 1490 2805; x_wconf 90' lang='lat' dir='ltr'><strong>sed</strong></span> <span class='ocrx_word' id='word_1_109' title='bbox 1512 2748 1552 2803; x_wconf 89' lang='lat' dir='ltr'><strong>ut</strong></span> <span class='ocrx_word' id='word_1_110' title='bbox 1572 2739 1690 2804; x_wconf 87' lang='lat' dir='ltr'><strong>moniti</strong></span> <span class='ocrx_word' id='word_1_111' title='bbox 1713 2739 1812 2805; x_wconf 88' lang='lat' dir='ltr'><strong>etiam</strong></span> <span class='ocrx_word' id='word_1_112' title='bbox 1835 2739 1903 2804; x_wconf 89' lang='lat' dir='ltr'><strong>sint</strong></span> <span class='ocrx_word' id='word_1_113' title='bbox 1918 2737 2065 2816; x_wconf 80' lang='lat' dir='ltr'><strong>lectores,</strong></span> <span class='ocrx_word' id='word_1_114' title='bbox 2088 2738 2117 2804; x_wconf 94' lang='lat' dir='ltr'><strong>si</strong></span> 
     </span>
    </p>
   </div>
   <div class='ocr_carea' id='block_1_4' title="bbox 121 2847 2212 2932">
    <p class='ocr_par' dir='ltr' id='par_1_4' title="bbox 121 2847 2212 2932">
     <span class='ocr_line' id='line_1_10' title="bbox 121 2847 2212 2932; baseline -0.002 -20"><span class='ocrx_word' id='word_1_115' title='bbox 121 2847 226 2931; x_wconf 86' lang='lat' dir='ltr'><strong>prebe</strong></span> <span class='ocrx_word' id='word_1_116' title='bbox 248 2867 375 2914; x_wconf 88' lang='lat' dir='ltr'><strong>meeum</strong></span> <span class='ocrx_word' id='word_1_117' title='bbox 396 2849 431 2913; x_wconf 93' lang='lat' dir='ltr'><strong>in</strong></span> <span class='ocrx_word' id='word_1_118' title='bbox 453 2847 649 2916; x_wconf 73' lang='lat' dir='ltr'><strong>meditandis</strong></span> <span class='ocrx_word' id='word_1_119' title='bbox 677 2847 742 2915; x_wconf 91' lang='lat' dir='ltr'><strong>Dei</strong></span> <span class='ocrx_word' id='word_1_120' title='bbox 760 2848 914 2932; x_wconf 91' lang='lat' dir='ltr'><strong>operibus</strong></span> <span class='ocrx_word' id='word_1_121' title='bbox 942 2849 1098 2932; x_wconf 87' lang='lat' dir='ltr'><strong>prolieere</strong></span> <span class='ocrx_word' id='word_1_122' title='bbox 1129 2849 1248 2928; x_wconf 92' lang='lat' dir='ltr'><strong>velint,</strong></span> <span class='ocrx_word' id='word_1_123' title='bbox 1271 2849 1432 2930; x_wconf 84' lang='lat' dir='ltr'><strong>sobrium,</strong></span> <span class='ocrx_word' id='word_1_124' title='bbox 1463 2848 1616 2932; x_wconf 91' lang='lat' dir='ltr'><strong>deoilem,</strong></span> <span class='ocrx_word' id='word_1_125' title='bbox 1649 2857 1857 2916; x_wconf 87' lang='lat' dir='ltr'><strong>mansuetum</strong></span> <span class='ocrx_word' id='word_1_126' title='bbox 1890 2858 1924 2915; x_wconf 91' lang='lat' dir='ltr'><strong>et</strong></span> <span class='ocrx_word' id='word_1_127' title='bbox 1956 2849 2115 2915; x_wconf 91' lang='lat' dir='ltr'><strong>humilem</strong></span> <span class='ocrx_word' id='word_1_128' title='bbox 2209 2899 2212 2908; x_wconf 89' lang='lat'><strong>.</strong></span> 
     </span>
    </p>
   </div>
   <div class='ocr_carea' id='block_1_5' title="bbox 111 2957 2119 5270">
    <p class='ocr_par' dir='ltr' id='par_1_5' title="bbox 111 2957 2119 5270">
     <span class='ocr_line' id='line_1_11' title="bbox 123 2957 2116 3044; baseline 0.002 -20"><span class='ocrx_word' id='word_1_129' title='bbox 123 2958 280 3043; x_wconf 88' lang='lat' dir='ltr'><strong>spiritum</strong></span> <span class='ocrx_word' id='word_1_130' title='bbox 298 2959 502 3026; x_wconf 87' lang='lat' dir='ltr'><strong>afferendum</strong></span> <span class='ocrx_word' id='word_1_131' title='bbox 520 2981 600 3026; x_wconf 88' lang='lat' dir='ltr'><strong>ease.</strong></span> <span class='ocrx_word' id='word_1_132' title='bbox 637 2957 753 3027; x_wconf 87' lang='lat' dir='ltr'><strong>Oeulis</strong></span> <span class='ocrx_word' id='word_1_133' title='bbox 769 2960 901 3044; x_wconf 91' lang='lat' dir='ltr'><strong>quidem</strong></span> <span class='ocrx_word' id='word_1_134' title='bbox 918 2957 1080 3024; x_wconf 91' lang='lat' dir='ltr'><strong>mundum</strong></span> <span class='ocrx_word' id='word_1_135' title='bbox 1097 2960 1271 3041; x_wconf 76' lang='lat' dir='ltr'><strong>cernimus,</strong></span> <span class='ocrx_word' id='word_1_136' title='bbox 1290 2961 1428 3044; x_wconf 89' lang='lat' dir='ltr'><strong>pedibus</strong></span> <span class='ocrx_word' id='word_1_137' title='bbox 1447 2961 1609 3028; x_wconf 87' lang='lat' dir='ltr'><strong>ualeamus</strong></span> <span class='ocrx_word' id='word_1_138' title='bbox 1627 2969 1758 3039; x_wconf 89' lang='lat' dir='ltr'><strong>terram,</strong></span> <span class='ocrx_word' id='word_1_139' title='bbox 1777 2960 1928 3027; x_wconf 86' lang='lat' dir='ltr'><strong>munibus</strong></span> <span class='ocrx_word' id='word_1_140' title='bbox 1944 2960 2116 3044; x_wconf 87' lang='lat' dir='ltr'><strong>palpamus</strong></span> 
     </span>
     <span class='ocr_line' id='line_1_12' title="bbox 121 3070 2116 3156; baseline 0.002 -22"><span class='ocrx_word' id='word_1_141' title='bbox 121 3071 316 3137; x_wconf 88' lang='lat' dir='ltr'><strong>innumeras</strong></span> <span class='ocrx_word' id='word_1_142' title='bbox 336 3089 473 3154; x_wconf 88' lang='lat' dir='ltr'><strong>eperum</strong></span> <span class='ocrx_word' id='word_1_143' title='bbox 496 3071 560 3137; x_wconf 89' lang='lat' dir='ltr'><strong>Dei</strong></span> <span class='ocrx_word' id='word_1_144' title='bbox 587 3073 725 3155; x_wconf 88' lang='lat' dir='ltr'><strong>speeies,</strong></span> <span class='ocrx_word' id='word_1_145' title='bbox 747 3071 880 3138; x_wconf 92' lang='lat' dir='ltr'><strong>odorem</strong></span> <span class='ocrx_word' id='word_1_146' title='bbox 901 3093 943 3140; x_wconf 89' lang='lat' dir='ltr'><strong>ex</strong></span> <span class='ocrx_word' id='word_1_147' title='bbox 964 3077 1075 3144; x_wconf 82' lang='lat' dir='ltr'><strong>herbis</strong></span> <span class='ocrx_word' id='word_1_148' title='bbox 1098 3080 1134 3140; x_wconf 88' lang='lat' dir='ltr'><strong>et</strong></span> <span class='ocrx_word' id='word_1_149' title='bbox 1159 3071 1294 3139; x_wconf 88' lang='lat' dir='ltr'><strong>floribus</strong></span> <span class='ocrx_word' id='word_1_150' title='bbox 1323 3093 1457 3139; x_wconf 78' lang='lat' dir='ltr'><strong>suavem</strong></span> <span class='ocrx_word' id='word_1_151' title='bbox 1485 3070 1729 3156; x_wconf 89' lang='lat' dir='ltr'><strong>ineundumque</strong></span> <span class='ocrx_word' id='word_1_152' title='bbox 1758 3071 1943 3154; x_wconf 87' lang='lat' dir='ltr'><strong>haurimus,</strong></span> <span class='ocrx_word' id='word_1_153' title='bbox 1971 3071 2116 3138; x_wconf 82' lang='lat' dir='ltr'><strong>fruimur</strong></span> 
     </span>
     <span class='ocr_line' id='line_1_13' title="bbox 122 3179 2117 3271; baseline 0.002 -25"><span class='ocrx_word' id='word_1_154' title='bbox 122 3181 316 3266; x_wconf 82' lang='lat' dir='ltr'><strong>ingentibus</strong></span> <span class='ocrx_word' id='word_1_155' title='bbox 337 3179 447 3248; x_wconf 86' lang='lat' dir='ltr'><strong>benis:</strong></span> <span class='ocrx_word' id='word_1_156' title='bbox 471 3181 527 3248; x_wconf 88' lang='lat' dir='ltr'><strong>sed</strong></span> <span class='ocrx_word' id='word_1_157' title='bbox 545 3183 581 3248; x_wconf 91' lang='lat' dir='ltr'><strong>in</strong></span> <span class='ocrx_word' id='word_1_158' title='bbox 603 3182 655 3248; x_wconf 89' lang='lat' dir='ltr'><strong>his</strong></span> <span class='ocrx_word' id='word_1_159' title='bbox 672 3183 752 3266; x_wconf 84' lang='lat' dir='ltr'><strong>ipsis</strong></span> <span class='ocrx_word' id='word_1_160' title='bbox 775 3203 912 3268; x_wconf 87' lang='lat' dir='ltr'><strong>quorum</strong></span> <span class='ocrx_word' id='word_1_161' title='bbox 931 3189 1083 3254; x_wconf 86' lang='lat' dir='ltr'><strong>notitiam</strong></span> <span class='ocrx_word' id='word_1_162' title='bbox 1111 3182 1405 3271; x_wconf 82' lang='lat' dir='ltr'><strong>apprehendimus,</strong></span> <span class='ocrx_word' id='word_1_163' title='bbox 1427 3184 1514 3249; x_wconf 86' lang='lat' dir='ltr'><strong>inest</strong></span> <span class='ocrx_word' id='word_1_164' title='bbox 1534 3202 1574 3249; x_wconf 89' lang='lat' dir='ltr'><strong>ea</strong></span> <span class='ocrx_word' id='word_1_165' title='bbox 1596 3181 1727 3249; x_wconf 85' lang='lat' dir='ltr'><strong>divinae</strong></span> <span class='ocrx_word' id='word_1_166' title='bbox 1744 3184 1920 3267; x_wconf 89' lang='lat' dir='ltr'><strong>potentiae,</strong></span> <span class='ocrx_word' id='word_1_167' title='bbox 1948 3183 2117 3263; x_wconf 82' lang='lat' dir='ltr'><strong>bonitatis,</strong></span> 
     </span>
     <span class='ocr_line' id='line_1_14' title="bbox 122 3292 2118 3380; baseline 0.002 -21"><span class='ocrx_word' id='word_1_168' title='bbox 122 3293 306 3377; x_wconf 90' lang='lat' dir='ltr'><strong>sapientiae</strong></span> <span class='ocrx_word' id='word_1_169' title='bbox 322 3292 478 3373; x_wconf 83' lang='lat' dir='ltr'><strong>infinitas,</strong></span> <span class='ocrx_word' id='word_1_170' title='bbox 496 3314 580 3378; x_wconf 89' lang='lat' dir='ltr'><strong>quae</strong></span> <span class='ocrx_word' id='word_1_171' title='bbox 601 3314 717 3361; x_wconf 88' lang='lat' dir='ltr'><strong>sensus</strong></span> <span class='ocrx_word' id='word_1_172' title='bbox 732 3312 848 3363; x_wconf 91' lang='lat' dir='ltr'><strong>omnes</strong></span> <span class='ocrx_word' id='word_1_173' title='bbox 864 3307 994 3365; x_wconf 86' lang='lat' dir='ltr'><strong>nestros</strong></span> <span class='ocrx_word' id='word_1_174' title='bbox 1011 3299 1189 3366; x_wconf 85' lang='lat' dir='ltr'><strong>absorbeat</strong></span> <span class='ocrx_word' id='word_1_175' title='bbox 1224 3296 1342 3380; x_wconf 89' lang='lat' dir='ltr'><strong>Itaque</strong></span> <span class='ocrx_word' id='word_1_176' title='bbox 1359 3294 1546 3361; x_wconf 87' lang='lat' dir='ltr'><strong>hominihus</strong></span> <span class='ocrx_word' id='word_1_177' title='bbox 1567 3294 1708 3362; x_wconf 88' lang='lat' dir='ltr'><strong>seiiieiat</strong></span> <span class='ocrx_word' id='word_1_178' title='bbox 1724 3295 1753 3362; x_wconf 91' lang='lat' dir='ltr'><strong>si</strong></span> <span class='ocrx_word' id='word_1_179' title='bbox 1770 3293 1964 3362; x_wconf 90' lang='lat' dir='ltr'><strong>medioersm</strong></span> <span class='ocrx_word' id='word_1_180' title='bbox 1981 3315 2041 3378; x_wconf 91' lang='lat' dir='ltr'><strong>pro</strong></span> <span class='ocrx_word' id='word_1_181' title='bbox 2058 3315 2118 3362; x_wconf 90' lang='lat' dir='ltr'><strong>suo</strong></span> 
     </span>
     <span class='ocr_line' id='line_1_15' title="bbox 121 3404 2119 3493; baseline 0.001 -22"><span class='ocrx_word' id='word_1_182' title='bbox 121 3411 222 3487; x_wconf 86' lang='lat' dir='ltr'><strong>eaptu</strong></span> <span class='ocrx_word' id='word_1_183' title='bbox 244 3413 378 3489; x_wconf 78' lang='lat' dir='ltr'><strong>gustum</strong></span> <span class='ocrx_word' id='word_1_184' title='bbox 395 3404 545 3472; x_wconf 86' lang='lat' dir='ltr'><strong>habeant.</strong></span> <span class='ocrx_word' id='word_1_185' title='bbox 591 3408 700 3490; x_wconf 85' lang='lat' dir='ltr'><strong>Atque</strong></span> <span class='ocrx_word' id='word_1_186' title='bbox 719 3407 760 3472; x_wconf 88' lang='lat' dir='ltr'><strong>ad</strong></span> <span class='ocrx_word' id='word_1_187' title='bbox 788 3406 876 3475; x_wconf 93' lang='lat' dir='ltr'><strong>hune</strong></span> <span class='ocrx_word' id='word_1_188' title='bbox 898 3431 1032 3493; x_wconf 91' lang='lat' dir='ltr'><strong>soepum</strong></span> <span class='ocrx_word' id='word_1_189' title='bbox 1051 3412 1097 3475; x_wconf 86' lang='lat' dir='ltr'><strong>ita</strong></span> <span class='ocrx_word' id='word_1_190' title='bbox 1118 3431 1179 3476; x_wconf 91' lang='lat' dir='ltr'><strong>nes</strong></span> <span class='ocrx_word' id='word_1_191' title='bbox 1200 3408 1281 3474; x_wconf 85' lang='lat' dir='ltr'><strong>eniti</strong></span> <span class='ocrx_word' id='word_1_192' title='bbox 1304 3417 1373 3472; x_wconf 86' lang='lat' dir='ltr'><strong>teta</strong></span> <span class='ocrx_word' id='word_1_193' title='bbox 1390 3407 1461 3472; x_wconf 87' lang='lat' dir='ltr'><strong>vita</strong></span> <span class='ocrx_word' id='word_1_194' title='bbox 1485 3407 1655 3483; x_wconf 79' lang='lat' dir='ltr'><strong>convenit,</strong></span> <span class='ocrx_word' id='word_1_195' title='bbox 1678 3414 1716 3470; x_wconf 91' lang='lat' dir='ltr'><strong>nt</strong></span> <span class='ocrx_word' id='word_1_196' title='bbox 1733 3425 1793 3471; x_wconf 90' lang='lat' dir='ltr'><strong>nes</strong></span> <span class='ocrx_word' id='word_1_197' title='bbox 1814 3405 1927 3492; x_wconf 88' lang='lat' dir='ltr'><strong>(etiam</strong></span> <span class='ocrx_word' id='word_1_198' title='bbox 1945 3407 1980 3470; x_wconf 93' lang='lat' dir='ltr'><strong>in</strong></span> <span class='ocrx_word' id='word_1_199' title='bbox 2002 3405 2119 3472; x_wconf 91' lang='lat' dir='ltr'><strong>ultima</strong></span> 
     </span>
     <span class='ocr_line' id='line_1_16' title="bbox 120 3515 2119 3606; baseline 0.002 -24"><span class='ocrx_word' id='word_1_200' title='bbox 120 3515 304 3603; x_wconf 86' lang='lat' dir='ltr'><strong>seneetute)</strong></span> <span class='ocrx_word' id='word_1_201' title='bbox 320 3516 485 3600; x_wconf 87' lang='lat' dir='ltr'><strong>profeebus</strong></span> <span class='ocrx_word' id='word_1_202' title='bbox 506 3515 642 3582; x_wconf 88' lang='lat' dir='ltr'><strong>minime</strong></span> <span class='ocrx_word' id='word_1_203' title='bbox 661 3518 836 3600; x_wconf 87' lang='lat' dir='ltr'><strong>poeniteat,</strong></span> <span class='ocrx_word' id='word_1_204' title='bbox 857 3520 953 3588; x_wconf 91' lang='lat' dir='ltr'><strong>mede</strong></span> <span class='ocrx_word' id='word_1_205' title='bbox 970 3521 1173 3606; x_wconf 91' lang='lat' dir='ltr'><strong>aliquantum</strong></span> <span class='ocrx_word' id='word_1_206' title='bbox 1190 3520 1295 3586; x_wconf 88' lang='lat' dir='ltr'><strong>simus</strong></span> <span class='ocrx_word' id='word_1_207' title='bbox 1312 3539 1333 3584; x_wconf 89' lang='lat' dir='ltr'><strong>a</strong></span> <span class='ocrx_word' id='word_1_208' title='bbox 1350 3518 1532 3585; x_wconf 90' lang='lat' dir='ltr'><strong>oaroeribus</strong></span> <span class='ocrx_word' id='word_1_209' title='bbox 1552 3519 1726 3601; x_wconf 79' lang='lat' dir='ltr'><strong>progressi.</strong></span> <span class='ocrx_word' id='word_1_210' title='bbox 1762 3517 1835 3585; x_wconf 84' lang='lat' dir='ltr'><strong>Heu</strong></span> <span class='ocrx_word' id='word_1_211' title='bbox 1856 3517 1991 3584; x_wconf 80' lang='lat' dir='ltr'><strong>oonsilio</strong></span> <span class='ocrx_word' id='word_1_212' title='bbox 2009 3518 2119 3585; x_wconf 86' lang='lat' dir='ltr'><strong>Moses</strong></span> 
     </span>
     <span class='ocr_line' id='line_1_17' title="bbox 116 3625 2117 3714; baseline 0.002 -23"><span class='ocrx_word' id='word_1_213' title='bbox 116 3625 245 3692; x_wconf 86' lang='lat' dir='ltr'><strong>librum</strong></span> <span class='ocrx_word' id='word_1_214' title='bbox 267 3646 365 3692; x_wconf 90' lang='lat' dir='ltr'><strong>suum</strong></span> <span class='ocrx_word' id='word_1_215' title='bbox 383 3647 521 3693; x_wconf 86' lang='lat' dir='ltr'><strong>exorsus</strong></span> <span class='ocrx_word' id='word_1_216' title='bbox 542 3635 636 3693; x_wconf 89' lang='lat' dir='ltr'><strong>esta</strong></span> <span class='ocrx_word' id='word_1_217' title='bbox 665 3627 780 3694; x_wconf 89' lang='lat' dir='ltr'><strong>mundi</strong></span> <span class='ocrx_word' id='word_1_218' title='bbox 805 3631 985 3714; x_wconf 72' lang='lat' dir='ltr'><strong>orbatione,</strong></span> <span class='ocrx_word' id='word_1_219' title='bbox 1008 3643 1044 3699; x_wconf 90' lang='lat' dir='ltr'><strong>ut</strong></span> <span class='ocrx_word' id='word_1_220' title='bbox 1062 3634 1096 3698; x_wconf 93' lang='lat' dir='ltr'><strong>in</strong></span> <span class='ocrx_word' id='word_1_221' title='bbox 1118 3633 1189 3698; x_wconf 88' lang='lat' dir='ltr'><strong>eius</strong></span> <span class='ocrx_word' id='word_1_222' title='bbox 1216 3639 1348 3714; x_wconf 90' lang='lat' dir='ltr'><strong>aspeetu</strong></span> <span class='ocrx_word' id='word_1_223' title='bbox 1376 3628 1485 3694; x_wconf 91' lang='lat' dir='ltr'><strong>Deum</strong></span> <span class='ocrx_word' id='word_1_224' title='bbox 1510 3629 1604 3713; x_wconf 87' lang='lat' dir='ltr'><strong>quasi</strong></span> <span class='ocrx_word' id='word_1_225' title='bbox 1632 3627 1792 3694; x_wconf 88' lang='lat' dir='ltr'><strong>visibilem</strong></span> <span class='ocrx_word' id='word_1_226' title='bbox 1822 3628 1919 3694; x_wconf 90' lang='lat' dir='ltr'><strong>nobis</strong></span> <span class='ocrx_word' id='word_1_227' title='bbox 1945 3639 2117 3713; x_wconf 88' lang='lat' dir='ltr'><strong>proponat.</strong></span> 
     </span>
     <span class='ocr_line' id='line_1_18' title="bbox 119 3736 2117 3828; baseline 0.001 -23"><span class='ocrx_word' id='word_1_228' title='bbox 119 3736 190 3805; x_wconf 84' lang='lat' dir='ltr'><strong>Sed</strong></span> <span class='ocrx_word' id='word_1_229' title='bbox 211 3737 266 3808; x_wconf 92' lang='lat' dir='ltr'><strong>hie</strong></span> <span class='ocrx_word' id='word_1_230' title='bbox 286 3739 464 3822; x_wconf 78' lang='lat' dir='ltr'><strong>insurgunt</strong></span> <span class='ocrx_word' id='word_1_231' title='bbox 483 3739 630 3822; x_wconf 85' lang='lat' dir='ltr'><strong>protervi</strong></span> <span class='ocrx_word' id='word_1_232' title='bbox 651 3738 811 3821; x_wconf 83' lang='lat' dir='ltr'><strong>hemines,</strong></span> <span class='ocrx_word' id='word_1_233' title='bbox 835 3762 872 3808; x_wconf 91' lang='lat' dir='ltr'><strong>ae</strong></span> <span class='ocrx_word' id='word_1_234' title='bbox 889 3742 1030 3810; x_wconf 89' lang='lat' dir='ltr'><strong>ludendo</strong></span> <span class='ocrx_word' id='word_1_235' title='bbox 1051 3750 1222 3828; x_wconf 88' lang='lat' dir='ltr'><strong>quaerunt,</strong></span> <span class='ocrx_word' id='word_1_236' title='bbox 1241 3739 1407 3807; x_wconf 90' lang='lat' dir='ltr'><strong>undenam</strong></span> <span class='ocrx_word' id='word_1_237' title='bbox 1429 3741 1491 3808; x_wconf 93' lang='lat' dir='ltr'><strong>hee</strong></span> <span class='ocrx_word' id='word_1_238' title='bbox 1509 3739 1691 3806; x_wconf 82' lang='lat' dir='ltr'><strong>revelatum</strong></span> <span class='ocrx_word' id='word_1_239' title='bbox 1710 3739 1808 3805; x_wconf 90' lang='lat' dir='ltr'><strong>fuerit</strong></span> <span class='ocrx_word' id='word_1_240' title='bbox 1828 3739 1922 3806; x_wconf 80' lang='lat' dir='ltr'><strong>Meni.</strong></span> <span class='ocrx_word' id='word_1_241' title='bbox 1959 3739 2117 3807; x_wconf 83' lang='lat' dir='ltr'><strong>Fabulari</strong></span> 
     </span>
     <span class='ocr_line' id='line_1_19' title="bbox 115 3848 2116 3938; baseline 0.002 -24"><span class='ocrx_word' id='word_1_242' title='bbox 115 3869 200 3935; x_wconf 88' lang='lat' dir='ltr'><strong>ergo</strong></span> <span class='ocrx_word' id='word_1_243' title='bbox 221 3848 377 3916; x_wconf 88' lang='lat' dir='ltr'><strong>derebus</strong></span> <span class='ocrx_word' id='word_1_244' title='bbox 397 3851 518 3934; x_wconf 84' lang='lat' dir='ltr'><strong>ignotis</strong></span> <span class='ocrx_word' id='word_1_245' title='bbox 538 3859 667 3933; x_wconf 82' lang='lat' dir='ltr'><strong>putant,</strong></span> <span class='ocrx_word' id='word_1_246' title='bbox 686 3852 763 3934; x_wconf 91' lang='lat' dir='ltr'><strong>quia</strong></span> <span class='ocrx_word' id='word_1_247' title='bbox 784 3873 844 3919; x_wconf 86' lang='lat' dir='ltr'><strong>nee</strong></span> <span class='ocrx_word' id='word_1_248' title='bbox 876 3861 1039 3938; x_wconf 88' lang='lat' dir='ltr'><strong>speetator</strong></span> <span class='ocrx_word' id='word_1_249' title='bbox 1071 3855 1170 3922; x_wconf 88' lang='lat' dir='ltr'><strong>fuerit</strong></span> <span class='ocrx_word' id='word_1_250' title='bbox 1201 3873 1314 3920; x_wconf 91' lang='lat' dir='ltr'><strong>eorum</strong></span> <span class='ocrx_word' id='word_1_251' title='bbox 1343 3873 1427 3936; x_wconf 88' lang='lat' dir='ltr'><strong>quae</strong></span> <span class='ocrx_word' id='word_1_252' title='bbox 1447 3863 1577 3931; x_wconf 88' lang='lat' dir='ltr'><strong>narrat,</strong></span> <span class='ocrx_word' id='word_1_253' title='bbox 1601 3871 1705 3933; x_wconf 89' lang='lat' dir='ltr'><strong>neque</strong></span> <span class='ocrx_word' id='word_1_254' title='bbox 1733 3873 1775 3916; x_wconf 83' lang='lat' dir='ltr'><strong>ex</strong></span> <span class='ocrx_word' id='word_1_255' title='bbox 1799 3851 1937 3918; x_wconf 84' lang='lat' dir='ltr'><strong>leotiene</strong></span> <span class='ocrx_word' id='word_1_256' title='bbox 1966 3850 2116 3919; x_wconf 87' lang='lat' dir='ltr'><strong>didiuorit</strong></span> 
     </span>
     <span class='ocr_line' id='line_1_20' title="bbox 116 3958 2116 4049; baseline 0.003 -23"><span class='ocrx_word' id='word_1_257' title='bbox 116 3961 168 4027; x_wconf 89' lang='lat' dir='ltr'><strong>ita</strong></span> <span class='ocrx_word' id='word_1_258' title='bbox 191 3979 271 4027; x_wconf 89' lang='lat' dir='ltr'><strong>osse.</strong></span> <span class='ocrx_word' id='word_1_259' title='bbox 317 3958 373 4027; x_wconf 81' lang='lat' dir='ltr'><strong>Sin</strong></span> <span class='ocrx_word' id='word_1_260' title='bbox 393 3959 456 4026; x_wconf 92' lang='lat' dir='ltr'><strong>illi:</strong></span> <span class='ocrx_word' id='word_1_261' title='bbox 479 3960 576 4027; x_wconf 88' lang='lat' dir='ltr'><strong>faoile</strong></span> <span class='ocrx_word' id='word_1_262' title='bbox 593 3969 703 4028; x_wconf 74' lang='lat' dir='ltr'><strong>mmen</strong></span> <span class='ocrx_word' id='word_1_263' title='bbox 728 3963 890 4031; x_wconf 84' lang='lat' dir='ltr'><strong>refellitur</strong></span> <span class='ocrx_word' id='word_1_264' title='bbox 918 3986 1031 4033; x_wconf 90' lang='lat' dir='ltr'><strong>eorum</strong></span> <span class='ocrx_word' id='word_1_265' title='bbox 1059 3964 1261 4049; x_wconf 90' lang='lat' dir='ltr'><strong>improbitas.</strong></span> <span class='ocrx_word' id='word_1_266' title='bbox 1305 3965 1390 4030; x_wconf 90' lang='lat' dir='ltr'><strong>Nam</strong></span> <span class='ocrx_word' id='word_1_267' title='bbox 1414 3964 1441 4030; x_wconf 91' lang='lat' dir='ltr'><strong>si</strong></span> <span class='ocrx_word' id='word_1_268' title='bbox 1463 3962 1561 4029; x_wconf 90' lang='lat' dir='ltr'><strong>fidem</strong></span> <span class='ocrx_word' id='word_1_269' title='bbox 1588 3961 1662 4030; x_wconf 89' lang='lat' dir='ltr'><strong>ideo</strong></span> <span class='ocrx_word' id='word_1_270' title='bbox 1690 3963 1820 4028; x_wconf 90' lang='lat' dir='ltr'><strong>elevant</strong></span> <span class='ocrx_word' id='word_1_271' title='bbox 1846 3961 1924 4029; x_wconf 91' lang='lat' dir='ltr'><strong>huie</strong></span> <span class='ocrx_word' id='word_1_272' title='bbox 1947 3962 2116 4040; x_wconf 89' lang='lat' dir='ltr'><strong>historiae.</strong></span> 
     </span>
     <span class='ocr_line' id='line_1_21' title="bbox 116 4071 2116 4159; baseline 0.003 -23"><span class='ocrx_word' id='word_1_273' title='bbox 116 4071 274 4156; x_wconf 88' lang='lat' dir='ltr'><strong>quoniam</strong></span> <span class='ocrx_word' id='word_1_274' title='bbox 296 4093 338 4137; x_wconf 87' lang='lat' dir='ltr'><strong>ex</strong></span> <span class='ocrx_word' id='word_1_275' title='bbox 371 4072 469 4156; x_wconf 84' lang='lat' dir='ltr'><strong>longa</strong></span> <span class='ocrx_word' id='word_1_276' title='bbox 486 4080 630 4138; x_wconf 87' lang='lat' dir='ltr'><strong>aetatum</strong></span> <span class='ocrx_word' id='word_1_277' title='bbox 651 4074 736 4140; x_wconf 87' lang='lat' dir='ltr'><strong>serie</strong></span> <span class='ocrx_word' id='word_1_278' title='bbox 757 4083 933 4159; x_wconf 86' lang='lat' dir='ltr'><strong>repetatur,</strong></span> <span class='ocrx_word' id='word_1_279' title='bbox 956 4078 1111 4144; x_wconf 86' lang='lat' dir='ltr'><strong>vatieinia</strong></span> <span class='ocrx_word' id='word_1_280' title='bbox 1140 4077 1239 4142; x_wconf 90' lang='lat' dir='ltr'><strong>etiam</strong></span> <span class='ocrx_word' id='word_1_281' title='bbox 1276 4075 1431 4154; x_wconf 88' lang='lat' dir='ltr'><strong>refutent,</strong></span> <span class='ocrx_word' id='word_1_282' title='bbox 1454 4073 1570 4158; x_wconf 91' lang='lat' dir='ltr'><strong>quibus</strong></span> <span class='ocrx_word' id='word_1_283' title='bbox 1592 4073 1679 4141; x_wconf 92' lang='lat' dir='ltr'><strong>idem</strong></span> <span class='ocrx_word' id='word_1_284' title='bbox 1697 4073 1862 4157; x_wconf 83' lang='lat' dir='ltr'><strong>praedixit</strong></span> <span class='ocrx_word' id='word_1_285' title='bbox 1878 4075 2116 4158; x_wconf 85' lang='lat' dir='ltr'><strong>quaetetidem</strong></span> 
     </span>
     <span class='ocr_line' id='line_1_22' title="bbox 115 4183 2114 4273; baseline 0.003 -25"><span class='ocrx_word' id='word_1_286' title='bbox 115 4191 235 4267; x_wconf 85' lang='lat' dir='ltr'><strong>postea</strong></span> <span class='ocrx_word' id='word_1_287' title='bbox 254 4183 393 4250; x_wconf 85' lang='lat' dir='ltr'><strong>eaeeulis</strong></span> <span class='ocrx_word' id='word_1_288' title='bbox 411 4183 606 4250; x_wconf 75' lang='lat' dir='ltr'><strong>aediderunt</strong></span> <span class='ocrx_word' id='word_1_289' title='bbox 651 4183 751 4251; x_wconf 81' lang='lat' dir='ltr'><strong>Olara</strong></span> <span class='ocrx_word' id='word_1_290' title='bbox 769 4194 856 4268; x_wconf 91' lang='lat' dir='ltr'><strong>sunt,</strong></span> <span class='ocrx_word' id='word_1_291' title='bbox 879 4190 1027 4273; x_wconf 91' lang='lat' dir='ltr'><strong>inquam,</strong></span> <span class='ocrx_word' id='word_1_292' title='bbox 1052 4195 1086 4254; x_wconf 88' lang='lat' dir='ltr'><strong>et</strong></span> <span class='ocrx_word' id='word_1_293' title='bbox 1112 4186 1249 4268; x_wconf 69' lang='lat' dir='ltr'><strong>dhane,</strong></span> <span class='ocrx_word' id='word_1_294' title='bbox 1282 4207 1365 4270; x_wconf 87' lang='lat' dir='ltr'><strong>quae</strong></span> <span class='ocrx_word' id='word_1_295' title='bbox 1387 4187 1427 4254; x_wconf 90' lang='lat' dir='ltr'><strong>de</strong></span> <span class='ocrx_word' id='word_1_296' title='bbox 1456 4187 1603 4272; x_wconf 80' lang='lat' dir='ltr'><strong>gentium</strong></span> <span class='ocrx_word' id='word_1_297' title='bbox 1630 4187 1800 4252; x_wconf 89' lang='lat' dir='ltr'><strong>voeatione</strong></span> <span class='ocrx_word' id='word_1_298' title='bbox 1823 4195 1961 4252; x_wconf 87' lang='lat' dir='ltr'><strong>testatur</strong></span> <span class='ocrx_word' id='word_1_299' title='bbox 1989 4188 2114 4254; x_wconf 86' lang='lat' dir='ltr'><strong>Moses:</strong></span> 
     </span>
     <span class='ocr_line' id='line_1_23' title="bbox 117 4292 2114 4381; baseline 0.002 -21"><span class='ocrx_word' id='word_1_300' title='bbox 117 4293 395 4376; x_wconf 89' lang='lat' dir='ltr'><strong>eomplementum</strong></span> <span class='ocrx_word' id='word_1_301' title='bbox 420 4292 545 4362; x_wconf 92' lang='lat' dir='ltr'><strong>duobus</strong></span> <span class='ocrx_word' id='word_1_302' title='bbox 566 4295 636 4361; x_wconf 86' lang='lat' dir='ltr'><strong>fere</strong></span> <span class='ocrx_word' id='word_1_303' title='bbox 656 4305 731 4380; x_wconf 89' lang='lat' dir='ltr'><strong>pest</strong></span> <span class='ocrx_word' id='word_1_304' title='bbox 758 4298 828 4364; x_wconf 91' lang='lat' dir='ltr'><strong>eius</strong></span> <span class='ocrx_word' id='word_1_305' title='bbox 855 4309 994 4366; x_wconf 88' lang='lat' dir='ltr'><strong>mortem</strong></span> <span class='ocrx_word' id='word_1_306' title='bbox 1022 4319 1184 4365; x_wconf 90' lang='lat' dir='ltr'><strong>annerum</strong></span> <span class='ocrx_word' id='word_1_307' title='bbox 1205 4297 1349 4366; x_wconf 88' lang='lat' dir='ltr'><strong>millibus</strong></span> <span class='ocrx_word' id='word_1_308' title='bbox 1370 4298 1507 4364; x_wconf 85' lang='lat' dir='ltr'><strong>exstitit.</strong></span> <span class='ocrx_word' id='word_1_309' title='bbox 1552 4295 1620 4378; x_wconf 79' lang='lat' dir='ltr'><strong>Qui</strong></span> <span class='ocrx_word' id='word_1_310' title='bbox 1649 4317 1719 4362; x_wconf 87' lang='lat' dir='ltr'><strong>rem</strong></span> <span class='ocrx_word' id='word_1_311' title='bbox 1741 4296 1839 4381; x_wconf 87' lang='lat' dir='ltr'><strong>longe</strong></span> <span class='ocrx_word' id='word_1_312' title='bbox 1867 4312 1941 4381; x_wconf 89' lang='lat' dir='ltr'><strong>post</strong></span> <span class='ocrx_word' id='word_1_313' title='bbox 1969 4297 2114 4364; x_wconf 86' lang='lat' dir='ltr'><strong>futuram</strong></span> 
     </span>
     <span class='ocr_line' id='line_1_24' title="bbox 116 4403 2116 4496; baseline 0.003 -26"><span class='ocrx_word' id='word_1_314' title='bbox 116 4411 153 4470; x_wconf 91' lang='lat' dir='ltr'><strong>et</strong></span> <span class='ocrx_word' id='word_1_315' title='bbox 176 4412 256 4471; x_wconf 89' lang='lat' dir='ltr'><strong>tune</strong></span> <span class='ocrx_word' id='word_1_316' title='bbox 276 4403 319 4472; x_wconf 91' lang='lat' dir='ltr'><strong>ab</strong></span> <span class='ocrx_word' id='word_1_317' title='bbox 346 4404 515 4472; x_wconf 89' lang='lat' dir='ltr'><strong>hominurn</strong></span> <span class='ocrx_word' id='word_1_318' title='bbox 545 4426 644 4473; x_wconf 85' lang='lat' dir='ltr'><strong>sensu</strong></span> <span class='ocrx_word' id='word_1_319' title='bbox 672 4407 895 4477; x_wconf 89' lang='lat' dir='ltr'><strong>abseenditam</strong></span> <span class='ocrx_word' id='word_1_320' title='bbox 925 4411 1045 4496; x_wconf 89' lang='lat' dir='ltr'><strong>spiritu</strong></span> <span class='ocrx_word' id='word_1_321' title='bbox 1072 4407 1246 4495; x_wconf 84' lang='lat' dir='ltr'><strong>praevidit,</strong></span> <span class='ocrx_word' id='word_1_322' title='bbox 1269 4429 1379 4476; x_wconf 89' lang='lat' dir='ltr'><strong>annon</strong></span> <span class='ocrx_word' id='word_1_323' title='bbox 1408 4409 1514 4492; x_wconf 88' lang='lat' dir='ltr'><strong>potuit</strong></span> <span class='ocrx_word' id='word_1_324' title='bbox 1542 4417 1653 4474; x_wconf 91' lang='lat' dir='ltr'><strong>utrum</strong></span> <span class='ocrx_word' id='word_1_325' title='bbox 1676 4407 1821 4474; x_wconf 90' lang='lat' dir='ltr'><strong>mundus</strong></span> <span class='ocrx_word' id='word_1_326' title='bbox 1842 4429 1863 4474; x_wconf 92' lang='lat' dir='ltr'><strong>a</strong></span> <span class='ocrx_word' id='word_1_327' title='bbox 1883 4409 1956 4475; x_wconf 92' lang='lat' dir='ltr'><strong>Dee</strong></span> <span class='ocrx_word' id='word_1_328' title='bbox 1984 4417 2116 4475; x_wconf 87' lang='lat' dir='ltr'><strong>oreatus</strong></span> 
     </span>
     <span class='ocr_line' id='line_1_25' title="bbox 117 4515 2114 4606; baseline 0.002 -24"><span class='ocrx_word' id='word_1_329' title='bbox 117 4523 211 4582; x_wconf 88' lang='lat' dir='ltr'><strong>esset</strong></span> <span class='ocrx_word' id='word_1_330' title='bbox 242 4515 442 4602; x_wconf 82' lang='lat' dir='ltr'><strong>intelligere:</strong></span> <span class='ocrx_word' id='word_1_331' title='bbox 476 4518 671 4601; x_wconf 88' lang='lat' dir='ltr'><strong>praesertim</strong></span> <span class='ocrx_word' id='word_1_332' title='bbox 709 4520 840 4588; x_wconf 88' lang='lat' dir='ltr'><strong>eoelesti</strong></span> <span class='ocrx_word' id='word_1_333' title='bbox 872 4521 1061 4606; x_wconf 78' lang='lat' dir='ltr'><strong>magisterio</strong></span> <span class='ocrx_word' id='word_1_334' title='bbox 1094 4519 1250 4590; x_wconf 84' lang='lat' dir='ltr'><strong>edoetus?</strong></span> <span class='ocrx_word' id='word_1_335' title='bbox 1272 4520 1387 4604; x_wconf 87' lang='lat' dir='ltr'><strong>Neque</strong></span> <span class='ocrx_word' id='word_1_336' title='bbox 1419 4520 1506 4585; x_wconf 91' lang='lat' dir='ltr'><strong>enim</strong></span> <span class='ocrx_word' id='word_1_337' title='bbox 1539 4539 1615 4586; x_wconf 82' lang='lat' dir='ltr'><strong>suas</strong></span> <span class='ocrx_word' id='word_1_338' title='bbox 1648 4519 1863 4585; x_wconf 88' lang='lat' dir='ltr'><strong>divinationes</strong></span> <span class='ocrx_word' id='word_1_339' title='bbox 1894 4516 1949 4584; x_wconf 90' lang='lat' dir='ltr'><strong>hio</strong></span> <span class='ocrx_word' id='word_1_340' title='bbox 1979 4521 2114 4603; x_wconf 88' lang='lat' dir='ltr'><strong>prefert,</strong></span> 
     </span>
     <span class='ocr_line' id='line_1_26' title="bbox 115 4625 2114 4717; baseline 0.002 -24"><span class='ocrx_word' id='word_1_341' title='bbox 115 4626 179 4693; x_wconf 88' lang='lat' dir='ltr'><strong>sed</strong></span> <span class='ocrx_word' id='word_1_342' title='bbox 198 4647 355 4712; x_wconf 70' lang='lat' dir='ltr'><strong>organum</strong></span> <span class='ocrx_word' id='word_1_343' title='bbox 367 4636 417 4695; x_wconf 86' lang='lat' dir='ltr'><strong>est</strong></span> <span class='ocrx_word' id='word_1_344' title='bbox 434 4625 580 4712; x_wconf 84' lang='lat' dir='ltr'><strong>Spiritus</strong></span> <span class='ocrx_word' id='word_1_345' title='bbox 602 4631 705 4697; x_wconf 89' lang='lat' dir='ltr'><strong>saneti</strong></span> <span class='ocrx_word' id='word_1_346' title='bbox 715 4630 758 4698; x_wconf 90' lang='lat' dir='ltr'><strong>ad</strong></span> <span class='ocrx_word' id='word_1_347' title='bbox 779 4651 818 4698; x_wconf 91' lang='lat' dir='ltr'><strong>ea</strong></span> <span class='ocrx_word' id='word_1_348' title='bbox 834 4631 1030 4716; x_wconf 89' lang='lat' dir='ltr'><strong>publieanda</strong></span> <span class='ocrx_word' id='word_1_349' title='bbox 1051 4652 1134 4717; x_wconf 89' lang='lat' dir='ltr'><strong>quae</strong></span> <span class='ocrx_word' id='word_1_350' title='bbox 1155 4632 1196 4698; x_wconf 87' lang='lat' dir='ltr'><strong>ab</strong></span> <span class='ocrx_word' id='word_1_351' title='bbox 1217 4631 1367 4699; x_wconf 91' lang='lat' dir='ltr'><strong>omnibus</strong></span> <span class='ocrx_word' id='word_1_352' title='bbox 1385 4629 1536 4716; x_wconf 78' lang='lat' dir='ltr'><strong>eegnosei</strong></span> <span class='ocrx_word' id='word_1_353' title='bbox 1545 4651 1664 4714; x_wconf 88' lang='lat' dir='ltr'><strong>operae</strong></span> <span class='ocrx_word' id='word_1_354' title='bbox 1681 4630 1823 4714; x_wconf 87' lang='lat' dir='ltr'><strong>pretium</strong></span> <span class='ocrx_word' id='word_1_355' title='bbox 1833 4629 1905 4694; x_wconf 87' lang='lat' dir='ltr'><strong>fnit.</strong></span> <span class='ocrx_word' id='word_1_356' title='bbox 1940 4627 2036 4711; x_wconf 79' lang='lat' dir='ltr'><strong>Quod</strong></span> <span class='ocrx_word' id='word_1_357' title='bbox 2048 4630 2114 4698; x_wconf 91' lang='lat' dir='ltr'><strong>illis</strong></span> 
     </span>
     <span class='ocr_line' id='line_1_27' title="bbox 115 4737 2113 4830; baseline 0.002 -26"><span class='ocrx_word' id='word_1_358' title='bbox 115 4737 300 4805; x_wconf 88' lang='lat' dir='ltr'><strong>absurdum</strong></span> <span class='ocrx_word' id='word_1_359' title='bbox 310 4739 451 4820; x_wconf 87' lang='lat' dir='ltr'><strong>videtur,</strong></span> <span class='ocrx_word' id='word_1_360' title='bbox 474 4747 553 4808; x_wconf 91' lang='lat' dir='ltr'><strong>tuno</strong></span> <span class='ocrx_word' id='word_1_361' title='bbox 564 4741 693 4808; x_wconf 88' lang='lat' dir='ltr'><strong>demum</strong></span> <span class='ocrx_word' id='word_1_362' title='bbox 707 4741 748 4810; x_wconf 87' lang='lat' dir='ltr'><strong>ab</strong></span> <span class='ocrx_word' id='word_1_363' title='bbox 766 4763 804 4810; x_wconf 92' lang='lat' dir='ltr'><strong>eo</strong></span> <span class='ocrx_word' id='word_1_364' title='bbox 821 4743 1022 4827; x_wconf 75' lang='lat' dir='ltr'><strong>descriptum</strong></span> <span class='ocrx_word' id='word_1_365' title='bbox 1040 4744 1289 4830; x_wconf 85' lang='lat' dir='ltr'><strong>expositumque</strong></span> <span class='ocrx_word' id='word_1_366' title='bbox 1299 4745 1399 4810; x_wconf 88' lang='lat' dir='ltr'><strong>fuisse</strong></span> <span class='ocrx_word' id='word_1_367' title='bbox 1410 4741 1584 4810; x_wconf 87' lang='lat' dir='ltr'><strong>oreationis</strong></span> <span class='ocrx_word' id='word_1_368' title='bbox 1596 4742 1754 4821; x_wconf 90' lang='lat' dir='ltr'><strong>ordinem,</strong></span> <span class='ocrx_word' id='word_1_369' title='bbox 1765 4741 1821 4824; x_wconf 90' lang='lat' dir='ltr'><strong>qui</strong></span> <span class='ocrx_word' id='word_1_370' title='bbox 1838 4749 1915 4806; x_wconf 90' lang='lat' dir='ltr'><strong>ante</strong></span> <span class='ocrx_word' id='word_1_371' title='bbox 1925 4742 2113 4827; x_wconf 80' lang='lat' dir='ltr'><strong>iueegnitus</strong></span> 
     </span>
     <span class='ocr_line' id='line_1_28' title="bbox 112 4849 2113 4939; baseline 0.002 -23"><span class='ocrx_word' id='word_1_372' title='bbox 112 4850 251 4918; x_wconf 76' lang='lat' dir='ltr'><strong>fuissetz</strong></span> <span class='ocrx_word' id='word_1_373' title='bbox 271 4849 308 4916; x_wconf 91' lang='lat' dir='ltr'><strong>in</strong></span> <span class='ocrx_word' id='word_1_374' title='bbox 330 4870 368 4916; x_wconf 88' lang='lat' dir='ltr'><strong>eo</strong></span> <span class='ocrx_word' id='word_1_375' title='bbox 400 4851 538 4918; x_wconf 91' lang='lat' dir='ltr'><strong>nimium</strong></span> <span class='ocrx_word' id='word_1_376' title='bbox 570 4861 691 4920; x_wconf 82' lang='lat' dir='ltr'><strong>emant</strong></span> <span class='ocrx_word' id='word_1_377' title='bbox 742 4853 856 4938; x_wconf 88' lang='lat' dir='ltr'><strong>Neque</strong></span> <span class='ocrx_word' id='word_1_378' title='bbox 884 4855 974 4921; x_wconf 89' lang='lat' dir='ltr'><strong>enim</strong></span> <span class='ocrx_word' id='word_1_379' title='bbox 1003 4857 1180 4922; x_wconf 87' lang='lat' dir='ltr'><strong>memoriae</strong></span> <span class='ocrx_word' id='word_1_380' title='bbox 1211 4855 1355 4939; x_wconf 89' lang='lat' dir='ltr'><strong>prodidit</strong></span> <span class='ocrx_word' id='word_1_381' title='bbox 1387 4874 1440 4920; x_wconf 89' lang='lat' dir='ltr'><strong>res</strong></span> <span class='ocrx_word' id='word_1_382' title='bbox 1470 4854 1563 4937; x_wconf 88' lang='lat' dir='ltr'><strong>prius</strong></span> <span class='ocrx_word' id='word_1_383' title='bbox 1595 4852 1775 4919; x_wconf 89' lang='lat' dir='ltr'><strong>inauditae:</strong></span> <span class='ocrx_word' id='word_1_384' title='bbox 1809 4851 1866 4919; x_wconf 88' lang='lat' dir='ltr'><strong>aed</strong></span> <span class='ocrx_word' id='word_1_385' title='bbox 1900 4871 1982 4936; x_wconf 88' lang='lat' dir='ltr'><strong>quae</strong></span> <span class='ocrx_word' id='word_1_386' title='bbox 2014 4853 2113 4939; x_wconf 81' lang='lat' dir='ltr'><strong>longa</strong></span> 
     </span>
     <span class='ocr_line' id='line_1_29' title="bbox 113 4963 2110 5051; baseline 0.001 -21"><span class='ocrx_word' id='word_1_387' title='bbox 113 4981 282 5030; x_wconf 76' lang='lat' dir='ltr'><strong>mnarum</strong></span> <span class='ocrx_word' id='word_1_388' title='bbox 304 4963 507 5030; x_wconf 86' lang='lat' dir='ltr'><strong>sueeassione</strong></span> <span class='ocrx_word' id='word_1_389' title='bbox 527 4963 605 5030; x_wconf 86' lang='lat' dir='ltr'><strong>filiis</strong></span> <span class='ocrx_word' id='word_1_390' title='bbox 632 4973 742 5049; x_wconf 88' lang='lat' dir='ltr'><strong>patrea</strong></span> <span class='ocrx_word' id='word_1_391' title='bbox 763 4965 858 5051; x_wconf 85' lang='lat' dir='ltr'><strong>quasi</strong></span> <span class='ocrx_word' id='word_1_392' title='bbox 879 4987 939 5050; x_wconf 89' lang='lat' dir='ltr'><strong>per</strong></span> <span class='ocrx_word' id='word_1_393' title='bbox 966 4985 1085 5032; x_wconf 89' lang='lat' dir='ltr'><strong>munus</strong></span> <span class='ocrx_word' id='word_1_394' title='bbox 1106 4965 1312 5034; x_wconf 90' lang='lat' dir='ltr'><strong>tradiderant</strong></span> <span class='ocrx_word' id='word_1_395' title='bbox 1333 4965 1460 5049; x_wconf 86' lang='lat' dir='ltr'><strong>primus</strong></span> <span class='ocrx_word' id='word_1_396' title='bbox 1482 4965 1611 5050; x_wconf 87' lang='lat' dir='ltr'><strong>seriptis</strong></span> <span class='ocrx_word' id='word_1_397' title='bbox 1639 4963 1857 5048; x_wconf 80' lang='lat' dir='ltr'><strong>oensignavit.</strong></span> <span class='ocrx_word' id='word_1_398' title='bbox 1907 4963 2110 5033; x_wconf 88' lang='lat' dir='ltr'><strong>Putamusue</strong></span> 
     </span>
     <span class='ocr_line' id='line_1_30' title="bbox 114 5073 2111 5162; baseline 0.003 -25"><span class='ocrx_word' id='word_1_399' title='bbox 114 5075 167 5138; x_wconf 88' lang='lat' dir='ltr'><strong>sie</strong></span> <span class='ocrx_word' id='word_1_400' title='bbox 191 5073 336 5156; x_wconf 88' lang='lat' dir='ltr'><strong>pesitum</strong></span> <span class='ocrx_word' id='word_1_401' title='bbox 357 5074 393 5138; x_wconf 88' lang='lat' dir='ltr'><strong>in</strong></span> <span class='ocrx_word' id='word_1_402' title='bbox 414 5081 504 5142; x_wconf 86' lang='lat' dir='ltr'><strong>terra</strong></span> <span class='ocrx_word' id='word_1_403' title='bbox 524 5075 625 5142; x_wconf 86' lang='lat' dir='ltr'><strong>fuisse</strong></span> <span class='ocrx_word' id='word_1_404' title='bbox 653 5075 837 5158; x_wconf 88' lang='lat' dir='ltr'><strong>hominem,</strong></span> <span class='ocrx_word' id='word_1_405' title='bbox 859 5085 897 5143; x_wconf 91' lang='lat' dir='ltr'><strong>ut</strong></span> <span class='ocrx_word' id='word_1_406' title='bbox 918 5098 1011 5144; x_wconf 88' lang='lat' dir='ltr'><strong>suam</strong></span> <span class='ocrx_word' id='word_1_407' title='bbox 1037 5098 1213 5162; x_wconf 89' lang='lat' dir='ltr'><strong>rerumque</strong></span> <span class='ocrx_word' id='word_1_408' title='bbox 1241 5077 1389 5145; x_wconf 91' lang='lat' dir='ltr'><strong>omnium</strong></span> <span class='ocrx_word' id='word_1_409' title='bbox 1417 5075 1534 5161; x_wconf 90' lang='lat' dir='ltr'><strong>quibes</strong></span> <span class='ocrx_word' id='word_1_410' title='bbox 1562 5073 1729 5141; x_wconf 86' lang='lat' dir='ltr'><strong>fruebatur</strong></span> <span class='ocrx_word' id='word_1_411' title='bbox 1758 5075 1919 5159; x_wconf 84' lang='lat' dir='ltr'><strong>originem</strong></span> <span class='ocrx_word' id='word_1_412' title='bbox 1947 5075 2111 5142; x_wconf 83' lang='lat' dir='ltr'><strong>neseiret?</strong></span> 
     </span>
     <span class='ocr_line' id='line_1_31' title="bbox 111 5183 2112 5270; baseline 0.002 -21"><span class='ocrx_word' id='word_1_413' title='bbox 111 5184 194 5250; x_wconf 89' lang='lat' dir='ltr'><strong>Imo</strong></span> <span class='ocrx_word' id='word_1_414' title='bbox 216 5183 255 5250; x_wconf 92' lang='lat' dir='ltr'><strong>de</strong></span> <span class='ocrx_word' id='word_1_415' title='bbox 276 5184 429 5252; x_wconf 91' lang='lat' dir='ltr'><strong>omuibus</strong></span> <span class='ocrx_word' id='word_1_416' title='bbox 455 5186 556 5269; x_wconf 89' lang='lat' dir='ltr'><strong>probe</strong></span> <span class='ocrx_word' id='word_1_417' title='bbox 585 5185 735 5254; x_wconf 86' lang='lat' dir='ltr'><strong>edentum</strong></span> <span class='ocrx_word' id='word_1_418' title='bbox 763 5187 865 5255; x_wconf 76' lang='lat' dir='ltr'><strong>fauisse</strong></span> <span class='ocrx_word' id='word_1_419' title='bbox 893 5188 1002 5255; x_wconf 87' lang='lat' dir='ltr'><strong>Adam</strong></span> <span class='ocrx_word' id='word_1_420' title='bbox 1028 5209 1125 5256; x_wconf 90' lang='lat' dir='ltr'><strong>neme</strong></span> <span class='ocrx_word' id='word_1_421' title='bbox 1154 5209 1253 5257; x_wconf 88' lang='lat' dir='ltr'><strong>sanus</strong></span> <span class='ocrx_word' id='word_1_422' title='bbox 1282 5185 1455 5255; x_wconf 90' lang='lat' dir='ltr'><strong>dubitabit.</strong></span> <span class='ocrx_word' id='word_1_423' title='bbox 1501 5189 1555 5252; x_wconf 81' lang='lat' dir='ltr'><strong>An</strong></span> <span class='ocrx_word' id='word_1_424' title='bbox 1577 5206 1656 5251; x_wconf 87' lang='lat' dir='ltr'><strong>vere</strong></span> <span class='ocrx_word' id='word_1_425' title='bbox 1684 5185 1740 5252; x_wconf 89' lang='lat' dir='ltr'><strong>ille</strong></span> <span class='ocrx_word' id='word_1_426' title='bbox 1767 5193 1880 5270; x_wconf 86' lang='lat' dir='ltr'><strong>postea</strong></span> <span class='ocrx_word' id='word_1_427' title='bbox 1900 5186 2033 5252; x_wconf 83' lang='lat' dir='ltr'><strong>mutus?</strong></span> <span class='ocrx_word' id='word_1_428' title='bbox 2057 5192 2112 5255; x_wconf 86' lang='lat' dir='ltr'><strong>An</strong></span> 
     </span>
    </p>
   </div>
   <div class='ocr_carea' id='block_1_6' title="bbox 111 5295 2112 5467">
    <p class='ocr_par' dir='ltr' id='par_1_6' title="bbox 111 5295 2112 5467">
     <span class='ocr_line' id='line_1_32' title="bbox 111 5295 2112 5385; baseline 0.001 -21"><span class='ocrx_word' id='word_1_429' title='bbox 111 5295 228 5364; x_wconf 80' lang='lat' dir='ltr'><strong>saneti</strong></span> <span class='ocrx_word' id='word_1_430' title='bbox 248 5296 457 5364; x_wconf 80' lang='lat' dir='ltr'><strong>Patriamhae</strong></span> <span class='ocrx_word' id='word_1_431' title='bbox 477 5307 546 5364; x_wconf 88' lang='lat' dir='ltr'><strong>tam</strong></span> <span class='ocrx_word' id='word_1_432' title='bbox 564 5297 685 5385; x_wconf 80' lang='lat' dir='ltr'><strong>ingrati</strong></span> <span class='ocrx_word' id='word_1_433' title='bbox 703 5307 740 5365; x_wconf 92' lang='lat' dir='ltr'><strong>ut</strong></span> <span class='ocrx_word' id='word_1_434' title='bbox 757 5299 888 5366; x_wconf 90' lang='lat' dir='ltr'><strong>silentio</strong></span> <span class='ocrx_word' id='word_1_435' title='bbox 910 5309 979 5367; x_wconf 91' lang='lat' dir='ltr'><strong>tam</strong></span> <span class='ocrx_word' id='word_1_436' title='bbox 1000 5300 1216 5368; x_wconf 85' lang='lat' dir='ltr'><strong>neeessariam</strong></span> <span class='ocrx_word' id='word_1_437' title='bbox 1236 5299 1417 5367; x_wconf 90' lang='lat' dir='ltr'><strong>doetrinam</strong></span> <span class='ocrx_word' id='word_1_438' title='bbox 1440 5296 1704 5383; x_wconf 83' lang='lat' dir='ltr'><strong>supprimerent?</strong></span> <span class='ocrx_word' id='word_1_439' title='bbox 1729 5299 1784 5362; x_wconf 82' lang='lat' dir='ltr'><strong>An</strong></span> <span class='ocrx_word' id='word_1_440' title='bbox 1805 5295 1885 5377; x_wconf 90' lang='lat' dir='ltr'><strong>Noe,</strong></span> <span class='ocrx_word' id='word_1_441' title='bbox 1903 5305 1970 5362; x_wconf 87' lang='lat' dir='ltr'><strong>tam</strong></span> <span class='ocrx_word' id='word_1_442' title='bbox 1988 5319 2112 5366; x_wconf 88' lang='lat' dir='ltr'><strong>memo·</strong></span> 
     </span>
     <span class='ocr_line' id='line_1_33' title="bbox 1856 5415 1888 5467; baseline 0 -22"><span class='ocrx_word' id='word_1_443' title='bbox 1856 5415 1888 5467; x_wconf 82' lang='lat'><strong>1·</strong></span> 
     </span>
    </p>
   </div>
   <div class='ocr_carea' id='block_1_7' title="bbox 0 0 2516 6192">
    <p class='ocr_par' dir='ltr' id='par_1_7' title="bbox 0 0 2516 6192">
     <span class='ocr_line' id='line_1_34' title="bbox 0 0 2516 6192; baseline 0 2"><span class='ocrx_word' id='word_1_444' title='bbox 0 0 2516 6192; x_wconf 95' lang='lat' dir='ltr'><strong> </strong></span> 
     </span>
    </p>
   </div>
  </div>
 </body>
</html>
