4988 6192
1048 395 1417 463 COMMENTARIUS
1439 395 1489 460 IN
1512 393 1725 462 GENESIN.
2317 387 2368 452 480

1414 604 1494 666 qnae
1514 589 1559 650 est
1579 585 1614 649 iu
1639 585 1769 659 deserta,
1802 588 1831 647 et
1850 601 1980 647 manum
2008 599 2047 645 ne
2067 577 2198 643 mmatis
2240 576 2276 640 in
2295 595 2368 640 eum:

701 667 851 734 CAPUT
868 667 1054 736 XXXVII.
1414 675 1449 734 ut
1471 675 1590 735 erueret
1611 691 1680 734 cum
1701 691 1717 734 e
1737 688 1834 733 manu
1855 687 1977 746 eorum,
1999 669 2034 730 ul
2053 665 2211 730 reduceret
2243 681 2312 726 eum
2335 661 2369 726 ad

1409 761 1536 836 patrem
1559 775 1659 820 suumn
1693 755 1744 819 23.
1766 753 1810 819 Et
1823 755 1901 836 fuit,
1923 756 1959 816 at
1975 751 2056 817 oenit
2072 747 2185 830 Ioseph
2205 745 2248 811 ad
2268 746 2369 828 fratres

480 839 507 902 1.
542 837 706 904 Habilaoit
738 840 843 920 itaque
877 839 1012 906 Iabacob
1041 841 1077 904 in
1117 844 1200 904 terra
1227 839 1364 922 percqri-
1414 860 1497 918 suos,
1520 845 1672 906 exacuent
1692 839 1806 921 Iosepb
1828 840 1932 904 tunica
1958 857 2036 918 sua,
2065 835 2175 902 tunica
2195 830 2369 896 multicolori

392 925 554 992 contionum
581 926 690 1004 patris
718 926 784 1004 sui,
824 927 858 990 in
893 931 977 990 terra
1014 924 1175 991 Obanaan.
1229 925 1259 988 2.
1278 925 1365 989 Istae
1415 930 1571 1008 qnaeerat
1588 947 1683 1006 super
1703 946 1783 991 eum.
1817 925 1868 990 24.
1890 923 1934 988 Et
1950 924 2087 988 murum
2104 939 2184 996 eum,
2204 921 2233 982 et
2244 917 2369 998 proteu

390 1015 463 1076 sunt
482 1011 694 1094 qeneraticnes
717 1010 867 1090 Iobacob,
898 1010 1010 1092 Iosepb
1037 1011 1124 1091 filius
1152 1010 1364 1092 septemdecim
1414 1016 1490 1076 runt
1511 1032 1581 1076 urm
1609 1013 1645 1076 in
1666 1013 1848 1076 cisternam:
1873 1015 1899 1074 el
1920 1009 2056 1074 cisterna
2081 1010 2151 1070 erat
2175 1022 2291 1079 uacua,
2317 1022 2367 1066 run

390 1117 546 1161 annornm
561 1096 708 1178 pascebat
728 1116 797 1160 cnm
817 1095 974 1177 fratribus
995 1098 1064 1160 suis
1080 1095 1224 1177 pecudes,
1248 1101 1276 1160 et
1296 1100 1365 1160 erat
1415 1102 1481 1162 erat
1502 1098 1536 1161 in
1557 1119 1595 1162 ea
1616 1117 1710 1179 aqna.
1755 1097 1805 1160 25.
1831 1095 1942 1161 Postea
1962 1093 2106 1160 smcrnnl
2133 1090 2169 1153 nl
2198 1088 2371 1153 comeduut

385 1202 470 1264 puer
497 1201 567 1246 cnm
591 1181 673 1261 filiis
696 1179 816 1247 Bilbab
845 1187 959 1246 etcum
986 1181 1065 1262 filiis
1088 1181 1206 1264 Zilpalc
1228 1201 1363 1245 unomen
1411 1202 1543 1263 panem
1575 1187 1604 1246 el
1625 1184 1801 1249 leuauerunt
1822 1181 1923 1247 oculos
1944 1197 2028 1258 suos,
2051 1176 2250 1249 etciderani
2273 1178 2301 1236 et
2318 1192 2370 1237 ecce

386 1268 571 1348 patrissui:
592 1266 851 1349 etretulitIosepb
873 1267 1115 1348 obloquutionem
1132 1287 1237 1332 eorum
1247 1267 1365 1331 malam
1414 1267 1506 1332 turba
1538 1267 1774 1332 Isruaelilarum
1805 1265 1941 1331 ueniebat
1968 1265 2007 1330 de
2040 1261 2175 1336 Gilload,
2213 1263 2241 1324 et
2274 1259 2371 1324 cumcli

386 1354 477 1435 patri
504 1373 619 1418 eorum
665 1353 695 1417 3.
720 1351 821 1417 Porro
850 1353 954 1418 Israel
981 1352 1126 1435 diliqebat
1153 1351 1265 1433 Iosepb
1281 1371 1365 1432 prae
1415 1373 1521 1418 eorum
1536 1352 1705 1434 portabant
1723 1358 1880 1431 cruneio,
1904 1349 2103 1426 eleusinam,
2127 1351 2156 1411 el
2176 1349 2302 1421 stacten,
2321 1344 2371 1407 iter

390 1441 506 1505 tundis
531 1437 612 1519 filiis
641 1439 725 1518 suis,
753 1440 832 1518 quio
856 1437 946 1518 filius
980 1439 1140 1503 senectutis
1172 1443 1239 1501 erat
1261 1439 1303 1500 ci:
1338 1441 1365 1501 ct
1414 1440 1562 1522 facientes
1580 1445 1614 1503 nt
1634 1440 1788 1521 deferrent
1804 1439 1840 1502 in
1851 1436 2035 1519 Aeqqptum.
2069 1433 2120 1498 26.
2144 1427 2372 1495 Eldieitldm

388 1525 502 1607 fecerat
524 1525 707 1589 eitunieam
717 1523 946 1588 multicolorem.
978 1522 1008 1588 4.
1034 1523 1077 1586 Et
1092 1523 1234 1588 ciderunt
1249 1523 1365 1604 fratres
1416 1523 1479 1590 dab
1498 1523 1655 1605 fratribus
1664 1525 1749 1590 suis:
1763 1522 1981 1605 Quaemililas
1991 1522 2022 1586 si
2040 1517 2242 1585 occiderimus
2248 1515 2368 1597 fratrem

391 1611 460 1675 eius
481 1610 561 1690 quod
582 1631 649 1675 eum
661 1609 802 1692 diliqerot
814 1614 906 1691 pater
926 1629 1032 1674 eorum
1040 1609 1243 1693 praecunctis
1253 1607 1365 1691 fratri-
1416 1608 2010 1691 mosbmnetcelaoerimussauquinem
2021 1604 2115 1670 eius?
2138 1603 2190 1668 m.
2221 1601 2332 1676 Venite,
2350 1604 2373 1663 d

390 1695 449 1761 bus
459 1697 534 1773 eins,
559 1701 587 1759 et
607 1696 676 1760 odio
697 1695 846 1759 trabebant
866 1714 944 1772 eam,
967 1699 1073 1758 ctrrou
1085 1699 1230 1774 poterant
1247 1691 1366 1773 alloqui
1416 1696 1586 1761 vendamus
1607 1715 1679 1760 eum
1700 1695 1889 1772 Ismaclitis‚
1911 1698 1938 1758 et
1961 1709 2073 1757 manns
2101 1693 2207 1754 nostra
2229 1685 2374 1752 necitis

391 1802 460 1846 mun
476 1782 614 1862 pacifice.
654 1779 683 1845 5.
704 1780 878 1847 Somniaoit
898 1785 999 1844 autem
1022 1778 1136 1862 Iosepb
1157 1781 1367 1857 somniumel
1416 1801 1495 1860 eam,
1516 1781 1592 1862 qnia
1611 1781 1711 1863 frater
1732 1785 1842 1856 noster,
1865 1799 1937 1844 caro
1956 1782 2065 1842 nostra
2085 1780 2146 1840 ast:
2163 1779 2191 1838 ct
2208 1774 2374 1853 paruemnt

390 1868 549 1932 nunciavit
568 1866 724 1948 fratribus
745 1867 829 1932 suis:
868 1866 1109 1930 eladdiderunt
1130 1865 1267 1946 amplius
1295 1863 1366 1928 odio
1417 1867 1585 1949 eifratres
1606 1868 1683 1931 eius.
1728 1867 1780 1930 28.
1803 1865 1849 1930 Et
1878 1863 2070 1928 tramiernnl·
2098 1859 2163 1925 oiri
2185 1857 2375 1924 Madianitoc

391 1952 500 2018 babere
523 1972 602 2017 eum.
654 1953 684 2016 6.
708 1950 805 2016 Dicit
830 1953 913 2016 enim
941 1951 983 2016 ad
1008 1971 1073 2016 eos:
1105 1952 1224 2015 Audite
1255 1967 1366 2030 quaeso
1418 1957 1615 2029 mercatores,
1637 1957 1666 2016 et
1687 1956 1887 2017 cetranorunt
1907 1956 1936 2014 et
1952 1948 2145 2013 sustulerant
2156 1942 2272 2024 Ioseplr
2293 1964 2308 2007 e
2327 1943 2375 2005 cis

389 2039 544 2104 somnium
565 2037 710 2118 bacquod
730 2038 895 2103 somniavi.
941 2037 968 2101 7.
992 2035 1072 2101 Ecce
1087 2039 1170 2101 enim
1191 2035 1367 2120 liqabamus
1418 2043 1525 2103 terna.-
1541 2035 1903 2116 etoendidcruntIosepb
1919 2031 2091 2099 Ismaelilis
2100 2027 2376 2113 biqimiarqentcis,

397 2123 575 2206 moniturus
596 2125 630 2186 in
652 2123 752 2190 medio
773 2125 859 2206 aqri:
886 2127 916 2188 et
936 2143 998 2188 ecee
1024 2123 1165 2187 surrexe
1185 2119 1368 2202 manipolus
1418 2122 1676 2205 quiabduuerunt
1686 2123 2041 2205 IosepluinAeqqptum.
2077 2116 2128 2182 29.
2150 2114 2278 2182 Deinde
2288 2133 2375 2176 recu-

389 2229 486 2285 meus,
510 2228 546 2273 ac
567 2209 660 2273 etiam
677 2207 791 2272 stabat:
819 2213 847 2272 et
868 2228 929 2272 ecce
948 2208 1181 2274 cuenmdabont
1209 2204 1367 2285 manipuli
1417 2229 1474 2275 sus
1495 2214 1539 2274 est
1558 2209 1685 2273 Renben
1706 2209 1748 2273 ad
1766 2209 1950 2284 cisternicen,
1977 2209 2088 2269 cicccc
2106 2221 2168 2266 non
2186 2205 2255 2266 erat
2273 2195 2375 2277 Iosept

386 2297 492 2372 vestri,
516 2293 760 2360 etincnroabout
770 2314 802 2359 sc
811 2294 972 2374 manipulo
993 2313 1066 2358 meo.
1102 2295 1131 2358 8.
1154 2292 1199 2356 Et
1219 2293 1368 2358 diuernnt
1418 2297 1453 2359 in
1474 2295 1617 2370 eisarna,
1640 2299 1668 2359 et
1686 2294 1778 2358 scidit
1803 2293 1982 2358 vestimenta
2002 2309 2072 2354 sua.
2111 2287 2164 2352 30.
2182 2283 2227 2351 Et
2249 2302 2377 2349 reuersus

387 2383 417 2446 ci
437 2382 556 2464 fratres
577 2381 663 2444 eins:
692 2378 780 2444 Num
810 2379 968 2462 reqnando
989 2378 1136 2462 reqnabis
1165 2398 1261 2458 super
1282 2376 1364 2442 nos?
1417 2385 1464 2446 cst
1484 2381 1527 2446 ad
1546 2380 1663 2462 fratres
1683 2399 1765 2460 suos,
1787 2385 1815 2443 et
1836 2379 1936 2443 dicit:
1959 2375 2046 2440 Puer
2066 2393 2128 2439 non
2149 2377 2195 2437 est
2216 2377 2375 2454 eteqoquo.

384 2486 462 2530 num
483 2465 670 2530 dominando
702 2464 911 2530 dominaberis
931 2465 1043 2529 nobis?
1066 2464 1268 2530 Addiderunt
1296 2482 1366 2545 erqo
1418 2487 1471 2549 eqo
1493 2487 1556 2549 quc
1577 2465 1652 2530 ibo?
1694 2465 1745 2529 31.
1770 2465 1814 2529 Et
1833 2464 1969 2529 tuberum
1990 2461 2128 2526 tunicam
2149 2457 2274 2539 Ioseph,
2296 2455 2377 2518 eliu

386 2551 488 2617 adbuc
504 2552 574 2616 odio
595 2550 1082 2632 babereeumproptersomnium
1093 2551 1170 2623 eius,
1192 2553 1366 2628 etpropter
1415 2551 1603 2635 qulaoerunt
1624 2550 1744 2617 bireum
1766 2569 1936 2631 caprarum
1962 2547 2167 2612 ettinaerunl
2194 2543 2331 2607 tunicam
2348 2540 2378 2602 in

387 2637 479 2702 cerba
496 2638 572 2702 eins.
617 2636 646 2700 9.
670 2635 715 2699 Ec
736 2636 902 2700 somniauit
923 2635 1024 2701 adbuc
1044 2636 1200 2699 somnium
1223 2634 1364 2709 alterum,
1416 2638 1578 2720 sanquine.
1630 2636 1681 2702 32.
1704 2637 1748 2700 El
1769 2633 2086 2701 mumurantem
2110 2627 2379 2702 mutuemini
2458 2661 2459 2666 κ

388 2730 416 2787 et
436 2723 580 2789 narrauit
590 2721 672 2786 illud
681 2720 835 2802 fratribus
851 2721 929 2798 suis,
952 2725 980 2784 et
1000 2720 1098 2785 dixit.-
1120 2719 1199 2784 Ecce
1209 2719 1365 2786 somniari
1416 2721 1534 2804 deferri
1554 2723 1692 2805 fecerunt
1720 2723 1762 2787 ad
1784 2727 1908 2802 patrem
1929 2738 2031 2795 suum,
2054 2723 2082 2781 et
2108 2717 2277 2782 diseunt:
2298 2711 2378 2775 Hanc

387 2810 541 2875 somnium
555 2807 671 2872 adbuc:
692 2812 720 2870 et
741 2826 811 2884 ecoe,
835 2804 880 2870 sol
901 2810 929 2870 ct
949 2806 1034 2884 luna,
1057 2811 1084 2870 el
1100 2806 1243 2871 undecim
1260 2803 1366 2868 stellae
1416 2808 1600 2887 invenimus,
1622 2827 1752 2891 aquosae
1772 2827 1855 2872 nnnc
1871 2809 1977 2870 ulmum
1993 2804 2098 2868 tunica
2117 2801 2181 2882 flii
2205 2797 2314 2876 luisit,
2330 2816 2379 2860 an·

389 2893 594 2960 incurvabant
622 2911 655 2956 sc
680 2891 768 2956 mibi.
821 2891 871 2956 10.
895 2891 939 2956 Et
965 2893 1112 2956 narravit
1134 2892 1225 2971 patri
1250 2910 1308 2954 suo
1336 2893 1366 2954 et
1416 2914 1487 2959 non.
1531 2893 1583 2959 33.
1607 2893 1653 2959 Et
1672 2894 1800 2978 aqnouit
1820 2912 1905 2970 eom,
1935 2895 1964 2955 et
1983 2890 2084 2956 otuu:
2105 2887 2229 2952 Tunica
2247 2884 2309 2968 filii
2328 2881 2379 2946 mci

386 2979 543 3064 fratribus
560 2979 646 3042 suis:
678 2978 898 3058 etincrepaoit
918 2996 988 3041 cum
1000 2982 1093 3057 pater
1113 2977 1196 3056 eius,
1225 2982 1253 3040 ct
1283 2974 1367 3040 dicit
1418 2984 1480 3044 est:
1506 2979 1603 3045 bestia
1631 2979 1718 3044 mala
1744 2977 1901 3043 decorauit
1928 2997 2012 3052 eum,
2038 2973 2192 3056 rapiendo
2214 2975 2325 3052 replens
2343 2969 2379 3031 cst
2458 3013 2459 3032 i

388 3067 433 3132 ei:
457 3063 540 3146 Quid
560 3060 1366 3144 mussemutumquedsonur'osntuuureutmdo
1419 3064 1540 3146 Iosepb.
1582 3066 1633 3130 34.
1657 3063 1701 3130 Et
1727 3064 1819 3129 scidit
1840 3062 1974 3129 Iuleacob
1994 3060 2173 3126 uestimenta
2193 3076 2265 3134 seca,
2288 3061 2316 3122 et
2328 3071 2379 3134 po·
2458 3105 2459 3126 2

390 3152 768 3302 lttddtttt
778 3148 1149 3299 ‘tibitibi
1167 3149 1366 3316 ‘ttulit
1417 3143 2380 3311 ttulit.‘tlbtdtedltdtttlttt

389 3324 476 3388 eius:
507 3321 561 3386 scd
583 3326 677 3402 pater
701 3321 770 3384 eius
802 3318 979 3385 obsmoabat
1016 3340 1089 3384 rem.
1148 3319 1198 3383 12.
1230 3317 1366 3401 Profecti
1419 3323 1616 3404 massiliae
1637 3323 1715 3402 cies,
1737 3320 2011 3387 uleonsolarentur
2028 3337 2107 3397 cnm,
2128 3315 2183 3382 sed
2200 3315 2300 3380 noluit
2317 3329 2380 3378 con·
2458 3307 2459 3382 i

390 3412 493 3474 autem
512 3411 587 3472 sum
617 3406 735 3487 fratres
764 3405 832 3470 eins
860 3410 894 3470 ul
917 3409 1080 3488 pascerent
1102 3405 1237 3486 pecudes
1258 3404 1367 3486 patris
1418 3408 1596 3474 solationem
1629 3409 1805 3473 admittere:
1837 3411 1864 3471 ot
1894 3405 1994 3471 dicit:
2016 3401 2102 3470 Oerte
2133 3401 2316 3468 desceredam
2345 3393 2381 3460 ab
2458 3447 2459 3484 2

389 3495 442 3560 sui
459 3491 640 3557 inSecbem.
675 3491 725 3556 13.
748 3488 792 3554 Et
812 3491 896 3556 etet
916 3489 1024 3556 Israel
1044 3491 1086 3555 ad
1103 3489 1233 3570 Iosepb:
1256 3490 1366 3556 Nonne
1416 3493 1519 3575 flimn
1539 3513 1642 3560 meum
1662 3495 1771 3578 luqons
1802 3493 1845 3558 ad
1864 3491 2056 3573 sepulcrum:
2087 3493 2117 3554 et
2137 3488 2220 3554 licuit
2240 3505 2311 3552 cum
2325 3500 2380 3578 po·
2458 3531 2459 3534 κ

387 3579 506 3662 fratres
526 3579 573 3641 tui
594 3581 731 3660 pascunt
751 3577 788 3641 iu
810 3575 958 3642 Secbem?
985 3577 1062 3655 ueni,
1085 3581 1114 3640 et
1133 3577 1254 3641 mittam
1275 3581 1303 3641 te
1324 3575 1367 3640 ad
1418 3585 1465 3644 ter
1486 3581 1563 3645 eius.
1612 3581 1663 3646 36.
1687 3579 1889 3644 Madianitae
1916 3582 2021 3643 autem
2041 3574 2247 3641 umtdemu
2266 3590 2334 3638 cum
2352 3583 2382 3630 tt

388 3685 448 3730 cos.
492 3661 536 3728 Et
551 3664 634 3728 dicit
655 3662 700 3726 ei:
721 3660 800 3728 Ecce
818 3661 941 3728 adsum
987 3662 1037 3726 14.
1061 3661 1105 3725 Et
1131 3662 1178 3726 ait
1207 3662 1254 3726 ei:
1281 3661 1366 3726 Vade
1419 3666 1556 3748 Aeqqpto
1580 3663 1734 3749 Potipbar
1760 3669 1908 3746 satrapae
1932 3661 2110 3727 Pbaraonis
2122 3657 2147 3746 ¹)
2169 3657 2312 3742 principi
2337 3673 2381 3719 oo·
2458 3657 2459 3718 l

388 3770 478 3826 nunc,
496 3749 566 3814 oide
581 3747 820 3813 incolumitatem
840 3749 976 3829 fratrum
997 3753 1134 3826 tuorum,
1160 3752 1189 3812 ct
1205 3747 1366 3812 ineolumi-
1417 3751 1555 3817 tdlitmu.

389 3841 482 3902 tatem
506 3853 667 3914 pecorum,
693 3837 721 3898 et
744 3833 827 3914 refer
853 3833 933 3897 mibi
954 3853 1037 3898 rem:
1065 3837 1093 3898 el
1121 3833 1207 3898 misit
1241 3853 1310 3897 eum
1328 3853 1366 3896 erc
2000 3867 2002 3869 ·
2458 3845 2459 3858 ¹

389 3921 469 3986 ualle
490 3919 631 3984 Hebron:
655 3923 682 3984 et
703 3919 786 3984 uenit
811 3919 847 3983 iu
870 3917 1003 3984 Secbem.
1049 3917 1098 3982 15.
1124 3918 1224 3984 Porro
1251 3919 1367 3982 inuenit
1505 3923 1533 3988 1.
1552 3921 1597 3987 Et
1617 3921 1766 3988 nabitavit
1788 3919 1931 3986 Iabacob.
1968 3917 2147 3984 confirmet
2169 3917 2281 3983 Moses
2302 3912 2381 4000 quod

389 4027 459 4072 enm
480 4007 546 4082 uir,
576 4010 603 4069 el
625 4025 687 4070 ecce
706 4003 832 4069 errabat
858 4005 892 4068 in
920 4025 1011 4086 apro:
1042 4005 1243 4087 interroqaoit
1264 4010 1366 4070 autern
1416 4009 1509 4090 prius
1530 4016 1670 4073 testatus
1687 4016 1747 4085 est,
1766 4007 1909 4072 discessu
1931 4005 2021 4070 Esou
2039 4004 2187 4070 relictum
2205 4004 2306 4070 fuisse
2323 4013 2383 4064 ter·

390 4113 459 4156 eurn
487 4092 538 4156 oir
559 4089 621 4168 ille,
649 4089 791 4155 dicendo:
822 4090 905 4171 Quid
934 4089 1084 4171 quaeris?
1130 4089 1180 4154 16.
1203 4089 1248 4155 Et
1268 4090 1365 4154 didit:
1417 4115 1488 4158 rom
1517 4103 1628 4160 sancto
1655 4093 1765 4172 Iacob,
1795 4101 1833 4158 ut
1860 4091 1977 4157 unicus
2006 4099 2092 4156 essct
2113 4091 2184 4156 eius
2206 4105 2379 4172 possessor:

390 4177 523 4243 Fratres
539 4196 622 4241 meos
632 4196 684 4259 eqo
694 4174 961 4273 qaaeromuncio,
983 4175 1108 4250 obsecro.
1132 4175 1213 4240 mibi
1229 4174 1285 4240 abi
1301 4176 1366 4257 ipsi
1416 4200 1601 4263 quanquam
1622 4181 1657 4243 in
1679 4180 1820 4262 speeiem
1843 4199 1885 4242 nc
1907 4177 2002 4261 glebo
2019 4176 2150 4260 quidem
2172 4176 2221 4240 illi
2243 4173 2381 4246 omousii

383 4267 528 4345 pascant.
572 4261 622 4326 ll.
646 4260 690 4325 m
717 4261 800 4326 donet
827 4262 879 4328 oir
909 4260 979 4326 ille:
1014 4259 1148 4340 Profecti
1174 4266 1248 4325 sunt
1279 4261 1365 4327 binc:
1416 4265 1474 4332 scd
1496 4266 1584 4330 nudo
1608 4272 1722 4330 'terroe
1750 4273 1883 4348 aspectu
1911 4270 2099 4342 contentus,
2121 4261 2268 4328 excreuit
2290 4257 2382 4324 fidem

390 4349 502 4414 audiui
536 4349 618 4413 enim
653 4367 704 4412 eos
731 4347 881 4411 dicentes:
915 4346 1039 4410 Eamus
1070 4349 1107 4411 in
1133 4346 1269 4413 Dolban.
1321 4347 1365 4412 Et
1416 4371 1526 4416 suem:
1548 4360 1581 4416 ct
1602 4351 1711 4416 Moses
1728 4350 1921 4416 nominatim
1939 4347 2116 4431 compatri
2134 4353 2382 4428 suocompumt‚

384 4435 526 4517 peruenit
557 4431 668 4514 Iosepb
696 4436 773 4512 post
798 4433 916 4512 fratres
938 4452 1026 4511 suos,
1053 4437 1081 4496 et
1107 4433 1224 4498 incenit
1250 4453 1302 4498 eos
1330 4435 1365 4498 in
1416 4437 1473 4520 qui
1495 4445 1563 4502 totu
1584 4438 1654 4502 vite
1675 4436 1837 4503 fuerutin
1858 4435 1916 4500 illu
1938 4433 2247 4516 comperegrinus.
2277 4431 2383 4512 Qucu-

390 4520 526 4586 Dotban.
572 4519 621 4584 18.
645 4517 689 4582 m
708 4517 851 4582 uiderunt
871 4538 941 4583 eum
973 4537 989 4580 e
1021 4516 1200 4602 lonqinquo.-
1226 4523 1254 4583 ct
1280 4524 1364 4585 anm-
1417 4543 1514 4607 quam
1538 4542 1632 4606 ergo,
1666 4521 1768 4587 fratre
1803 4522 1838 4586 in
1871 4518 1961 4585 aliud
1988 4518 2189 4584 domicilium
2216 4516 2382 4589 musicis,

389 4626 485 4690 quam
505 4606 770 4686 appropinquaret
791 4604 851 4681 eis,
873 4601 1044 4668 maclinati
1064 4609 1138 4668 sunt
1158 4609 1264 4669 contra
1284 4625 1363 4684 eum,
1416 4629 1483 4674 non
1511 4629 1629 4691 purum
1657 4608 1793 4691 redeptus
1825 4616 1897 4672 erut
1929 4603 2039 4686 Iacob,
2078 4603 2241 4669 Dominus
2274 4613 2382 4667 mmm

390 4697 424 4756 ut
443 4691 653 4756 interimerent
669 4709 747 4752 eam.
783 4689 833 4754 19.
853 4689 902 4754 Ae
922 4688 1039 4754 dicebat
1059 4691 1137 4756 aller
1158 4691 1265 4755 alteri:
1287 4689 1365 4757 Ecce
1416 4694 1596 4779 profectum
1628 4692 1720 4758 ilium
1750 4693 1790 4758 ob
1820 4693 1890 4758 eius
1924 4689 2026 4756 oculis
2060 4688 2286 4756 absconditum
2316 4706 2382 4754 esse

391 4774 813 4927 limum
825 4774 1122 4943 liucinii
1137 4777 1236 4875 ooo
1257 4778 1364 4857 ‘'⁹3²⁷“
1415 4782 1530 4931 '⁰¹⁰3
1553 4789 1630 4932 ‘tc
1652 4776 2193 4930 ¹³¹⁰lli⁵⁸ilb⁸⁰t⁰⁸iil¹ii⁰lv
2270 4845 2380 4929 neue

737 4910 744 4937 ,
1101 4882 1364 4929 menuname
1523 4885 1699 4931 ,sesu
1772 4883 2024 4930 enroncsa
2120 4881 2248 4927 ‚coe
2377 4910 2379 4920 .

390 4947 551 5014 eisternis:
572 4946 759 5012 etdiccmus:
769 4945 881 5011 Bestia
894 4946 980 5011 mala
990 4947 1148 5012 decorauit
1164 4967 1234 5011 cum
1244 4953 1271 5012 et
1281 4949 1365 5015 oide-
1414 4972 1478 5017 non
1498 4963 1566 5016 tum
1588 4887 1777 5035 genealogiis
1796 4948 1936 5032 intelligi
1961 4945 2056 5014 debet
2076 4968 2176 5031 quum
2192 4967 2244 5013 rcs
2260 4959 2382 5030 gestae,

390 5035 493 5100 bimus
509 5031 587 5114 qnid
606 5037 696 5096 erunt
711 5032 834 5096 sunnia
850 5032 926 5097 eius.
967 5031 1018 5096 21.
1037 5032 1081 5097 Et
1098 5033 1220 5098 audiuit
1238 5033 1364 5100 Reuben
1415 5038 1512 5104 sicuti
1530 5057 1572 5102 ox
1590 5047 1743 5102 contextu
1760 5035 1878 5102 melius
1904 5041 2039 5100 constat.
2094 5033 2181 5098 Nam
2203 5032 2317 5098 Moses
2341 5032 2382 5094 its

391 5125 418 5185 ct
439 5119 556 5201 criqruit
575 5137 671 5184 acme
685 5137 905 5196 manuecrmn,
928 5121 955 5181 et
975 5118 1073 5183 dicit:
1097 5119 1146 5184 Ne
1150 5121 1365 5200 percutiamus

391 5226 462 5272 eum
488 5204 691 5304 infima&
714 5203 765 5267 22·
787 5203 882 5302 Dixi?
900 5223 978 5302 ,ΜΟ
1011 5204 1058 5304 ad.
1073 5225 1129 5304 ⁶⁰⁸.
1146 5203 1286 5270 3ωόθηῖ
1314 5207 1365 5272 Ne
1485 5244 1513 5311 1)
1526 5243 1655 5311 Princeps
1676 5241 1720 5295 bic
1743 5247 1767 5296 et
1790 5241 1887 5310 ubique
1905 5239 2010 5292 Perhoh
2034 5240 2065 5292 iu
2083 5243 2172 5304 tectu,
2194 5253 2247 5290 non
2273 5252 2341 5290 ocra
2357 5249 2384 5284 m

391 5291 557 5372 effundatis
576 5309 775 5372 sanquinem:
789 5295 934 5370 mucrene
953 5307 1024 5353 cmn
1045 5311 1080 5356 m
1100 5296 1265 5357 cisternam
1284 5291 1364 5361 banc
1410 5312 1616 5367 Commentario.
