5000 6208
356 425 420 490 331
1018 419 1387 488 COMMENTARIUS
1411 420 1459 486 IN
1478 417 1692 485 GENESIN.
2286 414 2353 480 332

357 612 421 677 boo
441 618 640 695 postremum
661 609 807 689 videtur,
840 609 925 692 quod
946 610 1034 675 servi
1056 609 1134 674 dum
1156 629 1190 676 se
1212 608 1325 674 fideles
1377 607 1464 692 quod
1485 606 1638 673 libentius
1663 605 1741 674 inde
1770 611 1910 673 ventura
1938 612 2008 670 erat
2036 625 2121 670 uxor
2149 605 2232 682 filio,
2265 625 2351 688 quae

358 697 498 762 dominis
519 697 588 760 fore
609 695 773 775 iurabant,
795 693 1029 761 subiectionem
1046 695 1107 760 heo
1124 695 1327 762 caeremonia
1377 693 1493 778 gentili
1514 694 1568 760 vel
1589 699 1804 776 conterraneo
1820 692 1967 758 nuberet.
2001 689 2088 772 Quia
2109 700 2219 756 autem
2237 699 2351 774 postea

358 783 472 848 testari
504 780 591 846 soliti
623 779 759 848 fuerint:
793 783 987 863 praesertim
1020 801 1121 863 quum
1155 779 1265 845 dicant
1292 780 1327 844 in
1378 780 1526 863 seqnitur
1566 799 1699 844 servum
1737 779 1864 844 venisse
1892 777 1926 840 in
1955 776 2080 841 Padam
2110 776 2228 856 Aram,
2269 775 2350 841 bino

356 865 549 951 quibusdam
587 866 722 932 orientis
753 867 902 949 partibus
934 866 1043 932 adhue
1074 868 1199 932 servari
1238 867 1328 931 huno
1378 865 1512 948 qnidam
1555 863 1715 947 colligunt
1751 862 2019 946 Mesopotamiam
2063 860 2164 928 fuisse
2208 863 2351 945 patriam

357 973 491 1018 morem.
536 951 716 1017 Profanum
745 952 875 1035 quidem
905 953 1006 1018 ritum
1036 973 1101 1018 non
1130 953 1245 1028 fuisse,
1273 950 1327 1034 qui
1379 951 1546 1016 Abrahae:
1565 948 1623 1015 sed
1640 949 1742 1015 facilis
1758 947 2040 1014 essethuiuenodi
2057 945 2184 1012 solutio.
2218 947 2351 1023 Scimus

356 1037 422 1103 Dei
442 1036 564 1123 gloriae
593 1036 768 1121 quidquam
801 1035 1003 1118 detraheret,
1037 1038 1113 1103 inde
1145 1037 1328 1121 colligimus
1379 1036 1651 1119 Mesopotamiam
1669 1056 1735 1100 non
1754 1033 1849 1100 modo
1867 1053 1937 1100 eam
1957 1033 2122 1117 regionem
2144 1033 2245 1098 fuisse
2265 1054 2352 1116 quae

357 1121 444 1209 qnod
464 1123 682 1207 interponitur
701 1123 765 1189 Dei
786 1145 914 1189 nomen.
960 1125 1096 1189 Manum
1119 1123 1249 1208 quidem
1272 1120 1328 1187 ad·
1379 1123 1464 1188 inter
1486 1122 1601 1204 Tigrin
1624 1130 1657 1186 et
1679 1121 1883 1202 Euphratem
1906 1118 2149 1185 continebatur:
2168 1117 2226 1183 sed
2248 1118 2353 1184 Ohal·

357 1218 468 1276 movet
496 1229 615 1276 servus
637 1208 677 1273 ad
703 1211 811 1274 femur
832 1209 1000 1277 Abrahae:
1028 1209 1086 1276 sed
1114 1209 1167 1274 hio
1197 1229 1328 1274 servum
1380 1209 1479 1274 dacae
1501 1227 1629 1290 quoque
1650 1215 1776 1289 partem
1798 1207 1858 1274 sub
1881 1225 1917 1271 se
1939 1202 2242 1286 comprehendisse:
2271 1225 2352 1271 nam

358 1294 489 1360 adiurat
503 1316 562 1377 per
580 1295 689 1360 Deum
711 1294 793 1359 ooeli
810 1305 843 1359 et
865 1303 971 1360 terrae
993 1307 1182 1362 creatorem.
1218 1295 1328 1376 Atque
1379 1292 1529 1379 Babylon
1551 1312 1647 1375 saepe
1664 1313 1685 1357 a
1701 1291 1844 1374 profanis
1866 1290 2077 1373 seriptoribns
2097 1291 2133 1354 in
2155 1311 2195 1355 ea
2213 1290 2353 1356 locatur.

357 1380 439 1447 haee
462 1389 574 1446 sancta
596 1390 646 1444 eet
674 1380 805 1446 iurandi
834 1381 964 1464 regula,
992 1402 1095 1462 quum
1117 1381 1208 1446 Deus
1236 1380 1328 1445 testis
1379 1379 1579 1447 Hebraionm
1601 1399 1719 1444 nomen
1738 1376 1929 1444 tantundem
1948 1377 2037 1444 valet
2056 1395 2095 1441 ao
2116 1375 2215 1459 Syria
2231 1377 2353 1442 fluvia·

357 1467 529 1532 invooatnr
551 1475 583 1529 et
603 1465 718 1531 iudex:
748 1486 854 1548 neque
882 1468 969 1531 enim
992 1467 1055 1532 alio
1079 1467 1248 1531 transferri
1269 1485 1328 1548 po·
1379 1466 1456 1530 tilis.
1512 1467 1615 1531 Aram
1650 1472 1770 1530 vocant
1805 1461 1937 1547 Syriam
1970 1483 2053 1546 qnae
2085 1483 2152 1530 non
2182 1463 2293 1546 procul
2330 1484 2354 1529 a

357 1558 421 1618 test
438 1551 491 1617 hic
512 1551 618 1616 honor
639 1551 711 1616 sine
731 1551 793 1616 Dei
811 1550 1018 1618 contumelia.
1053 1553 1157 1617 Porro
1177 1550 1329 1618 doeemur
1379 1550 1501 1616 Iudaea
1522 1550 1697 1633 incipiens,
1721 1551 1914 1615 Armeniam
1936 1559 1969 1613 et
1990 1548 2071 1614 aliae
2095 1548 2221 1631 amplae
2242 1549 2354 1632 regio-

357 1637 506 1720 exemplo
525 1636 688 1712 Abrahae,
711 1658 776 1701 non
798 1657 933 1719 peecare
950 1659 1005 1704 eos
1023 1637 1078 1720 qui
1100 1635 1328 1702 iusiurandum
1380 1657 1439 1702 nes
1467 1637 1532 1701 late
1558 1635 1744 1718 complexa,
1769 1635 1836 1700 fere
1862 1634 1904 1699 ud
1925 1635 2097 1700 Euxinum
2124 1645 2261 1717 pontum
2291 1656 2352 1700 ex·

356 1723 504 1806 legitima
526 1721 565 1787 de
593 1742 690 1788 causa
715 1723 861 1806 exigunt.
906 1723 1018 1806 Neque
1047 1722 1135 1788 enim
1157 1723 1219 1789 hoo
1240 1723 1328 1786 inter
1379 1722 1535 1787 tenditur.
1592 1721 1703 1802 Quum
1735 1730 1845 1785 autem
1879 1729 1982 1785 terras
2013 1720 2145 1803 proprie
2174 1721 2354 1804 designant

358 1807 513 1874 Abrahae
535 1807 616 1873 vitia
635 1818 804 1886 narratur,
832 1807 945 1874 sedin
969 1809 1146 1874 maximam
1168 1809 1239 1874 eius
1257 1809 1328 1873 lau·
1379 1829 1459 1890 quas
1481 1808 1611 1872 alluunt
1632 1807 1686 1872 vel
1712 1808 1950 1889 praeterfluunt
1967 1807 2076 1889 Tigris
2098 1814 2132 1871 et
2153 1805 2353 1889 Euphrates,

358 1893 447 1959 dem:
482 1894 648 1978 negotium
676 1915 754 1959 vero
782 1894 881 1960 fnisse
914 1897 1057 1960 maxime
1086 1895 1210 1960 serium
1237 1894 1328 1976 prius
1379 1892 1505 1959 addunt
1531 1913 1651 1957 nomen
1681 1891 1815 1958 Padam.
1860 1891 1990 1958 Scimus
2019 1891 2109 1956 enim
2136 1891 2253 1957 Mosen
2281 1913 2355 1956 non

357 1978 502 2057 ostendi,
536 2000 672 2063 nempe,
705 1989 743 2044 ut
771 1979 806 2043 in
838 1981 978 2063 posteris
1010 1991 1120 2045 ratum
1152 1988 1238 2046 esset
1263 1977 1327 2043 Dei
1379 1979 1553 2056 subtiliter,
1573 1977 1630 2044 sed
1651 1977 1777 2061 plebeio
1798 1978 1883 2062 stylo
1906 1977 2077 2060 loquutum
2098 1997 2177 2043 esse.
2223 1976 2356 2042 Verum

357 2064 479 2130 foedus.
517 2064 589 2128 Iam
603 2085 702 2147 quam
724 2065 864 2130 sollicite
880 2066 1026 2131 adhibito
1044 2065 1256 2131 iureiurando
1274 2084 1327 2130 oa·
1379 2066 1457 2148 quia
1483 2073 1598 2148 postea
1629 2083 1698 2146 cap.
1723 2063 1774 2141 29,
1797 2065 1819 2127 4
1845 2062 1947 2128 refert
1968 2063 2078 2128 Moses
2100 2061 2236 2128 Ohsrris
2257 2062 2356 2128 habi-

357 2160 466 2229 veret,
494 2150 592 2216 iustis
621 2150 802 2216 rationibus
831 2151 993 2234 impulsus
1019 2152 1091 2218 fnit.
1136 2151 1188 2216 Ea
1215 2149 1328 2233 procul
1379 2157 1466 2216 tasse
1498 2149 1614 2215 Laban
1647 2151 1751 2214 filium
1783 2147 1928 2215 Naohor:
1969 2149 2051 2212 mihi
2084 2147 2260 2214 verisimile
2290 2159 2354 2228 est,

358 2235 457 2301 dubio
491 2235 630 2314 indoles,
664 2237 731 2301 imo
760 2238 866 2302 virtus
895 2237 1060 2303 relucebat
1086 2238 1122 2301 in
1153 2238 1262 2316 Isaac,
1294 2243 1328 2300 et
1381 2237 1468 2303 huno
1496 2237 1552 2319 qui
1581 2237 1616 2299 in
1648 2233 1813 2300 Chaldaea
1840 2233 2046 2312 substiterat,
2073 2235 2149 2316 quia
2175 2235 2356 2300 molestum

356 2330 487 2404 praeter
509 2320 640 2387 divitias
661 2322 702 2388 iie
725 2322 826 2386 animi
848 2331 881 2387 et
902 2324 1047 2406 camuris
1076 2323 1205 2388 dotibus
1227 2321 1327 2404 polle-
1379 2324 1464 2387 foret
1491 2321 1676 2404 relinquere
1703 2319 1811 2385 natale
1844 2319 1968 2398 solum,
2010 2339 2160 2385 successu
2193 2321 2356 2402 temporie

357 2407 429 2485 bat,
462 2413 500 2472 ut
528 2406 624 2472 multi
655 2407 725 2474 eius
758 2407 951 2474 affinitatem
983 2408 1100 2492 cupide
1128 2414 1327 2490 appeterent.
1381 2409 1528 2473 animum
1565 2419 1723 2472 mutasse:
1765 2405 1816 2470 vel
1849 2408 1925 2488 quia
1963 2425 2040 2470 eum
2071 2404 2206 2489 cogebat
2245 2407 2356 2488 pietas

292 2553 296 2564 ‚
358 2493 466 2557 'fimet
486 2492 590 2575 igitur
611 2502 705 2576 pater
722 2515 764 2558 ne
781 2501 856 2576 post
873 2502 1012 2558 mortem
1031 2514 1125 2559 enam
1147 2494 1242 2558 illum
1261 2494 1327 2558 suis
1381 2494 1494 2560 adesse
1516 2494 1601 2576 patri
1619 2493 1683 2557 iam
1706 2490 1870 2574 decrepito
1889 2497 1923 2554 et
1944 2490 2075 2567 caduco,
2099 2491 2151 2557 vel
2168 2492 2245 2573 quia
2265 2512 2358 2557 oom-

358 2576 525 2642 blanditiis
554 2585 685 2660 captent
714 2585 821 2644 terrae
848 2579 983 2644 incolae.
1032 2578 1103 2645 Iam
1133 2588 1171 2644 nt
1199 2578 1329 2644 fortiter
1381 2578 1509 2644 modam
1526 2578 1593 2644 illio
1610 2599 1675 2643 non
1694 2577 1803 2642 minus
1820 2597 1918 2659 quam
1935 2576 1970 2641 in
1988 2577 2095 2660 patria
2115 2576 2357 2642 habitationem

358 2663 491 2730 resistat
511 2662 694 2742 blanditiis,
723 2685 861 2747 quarum
889 2665 1020 2748 laqueos
1048 2664 1146 2749 pauci
1167 2665 1329 2749 effugiunt
1380 2685 1450 2735 esee
1473 2663 1628 2729 audierat.
1665 2661 1764 2729 Certe
1781 2683 1847 2728 non
1870 2662 1968 2728 simul
1989 2664 2158 2746 migrasse,
2181 2683 2223 2727 ex
2245 2665 2357 2745 eapite

358 2749 509 2828 iuvenes,
541 2747 665 2831 pudore
700 2757 808 2815 tamen
838 2759 871 2815 et
903 2759 993 2816 metu
1027 2751 1215 2816 offensionis
1242 2749 1329 2816 vinci
1380 2750 1551 2816 undecimo
1576 2757 1690 2814 notum
1712 2756 1769 2814 est.

358 2854 453 2918 posse
480 2834 611 2918 cogitat.
656 2835 704 2901 Iis
726 2845 759 2899 et
787 2835 948 2902 similibus
977 2837 1132 2919 periculis
1160 2855 1328 2901 occurrere
1465 2837 1495 2902 5.
1524 2835 1569 2899 Et
1598 2835 1682 2900 dicit
1713 2835 1755 2899 nd
1787 2853 1857 2898 eum
1888 2853 2006 2898 aeroas.
2059 2831 2155 2912 Quod
2188 2832 2229 2898 de
2255 2834 2356 2901 Isaac

358 2920 462 2987 voluit
493 2929 625 2986 sanctus
658 2923 727 3000 vir,
765 2941 866 3004 quum
898 2921 1107 2987 iureiurando
1138 2923 1328 3004 interposito
1382 2921 1466 2986 nihil
1499 2920 1624 2997 obiicit,
1658 2920 1817 2986 conficere
1843 2919 1920 2986 licet
1948 2920 1994 2984 sio
2023 2918 2063 2983 de
2091 2920 2160 2984 eius
2189 2920 2356 3001 probitate

358 3006 448 3072 servi
475 3007 525 3071 sui
554 3005 652 3071 fidem
680 3007 870 3086 obstrinxit,
905 3017 938 3072 et
959 3007 1032 3072 fieri
1060 3015 1167 3091 potest
1188 3014 1225 3072 ut
1254 3028 1328 3073 enm
1381 3007 1481 3074 fuisse
1517 3027 1723 3090 persuasum,
1764 3013 1801 3070 ut
1833 3005 1919 3087 patri
1951 3003 2151 3089 morigerum
2184 3006 2251 3070 fore
2284 3027 2357 3071 non

357 3090 527 3173 impulerit
548 3092 675 3158 occulta
696 3093 804 3174 aliqua
826 3093 1011 3159 nenessitas.
1382 3092 1518 3158 dubitet.
1570 3089 1754 3157 Laudanda
1783 3100 1894 3155 antem
1921 3097 1972 3155 est
2002 3090 2072 3156 eins
2101 3089 2231 3172 religio,
2262 3091 2357 3173 qnod

444 3177 474 3241 3.
507 3176 595 3258 Quod
627 3199 688 3243 noa
721 3179 856 3258 accipies
886 3199 1024 3244 arment.
1074 3179 1162 3243 Hinc
1195 3187 1329 3262 apparet
1381 3200 1448 3244 non
1463 3178 1639 3243 temeread
1659 3176 1835 3242 iurandum
1853 3176 1994 3259 prosilit:
2013 3174 2135 3241 fideict
2153 3176 2356 3259 diligentiae,

358 3260 465 3346 qualis
494 3261 666 3345 disciplina
698 3264 844 3329 floruerit
871 3265 906 3328 in
935 3264 1031 3329 domo
1057 3263 1220 3330 Abrahae.
1265 3266 1328 3330 Ta·
1381 3285 1465 3348 quae
1487 3284 1529 3328 ex
1550 3263 1657 3329 officio
1677 3264 1746 3328 eius
1768 3270 1872 3341 eraut,
1894 3261 1992 3327 fidem
2015 3261 2226 3327 iureiurando
2247 3263 2355 3328 inter-

359 3347 457 3412 metsi
479 3347 532 3413 hio
555 3368 669 3414 servus
691 3360 778 3414 erat:
801 3349 876 3431 quia
898 3359 1011 3414 tamen
1033 3370 1053 3414 a
1074 3360 1167 3433 patre
1189 3351 1330 3416 familias
1380 3352 1486 3433 posito
1507 3351 1613 3416 facere
1634 3349 1736 3414 licuit.
1776 3346 1843 3414 Sed
1865 3349 1942 3430 quia
1959 3347 2000 3413 ab
2022 3347 2161 3413 aliorum
2183 3347 2355 3414 voluntate

357 3433 541 3517 praefectus
570 3441 654 3513 erat,
687 3455 754 3499 non
781 3433 907 3500 obstitit
927 3435 977 3500 illi
998 3457 1058 3502 sua
1085 3436 1225 3502 conditio
1251 3437 1329 3520 quin
1380 3435 1543 3520 pendebat
1559 3435 1682 3519 negotii
1697 3434 1862 3512 oonfeotio,
1886 3433 1971 3502 hane
1988 3435 2211 3516 exceptionem
2234 3435 2354 3501 merito

358 3518 500 3584 secunda
517 3541 536 3584 a
555 3519 685 3586 domino
702 3520 751 3585 illi
772 3527 917 3603 potestas
939 3529 1033 3602 esset,
1056 3532 1092 3587 ut
1113 3522 1183 3606 ipse
1202 3543 1329 3606 quoque
1380 3531 1415 3588 et
1442 3521 1621 3606 prudenter
1648 3519 1793 3586 adducit:
1818 3518 1908 3600 Quid
1931 3520 1959 3584 si
1987 3519 2098 3602 puella
2123 3519 2207 3584 nolit
2235 3521 2351 3604 sequi?

357 3603 451 3670 Isaac
475 3605 590 3671 haeres
612 3625 650 3670 ao
671 3626 853 3684 successor,
882 3606 952 3672 eius
978 3607 1116 3691 imperio
1137 3631 1171 3674 se
1193 3607 1330 3673 submit·
1466 3609 1496 3674 6.
1521 3608 1571 3673 Ne
1590 3607 1668 3689 sorde
1687 3607 1820 3672 redares
1838 3605 1943 3686 fitium
1964 3626 2068 3671 mam
2088 3604 2173 3670 illua
2208 3603 2245 3672 Si
2266 3607 2353 3672 forte

358 3697 452 3755 teret.
504 3692 647 3756 Tantum
677 3691 784 3756 valuit
805 3689 958 3757 Abrahae
987 3693 1146 3759 autoritas
1174 3702 1208 3759 et
1237 3715 1329 3760 reve-
1381 3714 1422 3758 ex
1444 3702 1519 3759 uoto
1542 3713 1607 3758 non
1630 3692 1812 3775 reperietur
1834 3710 1926 3772 uxor,
1948 3692 2018 3756 eine
2040 3691 2088 3756 rei
2110 3701 2265 3756 eventum
2286 3693 2352 3757 Do·

359 3775 483 3854 rentia,
512 3783 550 3841 nt
571 3797 705 3843 servum
725 3798 784 3842 suo
806 3779 876 3844 loco
903 3778 1118 3858 substituens,
1148 3779 1216 3845 solo
1245 3789 1330 3845 nutu
1381 3781 1470 3845 mino
1491 3777 1723 3846 commendans
1745 3776 1929 3854 Abraham,
1962 3776 2047 3860 quod
2069 3778 2282 3860 praecipuum
2301 3787 2354 3844 eet

360 3869 418 3928 aut
439 3860 548 3937 verbo,
573 3863 625 3927 ius
646 3862 734 3946 quod
756 3862 818 3928 sibi
840 3883 938 3946 aegre
959 3864 1105 3930 retinent
1126 3865 1181 3930 alii
1203 3873 1329 3948 patres·
1380 3865 1544 3931 mordicus
1565 3864 1693 3942 retinet,
1716 3885 1759 3929 ne
1781 3864 1869 3928 filius
1889 3862 1983 3930 Isaac
2005 3863 2041 3927 in
2062 3863 2202 3944 patriam
2225 3863 2350 3930 redeat:

358 3947 509 4024 familias,
531 3946 579 4010 illi
602 3949 793 4032 acquireret.
828 3949 1033 4033 Perspicitur
1054 3951 1155 4015 etiam
1173 3950 1330 4018 modestia
1380 3951 1458 4033 quia
1486 3952 1548 4017 hoc
1574 3948 1669 4015 modo
1698 3969 1733 4014 se
1762 3950 1922 4032 promissa
1950 3947 2150 4014 haereditate
2178 3949 2351 4033 privasset

359 4033 461 4112 Isaac
484 4033 539 4114 qui
561 4054 596 4098 se
618 4056 639 4099 a
660 4055 756 4100 servo
778 4035 848 4118 regi
870 4055 986 4117 passus
1008 4042 1074 4100 est:
1097 4036 1220 4102 frustra
1241 4037 1329 4101 enim
1380 4036 1500 4102 Maluit
1526 4037 1628 4122 igitur
1648 4034 1710 4100 sub
1735 4053 1793 4117 spe
1821 4033 2016 4118 inquilinum
2045 4037 2172 4100 versari
2199 4036 2234 4099 in
2262 4042 2354 4101 terra

358 4138 434 4184 oum
461 4139 557 4183 servo
585 4120 781 4205 transigeret
804 4120 989 4200 Abraham,
1012 4120 1076 4186 nisi
1096 4120 1200 4186 filium
1230 4143 1329 4188 snum
1380 4121 1539 4188 Ohanaan
1561 4142 1658 4205 quarn
1685 4121 1771 4186 inter
1796 4131 1950 4204 cognatos
1971 4121 2007 4185 iu
2029 4121 2097 4187 solo
2117 4122 2220 4186 natali
2241 4124 2350 4204 quies·

358 4203 591 4286 obsequentem
623 4215 657 4270 et
690 4206 888 4290 morigerum
921 4206 990 4272 fore
1028 4227 1203 4288 persuasus
1234 4215 1328 4274 esset.
1379 4228 1461 4276 oere.
1497 4210 1606 4291 Atque
1625 4208 1673 4272 ita
1694 4206 1843 4273 videmus
1862 4207 1898 4272 in
1919 4207 2016 4273 rebus
2037 4207 2202 4290 perplexis
2224 4217 2255 4274 et
2272 4231 2352 4276 oon-

360 4290 460 4356 Patet
480 4289 582 4373 igitur
603 4311 700 4373 quam
722 4299 911 4357 reverenter
933 4301 1059 4375 patrem
1079 4293 1231 4360 coluerit:
1254 4295 1330 4377 quia
1380 4295 1462 4361 fusis
1494 4294 1585 4359 nulla
1623 4312 1777 4357 curarum
1818 4292 1993 4376 agitatione
2025 4291 2202 4360 abductum
2233 4315 2252 4362 a
2284 4295 2351 4360 Dei

359 4374 496 4441 hioeius
513 4375 696 4442 obedientia
713 4378 863 4455 confisus,
881 4378 1041 4442 famulum
1052 4399 1164 4444 seeure
1182 4378 1328 4447 advocat.
1380 4379 1534 4445 mandato
1562 4379 1663 4444 fuisse
1689 4377 1835 4444 animum
1863 4379 1967 4443 sanati
1993 4379 2065 4444 viri.
2118 4381 2166 4444 Ao
2189 4400 2247 4445 nos
2276 4381 2352 4444 eius

358 4459 432 4526 Iam
454 4459 516 4527 hoe
537 4463 724 4546 exemplum
750 4464 932 4529 communis
958 4464 1091 4550 regulae
1112 4465 1217 4530 instar
1238 4465 1329 4532 nobis
1380 4467 1529 4548 exemplo
1541 4485 1720 4541 monemur,
1740 4485 1798 4547 per
1813 4464 1947 4546 quaevis
1965 4464 2131 4531 obstacula
2148 4463 2352 4549 sequendum

358 4566 430 4612 esee
453 4545 564 4625 debet,
597 4569 664 4612 nou
685 4548 784 4614 licere
812 4548 890 4614 filiis
915 4549 1057 4615 familias
1086 4551 1329 4618 matrimonium
1381 4573 1451 4618 esse
1472 4552 1591 4617 Deum.
1635 4551 1754 4616 Postea
1776 4559 1887 4616 tamen
1916 4549 2060 4616 declarat
2080 4573 2116 4616 se
2136 4552 2251 4617 melius
2272 4572 2352 4634 spa-

357 4632 553 4698 oontrahere
573 4635 638 4699 nisi
660 4655 701 4698 ex
722 4645 896 4719 parentum
919 4635 1061 4701 arbitrio.
1096 4636 1142 4700 Et
1163 4646 1251 4704 certe
1268 4637 1330 4705 hoc
1380 4658 1463 4704 rare.
1509 4637 1636 4719 Quibus
1665 4636 1774 4702 verbis
1801 4637 1972 4701 confirmat
2000 4655 2092 4720 epam
2114 4637 2286 4717 serviani,
2309 4643 2354 4701 ut

360 4715 461 4782 dictat
492 4727 628 4784 naturae
658 4721 821 4803 aequitas,
848 4720 942 4786 utin
964 4743 1001 4785 re
1030 4729 1123 4786 tanta
1151 4723 1209 4789 filii
1232 4745 1251 4788 a
1271 4745 1329 4807 pa-
1380 4746 1418 4790 eo
1439 4725 1579 4791 alacrius
1600 4742 1791 4806 prosperum
1820 4729 1975 4788 eventum
1995 4721 2105 4788 animo
2130 4743 2353 4806 praesumens,

359 4812 490 4868 rentum
512 4804 682 4870 voluntate
703 4805 880 4888 pendeant:
916 4826 979 4889 quo
1008 4807 1112 4891 magis
1141 4807 1331 4876 detestanda
1381 4810 1423 4878 ad
1443 4811 1507 4875 iter
1527 4829 1562 4874 se
1583 4807 1741 4891 accingat.
2140 4836 2143 4842 ·
2171 4829 2175 4834 ·

359 4896 411 4953 eet
433 4908 536 4971 papae
557 4888 738 4970 barbaries,
768 4892 823 4973 qui
851 4910 982 4956 sacrum
1004 4891 1066 4958 boc
1087 4893 1254 4961 rinaulum
1275 4896 1330 4962 ab
1468 4897 1496 4960 7.
1518 4893 1635 4960 Iebovo
1651 4889 1742 4959 Deris
1762 4892 1845 4959 coeli.
1888 4891 2022 4978 Duplici
2035 4899 2235 4978 ‘argumento
2254 4895 2355 4959 oolli-

359 4993 512 5056 rumpere
534 4995 633 5041 ansus
653 4984 713 5041 eet.
757 4975 868 5057 Quare
897 4977 1076 5044 cohibenda
1097 4986 1148 5045 eet
1173 4981 1330 5048 iuvenum
1380 4983 1429 5067 git
1451 5000 1605 5066 prospere
1623 4999 1791 5046 cessurum
1809 4999 1868 5060 per
1885 4977 1949 5044 Dei
1971 4980 2111 5063 gratiam
2128 4980 2213 5064 quod
2231 4980 2269 5046 de
2284 4979 2357 5046 filii

359 5059 503 5136 lascivia,
526 5081 568 5125 ne
590 5061 738 5145 patribus
759 5061 963 5141 inconsultis,
988 5072 1112 5130 temere
1134 5065 1176 5130 ad
1197 5068 1330 5152 nuptias
1381 5069 1531 5151 coniugio
1554 5065 1720 5131 debborat.
1756 5065 1914 5143 Primum,
1937 5065 2014 5148 qnia
2030 5062 2124 5131 Deus
2142 5087 2206 5132 nou
2225 5065 2357 5130 frustra

360 5144 545 5211 convolent·
1380 5155 1490 5238 ipsum
1508 5174 1526 5218 e
1543 5151 1650 5236 patria
1666 5151 1704 5216 in
1721 5150 1858 5217 alienam
1877 5159 1999 5216 terram
2021 5149 2212 5217 adduxerit:
2231 5150 2357 5217 deinde

446 5231 476 5296 4.
501 5229 564 5296 Sed
584 5233 627 5298 nd
646 5235 762 5298 mnam
782 5253 884 5299 meam
903 5238 932 5300 et
953 5234 995 5300 od
1016 5237 1233 5320 mendicam
1270 5237 1330 5304 Vi·
1382 5241 1460 5323 quia
1485 5259 1552 5304 non
1579 5237 1663 5303 falso
1688 5237 1852 5321 pollicitus
1879 5236 1980 5302 fuerit
2007 5242 2132 5302 terram
2153 5239 2188 5302 in
2209 5255 2267 5320 qua
2287 5257 2357 5318 pe-

361 5312 458 5382 detur
478 5317 512 5381 in
532 5315 601 5382 loeo
622 5317 771 5402 eligendo
794 5319 856 5385 hoo
882 5327 1040 5404 sequutus
1062 5341 1133 5388 esse
1152 5323 1330 5403 Abraham,
1381 5326 1533 5410 regrinus
1555 5324 1689 5403 habitat,
1711 5322 1865 5388 daturum
1887 5322 1957 5388 eius
1979 5323 2105 5389 semini.
2151 5323 2261 5390 Merito
2281 5341 2358 5386 au·
