5022 6192
392 417 518 486 XVIII
1209 417 1574 489 PROLIIGOMENA.

548 606 707 675 Dix-huit
729 609 870 675 lenillets
891 609 1069 676 liminaires
1092 629 1172 676 aveo
1193 609 1227 675 la
1247 608 1375 694 prelaoe
1398 606 1437 674 de
1460 605 1561 688 Bene,
1589 605 1620 672 le
1644 603 1823 691 catalogue
1847 603 1908 670 'des
1930 621 2089 688 ouvrages
2111 600 2168 667 dos
2192 600 2328 680 Galvin,
2356 599 2389 664 la

392 718 481 784 table
503 720 765 806 et.l’argument.
809 719 898 786 Hnit
918 720 1045 788 oahiers
1066 727 1087 786 a
1108 721 1129 787 6
1151 719 1291 786 Ieuillets
1312 731 1345 785 et
1367 740 1412 785 un
1434 726 1456 784 a
1476 727 1600 803 quatre.
1636 716 1782 803 (B-K),
1807 717 1870 782 104
1890 735 1990 799 page·
2013 720 2228 779 nnmtrottes.

547 887 607 956 VI.
652 890 786 958 Ioannis
808 891 938 958 Caluini
965 892 1001 956 in
1022 890 1144 958 librum
1165 891 1261 958 Iosue
1289 889 1397 957 brevis
1425 889 1695 963 oommentarius.
1724 906 1821 970 quem
1844 885 1940 969 paulo
1968 893 2043 950 ante
2072 889 2209 948 mortem
2239 879 2386 948 absolvit.

392 997 517 1065 Addita
538 1010 616 1066 sunt
637 1002 797 1085 quaedam
820 1002 860 1068 de
882 1003 952 1069 eins
973 1002 1086 1068 morbo
1115 1010 1149 1068 ot
1169 1001 1269 1068 obitu.
1314 1001 1399 1068 Gum
1421 1001 1536 1066 indioe.
1582 998 1760 1087 [Emblsme
1786 998 1923 1064 drumm
1937 1001 2106 1079 aarum
2132 1013 2201 1061 aem
2222 993 2389 1078 epigraphe

393 1130 433 1176 ea
455 1109 567 1177 Mettis.
589 1111 696 1200 VII.].
741 1113 897 1180 Genavae
918 1134 961 1179 ex
982 1113 1112 1180 offioina
1131 1111 1300 1180 Franoisoi
1322 1112 1461 1179 Perrini.
1497 1112 1544 1177 Μ.
1567 1112 1609 1178 D.
1632 1109 1782 1179 LXIIII.
1818 1109 1865 1175 8⁰.

543 1221 682 1290 Initium
714 1222 840 1291 iaoinnt
868 1223 1009 1292 sedenim
1037 1223 1117 1290 folia
1146 1245 1212 1290 nou
1241 1233 1413 1290 numerata
1437 1243 1512 1290 eum
1535 1221 1690 1288 Garnerii
1712 1221 1876 1304 excerptis
1902 1242 1944 1285 ex
1967 1220 2073 1285 Bonae
2103 1216 2304 1302 praefatione
2333 1214 2390 1301 (de

392 1331 510 1415 quibus
539 1334 616 1400 vide
643 1334 882 1420 Prolegomena
908 1335 950 1401 ad
977 1335 1068 1400 Tem.
1091 1335 1189 1400 XXI.
1219 1333 1368 1421 operum)
1397 1345 1431 1401 et
1458 1334 1646 1417 epitaphiis;
1679 1333 1804 1399 aooedit
1825 1331 2004 1417 Gatalogus
2032 1350 2166 1414 operum
2196 1328 2325 1395 Galvioi
2355 1337 2390 1393 et

392 1454 625 1529 argumentum
658 1444 733 1511 libri
762 1445 889 1512 Iosuae.
934 1444 1197 1512 Commentarius
1230 1444 1411 1514 absolvitur
1442 1444 1562 1530 viginti
1584 1443 1850 1529 quaternionibus
1878 1441 2028 1530 (B-X)‚
2063 1441 2193 1528 pagn'nis
2213 1460 2291 1508 vero
2313 1439 2388 1506 316.

391 1554 478 1622 Nam
500 1575 593 1622 error
613 1565 664 1622 est
684 1577 758 1642 pag.
783 1557 847 1622 124
868 1579 915 1642 sq.

545 1727 625 1793 VII.
670 1726 908 1794 commentarii
930 1727 1070 1795 Joannis
1091 1726 1223 1796 Galvini
1245 1727 1280 1793 in
1302 1726 1447 1811 quinque
1468 1727 1568 1797 libros
1588 1727 1700 1795 Masis.
1745 1727 1885 1794 Genesis
1912 1745 2073 1792 seorsum:
2104 1724 2220 1809 reliqui
2249 1732 2391 1808 quatuor

389 1839 426 1906 in
459 1839 597 1904 formam
625 1838 827 1905 Harmoniae
856 1838 985 1924 digesti.
1037 1838 1148 1904 Editio
1181 1838 1324 1906 seonnda
1351 1840 1453 1922 priori
1482 1839 1578 1924 longe
1607 1837 1808 1905 emendatior
1835 1847 1869 1902 ot
1900 1836 2101 1920 loeupletior.
2153 1836 2238 1903 Cum
2267 1835 2389 1919 tripliei

390 1949 514 2016 indies:
547 1970 686 2034 quorum
712 1951 839 2034 primus
862 1949 1044 2017 Geoeseos:
1078 1950 1162 2016 alter
1189 1958 1330 2034 quatuor
1351 1947 1510 2015 librorum
1531 1951 1568 2015 in
1589 1949 1728 2017 formam
1756 1948 1945 2014 barmoniae
1967 1947 2198 2031 dispositorum
2219 1967 2273 2012 res
2295 1955 2390 2012 nota-

390 2061 539 2129 biliores:
572 2059 703 2140 tertius,
733 2060 942 2146 singulorum
959 2060 1166 2138 *Harmoniae
1193 2062 1337 2147 sapitum
1359 2082 1476 2128 versus
1497 2063 1638 2147 sparsim
1660 2060 1837 2143 explieatos
1858 2061 2013 2158 eontinet.
2059 2057 2234 2147 [Ernbbmo
2254 2059 2390 2124 duorum

389 2174 530 2241 arona
552 2185 684 2256 qrsomm
704 2171 783 2238 ulter
795 2164 925 2252 plantat
945 2171 1024 2238 oter
1043 2169 1171 2260 trapa]
1196 2171 1360 2240 Generae.
1406 2171 1597 2240 Exeudebat
1619 2171 1749 2255 Gaspar
1771 2170 1812 2236 de
1833 2170 1918 2236 Hus.
1954 2171 2000 2236 Μ.
2025 2172 2066 2238 D.
2089 2169 2256 2238 LXXIII.
2279 2167 2334 2234 Iol.

547 2281 744 2369 signatores
764 2290 844 2349 sunt
865 2304 954 2349 a—a.
990 2303 1117 2350 aa-aa.
1154 2283 1324 2351 ΔΔ-ΖΖ.
1360 2281 1612 2350 aaa-000:
1626 2283 1765 2368 paginae
1786 2279 1850 2348 698
1873 2291 1906 2346 ot
1925 2281 2059 2348 indioos.

544 2443 642 2511 VIII.
687 2444 826 2512 Joannis
856 2442 988 2510 Galuini
1013 2444 1049 2510 in
1079 2443 1251 2510 historiam
1273 2442 1371 2510 Iosue
1398 2443 1624 2510 Israelitarum
1647 2446 1858 2529 Imperatoris
1885 2444 2137 2510 oommentarius
2165 2463 2261 2526 quem
2291 2443 2390 2526 paulo

391 2555 468 2624 an'te
497 2567 637 2622 mortem
666 2552 815 2622 absolvit.
865 2553 977 2620 Editio
1003 2554 1148 2622 seeundo
1174 2556 1274 2640 priori
1304 2556 1399 2639 longe
1428 2555 1637 2621 emendatior.
1682 2554 1768 2623 Gnm
1796 2555 1913 2621 indioe.
1960 2551 2160 2641 [Emblemm
2195 2553 2390 2617 ΔΛΗΘΕΙΔ

393 2663 707 2754 ΠΔΝΔΑΜΔΤΩΡ]
732 2665 890 2732 Genevae
913 2665 999 2750 apud
1021 2667 1158 2733 Petrum
1181 2663 1478 2734 Santendreanum.
1514 2665 1560 2734 M.
1584 2665 1626 2733 D.
1648 2666 1792 2736 LXXV.
1815 2665 1869 2733 fol.

546 2778 721 2845 Terniores
742 2776 862 2856 A-G,
884 2778 1026 2862 paginae
1047 2776 1090 2844 85
1112 2787 1303 2844 numeratae
1325 2786 1359 2843 et
1380 2786 1448 2845 tres
1470 2778 1541 2845 aine
1564 2781 1717 2845 numeris.

544 2949 607 3015 IX.
653 2945 917 3014 Commentarius
939 2945 1075 3013 Ioannis
1096 2946 1230 3014 Caluini
1251 2947 1285 3014 in
1308 2948 1452 3032 quinque
1474 2948 1574 3016 libros
1595 2949 1697 3017 Musis
1718 2955 1769 3017 rto.
1818 2948 1945 3016 amau
1970 2947 2109 3016 dmrrs't
2128 2955 2164 3014 ut
2184 2950 2219 3014 ia
2242 2949 2285 3015 N.
2308 2949 2390 3016 VII.

392 3060 505 3127 Editio
527 3061 632 3127 tertia.
677 3056 856 3146 [Emblem
876 3062 911 3123 et
931 3057 967 3123 ia
989 3057 1033 3124 N.
1056 3057 1170 3146 VIH.]
1197 3058 1354 3126 Genavae
1376 3060 1461 3143 apnd
1480 3060 1617 3128 Petrum
1642 3058 1936 3127 Santandreanum.
1976 3059 2024 3125 Μ.
2042 3057 2086 3125 D.
2104 3059 2306 3127 LXXXIII.
2334 3061 2389 3127 sol.

546 3169 617 3240 Sex
647 3168 727 3236 folia
762 3168 938 3236 liminarIe.
993 3167 1135 3238 Genesis
1172 3191 1261 3237 a-a.
1302 3171 1420 3240 A-D.
1453 3172 1593 3257 paginae
1626 3171 1700 3238 320.
1759 3171 1891 3255 Reliqui
1929 3169 2005 3237 libri
2043 3191 2171 3238 aa—aa.
2216 3172 2389 3240 ΑΔ-ΖΖ,

392 3282 634 3352 aar-Fra.
656 3280 796 3368 paginae
817 3280 882 3347 594
902 3287 937 3347 et
954 3279 1088 3349 indioes.

429 3424 435 3442 ⁵
545 3443 590 3509 X.
635 3441 770 3509 IoannIs
802 3441 933 3512 Caluini
964 3443 1000 3508 in
1033 3443 1176 3527 quinque
1208 3443 1309 3511 libros
1336 3443 1441 3511 Masis
1470 3443 1734 3512 Commentarius
1763 3451 1815 3514 ate.
1849 3450 1883 3511 at
1913 3445 1950 3510 ia
1975 3445 2178 3526 praeeedeati.
2230 3445 2390 3515 Eiusdem

392 3555 525 3625 Oalvini
540 3556 577 3620 in
594 3552 716 3620 librum
732 3551 851 3620 Iosnee
868 3555 1129 3621 oommentoriue.
1168 3553 1345 3643 [Erablemo
1365 3561 1399 3622 ut
1419 3557 1455 3622 s'a
1467 3553 1679 3646 momenta]
1703 3557 1868 3625 Geaerae.
1903 3555 1944 3621 ln
1961 3555 2093 3622 offioina
2111 3554 2389 3627 Sanotandroana

430 3719 438 3734 .
492 3665 554 3733 ,Χ
585 3665 626 3729 V.
648 3663 703 3730 fol.

389 3667 427 3735 Μ
456 3667 490 3733 D
545 3664 744 3860 Gigantum
777 3781 811 3841 et
842 3775 982 3860 paginae
1014 3784 1052 3841 ut
1084 3775 1118 3839 in
1145 3775 1361 3859 praeoedsnti.
1413 3775 1502 3841 Sunt
1531 3783 1643 3841 tamen
1670 3775 1819 3842 diversae
1848 3777 2014 3845 editiones.
2059 3777 2326 3847 Commentarius
2354 3783 2389 3847 in

390 3889 523 3956 Iosuam
545 3907 631 3952 novo
653 3885 748 3952 titulo
769 3896 906 3952 ornatus
928 3884 1108 3953 absolvitur
1132 3887 1260 3971 paginis
1284 3887 1535 3966 renumeratis,
1557 3907 1631 3953 oum
1653 3887 1775 3954 Indioe.
2194 3888 2197 3894 ’

546 4055 610 4124 XI.
654 4054 954 4123 lobannisOalvini
976 4076 1076 4140 opera
1092 4055 1203 4121 omnia
1220 4053 1401 4141 theologiae
1417 4057 1452 4124 in
1470 4068 1597 4141 septem
1613 4066 1719 4124 tomos
1736 4058 1870 4144 digesta.
1905 4060 2027 4126 Iamna
2042 4062 2181 4144 primus.
2214 4061 2390 4132 Gemman-

392 4173 494 4240 tarios
516 4171 551 4236 in
574 4169 716 4254 quinque
738 4167 838 4235 libros
860 4165 963 4232 Mesia
985 4166 1211 4252 eompleotens.
1257 4165 1397 4234 Genesis
1418 4188 1566 4272 seorsum
1586 4174 1638 4236 ete.
1660 4176 1695 4234 at
1714 4189 1814 4254 supro
1834 4171 1870 4236 ia
1892 4169 1935 4236 Ν,
1959 4169 2038 4238 vn,
2077 4173 2236 4240 Eiusdem
2258 4175 2389 4242 omini

393 4285 431 4352 in
453 4281 575 4349 libram
595 4280 694 4346 Iosne
715 4276 969 4345 eommentarius
992 4275 1141 4365 [Effigies
1163 4275 1313 4365 cateias}
1349 4278 1514 4347 Genavae.
1550 4279 1648 4364 Apud
1670 4279 1851 4348 Iohannem
1862 4277 2006 4367 Vignon,
2027 4279 2162 4352 Petrum
2184 4285 2390 4355 stlembum

394 4396 532 4464 Chonet.
567 4391 615 4458 Μ.
634 4388 705 4456 DO.
724 4387 839 4454 XVII.
857 4388 911 4454 fol.

547 4503 618 4569 Sex
639 4500 717 4566 folia
737 4497 903 4566 liminaria
924 4520 997 4566 oum
1021 4499 1224 4568 dedioationo
1244 4513 1278 4566 ot
1298 4513 1502 4588 argumento.
1550 4501 1653 4571 Sexta
1670 4501 1802 4568 exhibet
1819 4502 1964 4570 tabulam
1982 4505 2125 4590 paradisi
2148 4507 2245 4592 plena
2266 4530 2387 4576 novam

394 4633 426 4686 et
447 4618 489 4685 ab
512 4612 701 4681 authentica
721 4605 901 4689 disemum,
931 4609 972 4676 de
993 4631 1059 4694 qna
1080 4611 1209 4696 agimus
1236 4612 1271 4677 in
1293 4622 1403 4679 annot.
1427 4613 1468 4680 ad
1491 4614 1611 4681 Genes.
1634 4631 1661 4678 o.
1682 4611 1727 4679 H.
1773 4611 1877 4680 Adest
1903 4614 2003 4681 etiam
2031 4615 2224 4702 bibliopolae
2252 4619 2295 4686 ad
2324 4621 2387 4688 leo-

392 4743 499 4798 torem
519 4723 627 4794 brevis
649 4721 816 4808 praefatio.
861 4719 1017 4806 Sequitur
1039 4720 1146 4789 Beaae
1172 4723 1240 4788 vita
1262 4721 1392 4791 Galrini
1416 4726 1458 4790 14
1486 4725 1572 4794 foliis
1600 4723 1758 4792 absoluta.
1803 4723 1984 4794 normano
2011 4747 2071 4811 par
2097 4735 2203 4796 totum
2233 4733 2387 4800 volumen

394 4841 573 4910 deonrrunt
593 4855 682 4900 a—a.
705 4853 834 4898 aa-aa.
857 4853 1022 4900 aaa-aaa.
1045 4832 1262 4902 mathat.
1286 4835 1343 4903 sed
1372 4838 1512 4922 paginae
1535 4836 1587 4905 vel
1621 4837 1729 4922 potius
1764 4819 1935 4905 oolnmnae
1962 4839 1997 4904 in
2019 4839 2243 4908 Pentatenobo
2272 4864 2387 4910 nurne-

389 4961 510 5020 rantnr
532 4945 626 5027 1506,
648 4947 684 5010 in
705 4943 809 5012 Josna
833 4943 906 5027 130,
927 4953 1110 5027 sequnntur
1132 4946 1165 5010 in
1188 4955 1325 5031 utraque
1345 4954 1438 5032 parte
1460 4949 1592 5016 indioes.

547 5105 629 5175 XII.
672 5103 786 5172 Editio
804 5105 1117 5173 Amstelodamensis
1139 5105 1221 5172 1671
1245 5106 1285 5172 de
1304 5127 1369 5192 qua
1390 5111 1465 5178 vide
1486 5112 1722 5197 Prolegomena
1742 5119 1855 5177 nostra
1875 5111 1917 5178 ad
1939 5113 2032 5180 Gom.
2053 5111 2081 5181 1.
2104 5111 2259 5199 Operum.

548 5268 648 5336 XIII.
693 5266 827 5334 Ioannis
845 5268 975 5335 Galvini
996 5268 1032 5332 in
1053 5267 1173 5333 librum
1190 5268 1357 5337 Geueseos
1378 5273 1631 5338 commentarius
1649 5271 1689 5337 ad
1711 5270 1888 5339 editionem
1900 5272 2233 5342 ansulodamonsom
2256 5297 2388 5347 aoenra
