4988 6192
120 409 182 474 43:
778 416 1151 486 COMMENTARIUS
1173 416 1223 484 IN
1246 415 1460 484 GENESIN.
2055 418 2119 486 438

120 599 217 666 bruto
249 599 376 683 impetu
403 601 560 668 ferantur.
612 603 813 688 Imperiosus
841 614 875 672 et
902 606 994 672 ferox
1023 613 1094 672 erat
1143 605 1230 688 quod
1252 606 1381 672 futurae
1409 604 1621 670 aemulationi
1649 622 1763 670 ansam
1790 603 1961 687 praecidit:
1992 624 2067 672 nam
2090 607 2119 674 si

120 687 226 762 Esau,
252 688 369 750 matris
390 707 515 770 quoque
537 690 757 758 reverentiam
779 701 981 768 excusserat,
1004 701 1037 758 ιι
1058 711 1093 760 se
1143 692 1252 757 inanis
1274 712 1311 758 ac
1337 691 1506 757 famelicus
1535 690 1697 768 venisset,
1727 697 1855 772 poterat
1876 690 1966 756 Esau
1989 712 2030 756 ex
2053 691 2119 760 dis·

120 773 265 838 vicissim
287 771 408 838 sciebat
428 772 494 838 ιιιιι
516 795 587 840 esse
615 797 768 844 exosum:
800 798 919 844 uxores
947 777 1094 844 assiduas
1143 775 1255 860 peudii
1284 779 1334 843 sui
1367 785 1457 844 metu
1490 797 1609 842 novam
1643 775 1905 859 indignationem
1936 778 2117 860 concipere.

119 878 248 958 pugnas
280 856 471 924 movebant:
512 857 632 928 durum
664 863 713 928 illi
744 885 782 932 ac
813 863 989 930 molestum
1022 873 1094 928 erat
1145 863 1299 929 Testatur
1320 884 1397 946 ergo
1420 863 1516 929 Iacob
1539 884 1575 929 se
1597 880 1662 928 non
1696 863 1810 928 venire
1839 872 1876 926 ιιι
1904 862 2015 927 fratris
2042 863 2120 930 sub-

119 943 179 1010 filti
201 943 342 1008 familias
364 963 537 1025 personam
559 947 655 1013 senili
677 949 742 1015 iam
765 958 871 1016 aetate
892 968 1004 1032 agere:
1033 969 1094 1014 uec
1144 950 1299 1014 stantiam
1318 958 1429 1034 sugat,
1452 949 1506 1014 vel
1528 947 1649 1013 ditetur
1671 968 1746 1014 cum
1774 947 1885 1012 fratris
1911 948 2051 1029 iactura,
2082 969 2120 1018 ac

119 1029 208 1095 euim
241 1029 374 1112 superbi
408 1029 558 1096 homiues
589 1033 684 1100 liberi
711 1034 772 1100 sibi
807 1034 961 1101 videntur
993 1056 1093 1117 quum
1146 1036 1174 1100 si
1202 1035 1353 1100 dixisset:
1385 1033 1485 1101 Salva
1514 1034 1557 1100 sit
1583 1034 1642 1099 tibi
1671 1031 1856 1098 haereditas
1884 1041 2031 1102 terrena:
2066 1034 2119 1102 ius

120 1115 194 1199 quis
227 1135 328 1198 supra
358 1134 413 1180 eos
445 1117 576 1184 eminet.
628 1121 718 1204 Ergo
751 1131 788 1187 ιιι
819 1121 945 1186 solutus
978 1119 1094 1188 alienis
1146 1121 1234 1186 euim
1252 1133 1346 1186 tuum
1363 1141 1422 1204 per
1439 1142 1492 1186 me
1510 1140 1576 1186 ucn
1599 1120 1781 1184 minuetur:
1805 1127 1933 1184 tantum
1956 1140 2008 1185 me
2030 1121 2119 1188 siuas

119 1201 250 1284 legIbus
271 1200 413 1284 degeret,
434 1223 582 1270 seorsum
604 1225 624 1271 a
645 1218 739 1290 patre
761 1206 879 1290 degere
902 1207 1030 1272 maluit:
1055 1225 1092 1272 ac
1146 1207 1268 1272 vivere.
1302 1206 1376 1272 Hoc
1394 1206 1545 1289 exemplo
1567 1226 1740 1271 monemur
1760 1203 1899 1287 qualiter
1916 1203 2058 1270 fovenda
2076 1208 2120 1273 sit

119 1287 180 1352 tali
197 1285 351 1352 illecebra
367 1288 532 1354 inescatus
554 1299 611 1369 est,
636 1303 673 1358 ut
690 1294 868 1376 promissae
884 1292 1094 1358 haereditatis
1146 1292 1240 1358 uobis
1272 1312 1336 1374 pax
1351 1338 1356 1349 .
1369 1313 1442 1358 cum
1477 1290 1642 1374 improbis.
1699 1291 1774 1354 Non
1805 1290 1956 1375 prohibet
1988 1291 2119 1375 quidem

118 1374 309 1452 immemor,
334 1370 443 1440 locum
471 1374 564 1441 fratri
585 1397 646 1442 suc
674 1378 880 1462 relinqueret.
925 1379 1095 1444 Divinitas
1146 1375 1311 1442 Dominus
1334 1377 1414 1459 quin
1436 1378 1487 1442 ιιιι
1511 1385 1657 1442 nostrum
1680 1385 1841 1456 tueamur,
1861 1377 1966 1458 quoad
1988 1368 2121 1460 permit·

119 1469 229 1524 autem
262 1456 296 1522 id
334 1457 456 1526 factum
496 1483 567 1528 esse
599 1461 682 1528 dixi:
722 1464 997 1547 quemadmodum
1035 1483 1095 1546 por
1147 1472 1219 1528 tent
1236 1463 1429 1528 adversarii:
1448 1461 1505 1528 sed
1523 1465 1594 1527 iure
1612 1471 1724 1528 nostro
1742 1463 1850 1544 potius
1866 1460 2046 1530 cedendum
2060 1473 2119 1543 est,

119 1544 319 1610 Malachiam
352 1541 404 1629 (1,
444 1544 478 1631 3)
511 1547 602 1614 Deus
641 1549 711 1633 ipse
751 1551 961 1632 pronunciat,
995 1550 1095 1614 fuisse
1147 1569 1244 1632 quam
1267 1561 1305 1613 ut
1327 1561 1493 1614 certamen
1515 1549 1640 1614 oriatur
1663 1560 1775 1614 ucetra
1796 1547 1901 1631 culpa.

119 1629 208 1696 hauc
239 1631 332 1712 quasi
362 1631 575 1716 relegationis
601 1634 742 1717 speciem
773 1635 856 1719 quod
885 1636 922 1700 in
949 1645 1094 1700 montem
1233 1636 1262 1699 6.
1286 1633 1330 1698 Et
1350 1636 1468 1700 reversi
1497 1639 1571 1700 eunt
1591 1634 1708 1700 acacii.
1753 1635 1844 1698 Esau
1873 1632 2119 1702 benevolentiae

120 1715 197 1781 Seir
220 1713 378 1784 deductus
400 1718 560 1786 estEsau.
594 1721 667 1786 Etsi
685 1721 774 1786 enim
797 1732 912 1804 sponte
931 1721 1094 1804 migravit,
1146 1740 1246 1787 causa
1266 1719 1476 1804 progreditur
1497 1720 1627 1786 obviam
1649 1721 1744 1784 fratri
1765 1738 1840 1784 suo:
1866 1718 1922 1784 sed
1946 1718 2044 1784 Iacob
2067 1741 2118 1786 re-

119 1821 240 1866 arcauc
265 1810 377 1868 tamen
399 1804 464 1870 Dei
494 1805 628 1870 consilio
661 1815 749 1870 terra
776 1805 833 1872 illa
862 1807 1012 1889 privatus
1034 1819 1094 1883 est,
1146 1816 1266 1889 putans
1286 1807 1465 1874 immanem
1484 1806 1554 1872 eius
1575 1805 1739 1884 ferociam,
1762 1805 1892 1870 inflatos
1913 1805 2059 1887 spiritus,
2082 1827 2120 1873 ac

119 1908 219 1970 quam
248 1895 418 1973 tantopere
448 1891 636 1973 appetierat.
688 1892 855 1958 Praesenti
885 1913 963 1958 vero
991 1892 1095 1957 domi·
1147 1903 1256 1958 truces
1278 1891 1399 1970 minas,
1421 1891 1505 1956 nihil
1527 1890 1708 1956 humanum
1732 1890 1773 1956 ab
1794 1912 1832 1957 eo
1854 1901 2029 1975 exspectat.
2074 1893 2120 1958 Et

119 1972 224 2038 naudi
244 1974 396 2058 cupidine
418 1975 561 2053 illectus,
588 1976 625 2042 in
647 1976 774 2044 delectu
797 1979 963 2056 caecutiit,
993 1997 1095 2060 quum
1146 1977 1310 2044 Dominus
1333 1978 1419 2044 servi
1441 1978 1493 2042 eui
1513 1976 1660 2042 animum
1684 1976 1741 2042 tali
1770 1979 1952 2055 anxietate,
1982 1977 2059 2044 licet
2081 1979 2121 2044 de

118 2068 210 2124 terra
231 2056 308 2126 Seir
337 2071 489 2128 montosa
510 2073 543 2127 et
564 2083 692 2144 aspera,
723 2064 895 2147 minusque
924 2063 1041 2130 fertilis
1062 2073 1096 2128 et
1147 2063 1265 2142 nihilo,
1289 2061 1329 2128 ad
1352 2073 1481 2145 tempus
1504 2063 1608 2146 premi
1630 2062 1748 2142 voluit,
1778 2077 1817 2128 ut
1837 2063 1991 2146 precandi
2013 2064 2120 2130 fervo·

119 2165 258 2210 amoena
275 2157 371 2212 esset.
405 2147 509 2213 Porro
527 2149 688 2214 celebrem
705 2149 814 2215 virum
833 2150 931 2216 fuisse
949 2157 1094 2234 apparet,
1147 2170 1217 2215 rem
1240 2149 1346 2233 magis
1375 2149 1576 2216 accenderet.
1622 2148 1753 2215 Scimus
1775 2149 1862 2214 enim
1885 2149 1980 2232 quale
2002 2151 2037 2214 in
2060 2150 2121 2217 heo

117 2232 176 2314 qui
198 2252 319 2297 nomeu
341 2234 468 2316 regioni
491 2255 533 2299 ex
554 2254 614 2299 suo
633 2236 768 2300 nomine
790 2236 962 2318 imposuit:
993 2255 1096 2318 quau·
1147 2242 1241 2317 parte
1258 2234 1362 2318 frigus
1380 2243 1514 2316 generet
1527 2235 1698 2305 securitas.
1743 2235 1834 2320 Ergo
1852 2256 1893 2300 ne
1911 2235 2001 2314 fides,
2021 2235 2121 2302 nullis

118 2337 220 2400 quam
238 2319 418 2385 verisimile
435 2328 494 2397 est,
514 2330 634 2385 terram
646 2320 754 2386 Edem
772 2320 838 2388 dici
855 2343 914 2403 per
931 2321 1096 2404 prolepsin
1148 2320 1289 2386 stimulis
1310 2321 1460 2398 excitata,
1483 2321 1518 2386 in
1540 2320 1635 2386 uobis
1656 2331 1794 2404 torpeat,
1816 2321 1920 2386 multa
1941 2342 2037 2405 saepe
2060 2341 2121 2388 uos

119 2403 273 2482 aMose,
303 2425 386 2488 quae
415 2404 532 2471 deiude
553 2407 601 2470 ιιι
629 2407 736 2472 vocari
758 2408 871 2490 coepit.
917 2405 1098 2488 Quaeritur
1147 2409 1263 2472 timere
1285 2407 1408 2488 patitur
1429 2407 1522 2472 Deus
1543 2426 1626 2489 quae
1648 2406 1795 2472 timenda
1816 2427 1880 2472 nou
1904 2417 1990 2472 sunt.
2035 2407 2120 2474 Nam

116 2489 187 2554 iam
220 2489 307 2556 unde
340 2493 511 2557 resciverit
542 2491 640 2558 Iacob
674 2491 809 2558 fratrem
841 2513 939 2560 suum
971 2494 1008 2558 in
1040 2492 1097 2558 ills
1148 2491 1301 2574 quamvis
1331 2502 1407 2558 vota
1446 2499 1559 2557 nostra
1597 2492 1814 2575 praeveniens
1843 2506 1994 2558 occurrat
2027 2494 2121 2560 malis

118 2583 214 2657 parte
243 2574 401 2642 habitare.
446 2575 643 2660 Quanquam
673 2599 732 2661 pro
761 2586 848 2644 certo
870 2578 953 2643 nihil
976 2599 1095 2655 assero,
1148 2580 1279 2654 nostris,
1298 2576 1562 2644 remediatamen
1580 2577 1730 2656 occultat,
1749 2578 1960 2644 donecfidem
1976 2590 2121 2646 nostram

117 2660 301 2743 probabilis
329 2671 440 2728 tamen
463 2673 513 2728 est
533 2664 721 2729 coniectura
748 2664 848 2732 fuisse
869 2685 890 2728 a
910 2673 1016 2730 matre
1038 2663 1095 2730 ad·
1149 2664 1341 2730 exercuerit.
1386 2663 1520 2728 Interea
1541 2663 1722 2730 notandum
1744 2675 1810 2742 est,
1843 2665 1928 2730 filios
1949 2663 2013 2730 Dei
2036 2687 2122 2732 nun-

118 2749 300 2814 monitum:
342 2769 447 2830 neque
479 2749 568 2814 enim
601 2748 638 2812 in
671 2757 764 2815 tanta
799 2770 971 2818 servorum
1002 2750 1097 2834 copia
1148 2770 1247 2832 quam
1276 2749 1398 2833 pollere
1425 2759 1492 2814 ιιιι
1522 2750 1656 2816 robusta
1682 2750 1881 2822 constantia,
1914 2752 1993 2834 quin
2025 2752 2122 2818 simul

119 2833 230 2900 defuit
257 2833 363 2900 fidelis
390 2835 538 2900 nunclus.
590 2835 636 2900 Ει
661 2833 758 2900 facile
786 2857 828 2902 ex
856 2837 966 2902 verbis
992 2835 1096 2902 Μοιιι
1148 2836 1258 2902 carnia
1287 2836 1461 2902 infirmitas
1483 2836 1517 2900 iu
1539 2835 1605 2902 illis
1627 2856 1662 2902 se
1683 2834 1808 2920 prodat.
1852 2836 1938 2901 Nam
1961 2839 2016 2920 qui
2038 2838 2123 2904 fidu·

117 2920 305 3004 colligitur,
334 2929 511 3003 antequam
540 2929 662 2986 terram
690 2920 859 3004 ingressus
880 2930 967 2989 esset
987 2920 1094 2999 Iacob,
1148 2922 1233 2987 ciam
1254 2922 1478 3006 imaginantur
1506 2923 1596 2987 omni
1625 2924 1741 2988 tImore
1768 2942 1921 3003 vacuam,
1952 2944 2122 3008 nunquam

118 3006 161 3071 de
195 3027 282 3072 novo
301 3006 426 3076 ,ιιιιιιι
446 3005 625 3078 ,domicilio
664 3007 801 3074 misisse
832 3006 867 3073 id
897 3007 982 3091 quod
1015 3015 1095 3075 erat.
1148 3017 1326 3091 gustarunt
1347 3007 1502 3091 quidnam
1525 3008 1569 3073 sit
1592 3029 1670 3073 vera
1691 3007 1781 3074 fides.
1827 3009 1902 3074 Non
1925 3010 2012 3074 euim
2034 3032 2069 3076 se
2087 3012 2122 3077 in

120 3091 255 3159 Scimus
287 3099 398 3158 autem
430 3091 536 3157 multa
567 3091 638 3158 eius
667 3093 797 3172 generis
825 3115 845 3158 a
872 3095 967 3162 Mose
994 3095 1097 3161 fuisse
1150 3093 1239 3160 huuc
1278 3095 1378 3160 finem
1407 3094 1569 3159 Dominus
1604 3094 1698 3160 nobis
1734 3093 1846 3161 adfore
1875 3096 2050 3178 promittit,
2086 3105 2123 3164 ιιι

116 3178 243 3244 omissa
281 3197 365 3261 quae
402 3176 578 3246 lectoribus
610 3178 705 3244 facile
737 3181 772 3246 in
804 3187 951 3246 mentem
984 3180 1097 3248 venire
1149 3179 1365 3262 periculorum
1389 3200 1488 3246 sensu
1511 3187 1626 3248 exuat:
1649 3180 1706 3246 sed
1730 3200 1771 3246 ue
1793 3181 1984 3262 praevaleat
2004 3191 2121 3262 metus,

118 3274 269 3350 possunt.
1148 3277 1182 3330 et
1204 3286 1263 3330 uos
1290 3263 1514 3348 desperatione
1543 3265 1667 3332 obruat.
1713 3264 1808 3331 Adde
1837 3266 1924 3349 quod
1951 3289 2121 3354 nunquam

208 3350 239 3415 4.
266 3347 319 3416 Sic
345 3349 455 3416 duee
477 3349 601 3416 ἅοιιιιιιο
629 3371 702 3418 mec.
754 3349 877 3417 Narrat
905 3350 960 3419 hic
987 3351 1097 3418 Moses
1148 3352 1239 3417 omni
1261 3371 1302 3416 ex
1324 3358 1416 3432 parte
1436 3349 1540 3418 solida
1561 3361 1611 3418 est
1633 3361 1747 3420 nostra
1774 3351 1907 3430 fiducia,
1940 3365 1977 3420 ut
2004 3375 2123 3438 pravas

117 3455 222 3519 quarn
244 3435 362 3501 anxius
384 3433 485 3500 fuerit
505 3434 603 3502 Iacob
624 3437 659 3502 in
682 3435 840 3520 placando
862 3438 970 3503 fratre.
1012 3435 1098 3522 Sup·
1149 3437 1369 3502 dubitationes
1386 3446 1419 3502 et
1441 3438 1574 3502 vitiosos
1592 3447 1699 3503 metus
1719 3437 1867 3520 repellat,
1890 3440 1986 3506 sicuti
2008 3449 2123 3523 optau-

117 3521 200 3606 plcx
228 3523 317 3588 enim
345 3523 407 3586 ista
434 3520 619 3605 deprecatio
648 3522 779 3589 nonnisi
809 3523 936 3608 ingenti
966 3545 1003 3590 ao
1026 3523 1096 3590 diro
1149 3523 1226 3588 dum
1250 3523 1342 3588 foret.

116 3608 271 3674 cruciatu
302 3616 433 3674 extorta
465 3608 536 3674 fuit.
587 3606 655 3674 Sed
687 3608 820 3674 ridetur
851 3609 994 3675 absurda
1026 3630 1097 3676 esse
1236 3610 1265 3674 l.
1289 3607 1333 3672 Et
1352 3607 1463 3674 diuisit
1478 3605 1640 3688 populeus.
1679 3607 1796 3674 Refert
1816 3610 1940 3687 Moses,
1960 3611 2058 3678 Iacob
2081 3633 2123 3680 ex

117 3693 306 3773 submissio,
328 3713 393 3775 qua
414 3689 595 3759 dominium
615 3693 664 3759 illi
682 3693 803 3772 defert,
826 3715 972 3778 proquo
994 3715 1097 3777 usque
1149 3715 1185 3760 re
1207 3695 1369 3776 praesenti
1397 3694 1522 3775 cepisse
1551 3692 1731 3760 consilium.
1778 3695 1951 3760 Familiam
1977 3697 2065 3762 enirn
2087 3699 2122 3764 in

117 3779 164 3844 ad
186 3780 277 3844 vitae
298 3778 474 3846 discrimen
496 3791 687 3846 certaverat.
728 3779 767 3846 Si
789 3782 877 3846 enim
898 3782 1096 3865 primogeui·
1149 3781 1230 3844 duas
1259 3790 1385 3845 turmas
1413 3777 1579 3857 dividens,
1613 3779 1748 3845 ancillae
1777 3781 1885 3863 priore
1907 3782 1976 3847 loco
1998 3783 2121 3863 statuit,

117 3872 249 3932 tuaest
268 3865 366 3941 Ειιιι,
391 3865 468 3947 quid
490 3866 552 3931 sibi
576 3864 744 3932 residuum
761 3866 840 3932 facit
856 3865 974 3932 Iacob?
998 3887 1095 3949 quor·
1148 3877 1186 3930 ut
1207 3866 1349 3950 primum
1373 3864 1541 3940 insultum,
1568 3866 1596 3930 si
1618 3867 1665 3929 ita
1687 3887 1820 3932 necesse
1842 3867 1900 3938 sit.
1923 3870 2122 3935 sustineant:

117 3971 198 4016 sum
230 3951 365 4016 attinuit
397 3959 528 4016 tantum
560 3952 623 4017 sibi
654 3973 820 4018 accersere
849 3950 1010 4030 invidiae,
1047 3961 1097 4018 tot
1148 3973 1267 4018 uxores
1302 3967 1379 4016 sero
1418 3950 1536 4016 liberae
1577 3950 1703 4034 lougius
1736 3971 1756 4014 a
1788 3952 1930 4035 periculo
1962 3952 2121 4020 subducit.

119 4036 237 4103 subire
256 4035 454 4114 discrimina,
473 4047 507 4102 et
518 4035 652 4103 tandem
670 4038 789 4121 viginti
809 4057 970 4104 annorum
981 4036 1097 4104 exsilio
1148 4039 1257 4120 Atque
1275 4036 1353 4102 hinc
1370 4035 1499 4119 quidem
1517 4035 1709 4119 colligimus,
1729 4058 1793 4102 nou
1811 4040 1857 4104 ita
1874 4040 2122 4120 expavefactum

116 4120 276 4196 multari.
310 4123 339 4187 si
360 4143 448 4189 nunc
475 4142 510 4188 se
539 4123 634 4188 fratri
662 4123 820 4194 subiicere
849 4144 916 4190 uon
943 4121 1094 4190 recusat?
1147 4124 1247 4188 fuisse
1269 4121 1366 4190 Iacob
1386 4122 1465 4204 quin
1488 4142 1540 4187 res
1562 4141 1638 4187 suas
1659 4133 1877 4204 componeret.
1914 4123 2044 4192 Scimus
2066 4126 2123 4192 ubi

117 4208 336 4292 Respondes,
381 4206 465 4291 quod
504 4207 685 4275 dominium
722 4211 901 4292 temporale
939 4208 1095 4286 concedit,
1148 4210 1285 4291 panicus
1307 4219 1412 4274 terror
1436 4219 1572 4290 occupat
1589 4208 1723 4285 animos,
1747 4208 1830 4273 nihil
1853 4223 2025 4292 suppetere
2046 4233 2122 4278 cou-

117 4295 202 4360 hinc
223 4293 307 4360 nihil
329 4293 484 4361 decedere
501 4315 640 4362 arcanae
662 4294 897 4362 benedictionis
918 4296 992 4360 iuri.
1026 4291 1097 4362 Scit
1148 4295 1228 4373 silii,
1262 4294 1319 4359 sed
1353 4292 1443 4359 velut
1476 4295 1645 4358 exanimes
1678 4307 1810 4376 stupere
1844 4297 1898 4377 qui
1928 4297 2024 4362 rebus
2052 4299 2121 4363 suis

107 4379 276 4446 ¹effectum
295 4377 426 4446 ιιιιιιιιι
437 4382 660 4463 promissionis
673 4379 781 4450 adhuc
794 4402 866 4448 esse
884 4400 1095 4465 suspensum:
1147 4381 1335 4465 prospicere
1372 4379 1537 4446 deberent.
1592 4377 1682 4463 Ergo
1715 4400 1757 4449 ex
1796 4379 1871 4444 fidei
1910 4382 2028 4466 spiritu
2059 4383 2122 4451 hoc

116 4487 203 4550 ergo
230 4486 288 4548 spe
315 4467 447 4532 futurae
474 4465 686 4534 haereditatis
712 4477 904 4545 contentus,
937 4469 973 4533 in
1003 4486 1096 4549 prae·
1148 4467 1305 4546 manavit,
1330 4465 1416 4548 quod
1436 4466 1579 4547 aliquam
1597 4462 1787 4530 distantiam
1810 4465 2006 4549 interposuit
2025 4468 2121 4536 Iacob

113 4553 230 4618 sentia
248 4571 314 4615 uon
337 4549 463 4618 dubitat
484 4552 621 4618 fratrem
639 4553 701 4619 sibi
720 4554 844 4619 honore
866 4553 1040 4638 praeferre,
1058 4573 1097 4618 ac
1147 4553 1234 4617 inter
1256 4551 1338 4618 duas
1360 4552 1501 4616 familiae
1523 4571 1603 4616 suae
1623 4563 1747 4633 partes,
1777 4572 1819 4616 ne
1841 4553 1870 4616 si
1892 4573 1957 4634 qua
1983 4554 2123 4621 instaret

114 4659 156 4704 se
183 4637 331 4720 profiteri
358 4637 427 4702 eius
455 4655 598 4704 servum.
643 4639 712 4705 Nec
742 4659 819 4705 vero
847 4639 883 4703 in
905 4638 958 4704 hia
987 4638 1096 4704 verbis
1148 4638 1270 4712 clades,
1301 4647 1405 4703 totum
1436 4637 1551 4702 saltem
1581 4635 1789 4702 intercideret
1817 4637 1971 4703 ecclesiae
1998 4661 2120 4706 seman.

113 4721 301 4806 quidquam
334 4723 446 4789 fictum
478 4723 555 4801 fuit,
589 4725 666 4807 quia
698 4734 832 4808 paratus
860 4735 932 4789 erat
959 4723 1097 4790 fratrem
1148 4724 1233 4789 Nam
1257 4724 1318 4790 hoc
1340 4723 1475 4788 oonsilio
1504 4721 1670 4787 dimidiam
1701 4735 1825 4803 partem
1854 4727 2043 4790 mactationi
2065 4727 2121 4792 ob·

115 4808 270 4874 humeris
292 4817 435 4890 portare:
458 4806 556 4874 modo
574 4811 684 4876 usius
702 4810 806 4876 futuri
824 4811 988 4893 temporis,
1010 4808 1096 4894 quod
1148 4808 1240 4887 tulit,
1274 4819 1312 4873 ut
1333 4808 1374 4874 ad
1397 4808 1537 4891 reliquos
1566 4809 1759 4891 superstites
1781 4807 1912 4873 tandem
1934 4814 2123 4893 perveniret

115 4895 234 4960 adhuc
256 4901 329 4958 erat
349 4893 584 4974 absconditum,
607 4895 766 4979 perderet.
1148 4891 1333 4961 haereditas
1354 4895 1525 4977 promissa.

211 4979 242 5046 5.
266 4977 349 5046 Sunt
369 4980 449 5046 mibi
470 4980 565 5046 boves.
605 4981 679 5047 Nou
702 4983 877 5048 iactantiae
899 5001 1000 5049 causa
1020 5003 1097 5049 suas
1233 4981 1263 5045 9.
1285 4978 1376 5046 Deus
1400 4983 1507 5060 patris
1535 4980 1596 5044 etei
1626 4978 1780 5044 Abrabae.
1833 4979 1946 5046 Rebus
1973 4983 2056 5060 suis,
2086 4995 2122 5050 ut

115 5066 258 5133 divitias
292 5065 457 5149 praedicat
484 5065 595 5147 Iacob,
627 5068 685 5133 sed
707 5077 744 5134 ut
771 5067 833 5136 hoo
855 5067 1011 5135 modoad
1036 5067 1097 5133 hu·
1147 5086 1303 5148 praesens
1323 5065 1478 5131 suadebat
1500 5065 1685 5141 necessitas,
1709 5063 1883 5148 dispositis,
1905 5068 1969 5132 iam
1989 5068 2030 5133 ad
2047 5090 2122 5153 pre-

116 5153 317 5218 munitatem
349 5153 500 5220 flectatur
532 5153 630 5220 Esau.
681 5154 790 5220 Nimis
821 5155 909 5222 enim
937 5165 1032 5237 turpe
1059 5173 1097 5219 ac
1148 5173 1202 5219 ees
1224 5173 1260 5218 se
1281 5152 1452 5217 convertit.
1498 5151 1604 5216 Testis
1634 5165 1744 5214 autem
1767 5163 1817 5216 est
1838 5151 1918 5215 hacc
1948 5156 2121 5238 praecatio,

118 5237 317 5322 pudendum
344 5237 472 5317 fuisset,
505 5239 615 5321 quiin
641 5240 820 5324 longinqua
844 5251 932 5307 terra
954 5261 1012 5323 per
1034 5240 1096 5304 Dei
1148 5259 1213 5302 non
1236 5237 1336 5304 fuisse
1364 5249 1457 5301 tanto
1487 5247 1576 5302 metu
1603 5256 1794 5318 oppressum
1822 5243 1971 5303 sanctum
2002 5241 2121 5326 virum,

115 5324 268 5410 gratiam
303 5322 427 5390 ditatas
459 5326 579 5405 fuerat,
611 5326 800 5393 immaniter
832 5328 954 5412 fugare.
1000 5323 1095 5394 Adde
1147 5325 1227 5406 quin
1259 5324 1381 5389 victrix
1414 5334 1597 5407 emergeret
1622 5321 1714 5388 fides.
1766 5323 1880 5406 Neque
1912 5326 1999 5390 enim
2028 5325 2122 5394 dubi·

1864 5422 1915 5477 28*
