5022 6192
1015 421 1381 490 PROLEGOMENA.
2119 423 2209 491 XIII

210 610 333 677 Isaiam
361 609 572 692 scripserunt.
608 610 649 675 Iu
671 609 871 692 praefatione
892 609 932 676 ad
955 611 1103 678 Psalmos
1127 610 1167 677 de
1188 611 1318 678 Bucero
1340 619 1374 677 et
1395 611 1546 678 Musoulo
1568 611 1636 698 agit
1643 635 1652 692 ;
1675 611 1715 677 de
1737 611 1991 679 Melancbthoue
2014 612 2209 699 Bullingero

210 737 244 787 et
265 719 377 804 eodem
400 721 529 787 Buoero
551 721 718 805 Epistulas
748 720 788 786 ad
811 721 979 788 Romanos
1008 721 1241 806 interpretibus
1270 723 1305 787 in
1335 723 1470 806 epistola
1492 724 1730 806 nuncupatoria
1761 744 1872 790 mense
1894 724 2036 792 Octobre
2060 725 2145 791 1539
2167 725 2210 792 da

211 834 408 918 Grynaeum
430 831 517 898 data.
563 832 615 897 lix
639 852 703 916 qua
725 832 882 897 nonnulla
905 832 1077 918 decerpere
1099 834 1194 899 liceat
1215 833 1384 901 hocloco:
1418 833 1589 900 Sentiebat
1609 847 1747 919 uterque
1773 845 1936 917 nostrum,
1966 836 2085 921 inquit,
2115 858 2209 922 prae·

210 946 341 1029 oipuam
363 944 553 1027 interpretis
575 945 731 1009 virtutem
760 944 794 1008 iu
825 945 996 1028 perspicua
1024 945 1182 1012 brevitate
1205 967 1276 1012 esse
1298 946 1446 1030 positam.
1491 947 1537 1012 Et
1565 967 1644 1013 sane
1668 968 1770 1031 quum
1797 947 1859 1013 hoc
1888 950 1931 1015 sit
1952 969 2053 1034 prope
2075 949 2209 1016 unicum

209 1058 300 1123 illius
320 1056 475 1135 officium,
498 1065 643 1121 mentem
665 1056 833 1138 scriptoris
853 1076 951 1140 quem
973 1056 1203 1141 explicandum
1225 1059 1367 1141 sumpsit
1388 1059 1578 1142 patefacere,
1602 1067 1762 1142 quantum
1785 1061 1826 1126 ab
1847 1082 1887 1126 ea
1909 1059 2046 1128 lectores
2068 1059 2209 1140 abducit,

210 1166 408 1235 tantundem
431 1187 451 1232 a
472 1185 568 1250 soopo
590 1187 649 1232 suo
670 1165 815 1242 aberrat,
843 1168 895 1234 vel
918 1177 1005 1234 certe
1027 1191 1047 1233 a
1068 1169 1136 1234 suis
1163 1168 1284 1235 finibus
1304 1169 1539 1252 quodammodo
1561 1180 1729 1255 evagatur.
1773 1171 1889 1255 Itaque
1911 1171 2138 1256 cupiebamus,
2167 1194 2210 1238 ex

210 1273 327 1346 eo'rum
351 1299 488 1344 numero
515 1277 632 1362 quibus
660 1280 693 1342 in
723 1278 784 1344 hoc
813 1279 934 1345 laboris
966 1299 1086 1364 genera
1114 1279 1311 1364 theologiam
1342 1281 1455 1347 iuvare
1484 1280 1580 1347 hodie
1608 1283 1811 1366 propositum
1839 1293 1904 1363 est,
1935 1305 2038 1350 unum
2069 1284 2210 1367 aliquem

210 1401 340 1460 exstare
361 1391 418 1475 qui
440 1402 473 1455 et
494 1389 642 1456 facilitati
665 1389 825 1470 studeret,
855 1399 888 1456 et
910 1389 1009 1456 simul
1032 1389 1124 1456 daret
1146 1412 1279 1476 operam
1301 1414 1344 1456 ue
1365 1391 1500 1476 prolixis
1521 1393 1762 1460 commentariis
1784 1394 1944 1461 studiosos
1968 1393 2209 1462 ultramodum

210 1505 382 1571 detineret.
426 1502 529 1568 Porro
553 1522 666 1567 versus
687 1502 786 1566 finem
809 1499 890 1567 haec
911 1501 1017 1568 addit:
1049 1503 1175 1568 Verum
1203 1503 1462 1569 animadvertere
1491 1525 1620 1588 semper
1650 1505 1756 1583 licuit,
1786 1506 1859 1571 illos
1881 1505 1985 1589 ipsos,
2007 1508 2125 1590 quibus
2147 1527 2207 1574 nec

208 1616 341 1700 pietatis
363 1613 508 1681 studium
531 1612 666 1689 deesset,
690 1613 805 1680 necin
828 1613 1007 1678 tractandis
1028 1613 1091 1678 Dei
1113 1615 1277 1694 mysteriis
1300 1615 1414 1700 religio
1435 1634 1473 1680 ac
1494 1617 1670 1696 sobrietas,
1699 1636 1903 1700 nequaquam
1926 1618 2044 1701 ubique
2064 1618 2150 1683 iuter
2172 1639 2208 1685 se

209 1727 423 1794 consensisse.
459 1725 638 1808 Nunquam
660 1725 747 1791 enim
769 1731 861 1790 tanto
883 1725 1040 1792 beneficio
1062 1746 1175 1792 servos
1198 1748 1273 1793 suos
1296 1727 1450 1810 dignatus
1473 1739 1523 1794 est
1543 1727 1649 1807 Deus,
1680 1737 1718 1794 ut
1740 1729 1862 1814 singuli
1883 1727 1981 1814 plena
2000 1730 2208 1814 perfectaque

208 1842 298 1906 omni
320 1859 363 1905 ex
385 1845 478 1920 parte
498 1837 718 1920 intelligentia
741 1835 879 1919 praediti
900 1848 1021 1902 esseut:
1056 1859 1117 1904 uec
1145 1836 1280 1904 dubium
1310 1840 1389 1922 quin
1419 1861 1457 1905 eo
1484 1839 1619 1907 oonsilio
1649 1851 1687 1905 ut
1709 1861 1769 1906 nos
1789 1841 1825 1905 iu
1848 1841 2034 1907 humilitate
2055 1843 2208 1925 primum,

209 1951 327 2018 deiude
354 1949 656 2016 eommunicationis
683 1949 847 2014 fraternae
875 1947 982 2014 studio
1010 1951 1174 2015 retineret.
1225 1950 1317 2034 Ergo
1346 1971 1446 2033 quum
1478 1951 1676 2034 sperandum
1702 1953 1737 2016 in
1765 1955 1929 2036 praesenti
1959 1953 2029 2018 vita
2056 1973 2123 2018 nou
2152 1952 2206 2031 sit,
2241 1935 2243 1955 ¹

209 2063 296 2149 quod
318 2062 462 2128 maxime
483 2059 603 2143 alioqui
626 2059 805 2145 optandum
827 2067 922 2138 asset,
944 2061 1036 2126 utin
1059 2060 1338 2144 loeisSaripturae
1359 2061 1582 2147 intelligendis
1605 2071 1764 2147 perpetua
1781 2064 1824 2130 sit
1845 2063 1932 2130 iuter
1950 2085 2008 2130 uos
2026 2063 2207 2146 consensio,

207 2175 317 2242 danda
338 2182 390 2240 est
410 2192 509 2256 opera
530 2181 567 2238 ut
589 2171 682 2237 uullu
704 2171 849 2238 novandi
869 2167 1007 2237 libidine
1027 2174 1162 2252 incitati,
1185 2173 1276 2238 nulla
1297 2172 1474 2257 sugillandi
1492 2173 1572 2240 alios
1590 2174 1768 2258 cupiditate
1786 2175 1927 2259 impulsi,
1949 2174 2041 2242 nullo
2058 2174 2207 2260 instigati

207 2287 291 2365 odio,
314 2285 406 2350 nulla
422 2284 598 2349 ambitione
616 2283 750 2361 titillati,
768 2282 825 2349 sed
844 2285 913 2350 sola
931 2285 1123 2351 ueoessitate
1140 2284 1251 2361 macti,
1270 2305 1331 2350 nee
1349 2283 1437 2349 aliud
1454 2295 1650 2368 quaerentes
1667 2306 1765 2369 quam
1782 2286 1945 2368 prodesse,
1964 2308 1984 2353 a
2000 2288 2207 2372 superiorum

207 2398 380 2466 sententiis
402 2394 621 2462 discedamus:
649 2393 767 2459 deiude
795 2402 832 2460 ut
855 2394 886 2460 id
909 2397 968 2462 fiat
988 2397 1023 2462 in
1046 2394 1237 2479 Scripturas
1266 2396 1484 2479 expositione,
1512 2396 1548 2460 iu
1577 2395 1748 2484 religionis
1775 2403 1886 2464 autem
1916 2397 2139 2484 dogmatibus,
2170 2397 2206 2463 iu

206 2510 326 2596 quibua
349 2507 523 2593 praecipue
545 2506 647 2573 voluit
669 2505 834 2573 Dominus
856 2516 1091 2574 consentaneas
1113 2529 1183 2572 esse
1205 2527 1338 2573 suorum
1357 2517 1494 2587 mentes,
1518 2507 1628 2575 miuus
1649 2515 1800 2576 sumatur
1821 2509 1990 2576 libertatis
2034 2511 2127 2576 Haec
2148 2507 2205 2575 ille

205 2627 241 2689 in
264 2621 418 2707 primitiis
440 2618 623 2685 studiorum
645 2637 777 2683 suorum
800 2619 1050 2704 exegeticorum.

276 2817 279 2824 Ι
361 2732 475 2814 Neque
496 2729 630 2796 anobis
651 2729 828 2812 impetrare
849 2750 1024 2812 possumus
1045 2737 1084 2794 ut
1104 2736 1347 2814 praetereamus
1369 2749 1451 2814 quae
1473 2731 1508 2796 iu
1530 2731 1732 2816 praefatione
1753 2731 1978 2799 commentarii
2000 2731 2036 2796 in
2055 2730 2205 2796 Psalmos

203 2844 316 2924 habet,
336 2842 546 2910 celeberrima
566 2839 624 2907 illa
645 2850 679 2907 et
700 2839 843 2925 alioquin
865 2841 951 2907 lectu
973 2840 1179 2924 dignissima,
1208 2841 1265 2908 ubi
1285 2841 1372 2907 inter
1400 2841 1465 2908 alia
1487 2841 1568 2910 haee
1590 2844 1759 2929 leguntur:
1790 2843 1984 2921 „Caeterum
2014 2842 2042 2908 si
2071 2842 2164 2908 labor
2186 2863 2206 2908 a

203 2958 317 3024 mein
340 2955 393 3020 his
414 2951 656 3020 commentariis
677 2960 830 3036 sumptus
858 2953 1034 3019 lectoribus
1055 2952 1214 3036 proderit,
1242 2953 1348 3020 sciant
1376 2954 1608 3034 certaminum,
1637 2955 1755 3039 quibus
1780 2975 1835 3019 me
1856 2952 2020 3021 Dominus
2048 2953 2204 3032 exercuit,

204 3067 411 3153 experientia
432 3085 485 3130 ma
508 3085 574 3129 non
595 3063 804 3130 mediocriter
825 3065 926 3130 fuisse
948 3065 1113 3144 adiutum,
1138 3083 1204 3130 uon
1226 3065 1322 3131 modo
1343 3074 1381 3129 ut
1402 3065 1680 3132 accommodarem
1702 3067 1743 3132 ad
1764 3075 1971 3150 praesentem
1991 3087 2089 3132 usum
2111 3063 2204 3149 quid-

204 3181 286 3265 quid
297 3179 435 3246 licuerat
445 3176 611 3244 doctrinae
629 3175 790 3261 colligere,
809 3175 866 3242 sed
886 3185 923 3242 ut
940 3176 981 3244 ad
999 3175 1170 3242 eonsilium
1189 3177 1356 3260 scriptoris
1366 3163 1523 3262 cuiusque
1533 3177 1734 3261 psalmorum
1748 3176 1999 3263 intelligendum
2011 3175 2204 3242 familiarior

202 3299 337 3378 pateret
359 3290 420 3356 via.
464 3289 510 3354 Et
531 3309 633 3370 quum
655 3289 816 3356 intereos
838 3289 1034 3372 praecipuos
1064 3289 1108 3354 sit
1126 3289 1253 3366 David,
1286 3299 1323 3354 ut
1345 3289 1415 3356 eius
1443 3288 1662 3373 querimonias
1690 3287 1729 3355 de
1751 3289 1917 3356 intestinis
1935 3289 2088 3356 ecclesiae
2108 3287 2203 3354 malis

200 3405 335 3490 plenius
358 3419 603 3486 cognoscerem,
632 3401 713 3466 mihi
740 3420 807 3464 nou
832 3421 946 3482 parum
968 3399 1092 3482 profuit
1113 3399 1227 3466 eadem
1255 3421 1337 3483 quae
1365 3403 1437 3484 ipsc
1455 3399 1619 3483 deplorat,
1651 3408 1710 3465 aut
1736 3399 1856 3466 similia
1876 3421 2068 3483 perpessum
2090 3421 2160 3466 esse
2183 3419 2203 3464 a

202 3514 393 3584 domesticis
415 3511 569 3580 eeclesiae
591 3510 748 3578 hostibus.
793 3512 908 3595 Neque
930 3511 1027 3590 enim,
1049 3511 1199 3595 quamvis
1221 3511 1261 3577 ab
1284 3532 1322 3576 eo
1343 3510 1533 3597 longissime
1556 3511 1688 3591 dutum,
1718 3511 1784 3577 imo
1803 3510 1845 3577 ad
1865 3511 1986 3576 multas
2008 3510 2123 3593 quibus
2144 3531 2202 3575 ex-

199 3628 316 3698 celluit
338 3627 477 3693 virtutes
499 3643 596 3708 aegro
616 3623 766 3708 lenteque
788 3622 959 3706 adspirans
981 3621 1153 3690 contrariis
1176 3623 1265 3690 vitiis
1294 3623 1402 3692 adhuc
1423 3623 1584 3702 laborem,
1613 3623 1643 3690 si
1671 3621 1750 3707 quid
1780 3631 1890 3690 tamen
1919 3621 2000 3688 mihi
2029 3643 2104 3690 cum
2131 3622 2201 3706 ipso

199 3758 378 3809 commune
399 3745 458 3814 est,
481 3735 627 3802 conferre
648 3735 747 3818 piget.
780 3735 872 3818 Ergo
893 3735 1042 3818 quamvis
1059 3736 1147 3800 iuter
1164 3734 1304 3820 legenda
1321 3735 1406 3819 fidoi,
1428 3735 1615 3820 patientiae,
1638 3735 1773 3814 ardoris,
1795 3735 1866 3814 asli,
1887 3734 2085 3820 integritatis
2103 3733 2201 3800 docu-

198 3859 317 3918 menta
339 3847 458 3914 merito
479 3845 668 3912 innumeros
685 3845 766 3910 mihi
783 3847 925 3930 gemitus
942 3844 1173 3912 dissimilitudo
1190 3847 1397 3929 expresserit,
1420 3867 1617 3932 magnopere
1635 3856 1746 3913 tamen
1764 3847 1884 3930 profuit
1905 3847 1997 3931 quasi
2014 3845 2049 3910 in
2071 3844 2202 3928 speculo

199 3981 339 4029 cernere
362 3969 432 4024 tum
456 3956 634 4022 vocationis
656 3976 746 4022 meae
768 3956 910 4036 exordia,
933 3964 1004 4022 tum
1025 3958 1217 4024 continuum
1234 3956 1412 4025 functionis
1429 3979 1573 4040 cursum,
1595 3967 1633 4024 ut
1653 3958 1809 4043 quidquid
1826 3958 2127 4042 praestantissimus
2145 3956 2201 4022 ille

198 4095 264 4140 rex
285 4084 320 4138 et
341 4070 501 4155 propheta
522 4067 656 4150 pertulit
678 4067 759 4133 mihi
781 4067 822 4134 ad
845 4069 1057 4134 imitationem
1080 4069 1180 4135 fuisso
1200 4071 1402 4153 propositum
1425 4071 1545 4137 certius
1567 4075 1794 4154 agnoscerem“
1820 4083 1880 4137 etc.

360 4182 464 4247 Nemo
491 4199 570 4246 sane
598 4180 756 4246 acerrimo
786 4178 832 4245 illi
860 4179 1067 4263 evangelicae
1095 4181 1276 4260 doetrinae,
1305 4182 1409 4264 qualis
1432 4204 1452 4246 a
1472 4182 1739 4248 reformatoribus
1762 4182 1882 4264 exponi
1909 4180 2049 4258 solebat,
2078 4181 2199 4246 vindici

196 4295 284 4364 vitio
305 4301 414 4362 vertet
435 4293 520 4376 quod
543 4313 607 4356 non
631 4310 755 4356 meram
778 4297 811 4355 et
832 4289 986 4376 frigidam
1009 4291 1166 4358 librorum
1189 4313 1356 4360 sacrorum
1379 4293 1681 4378 interpretationem
1704 4293 1921 4372 affectaverit,
1950 4292 2079 4377 qualem
2102 4299 2200 4356 antea

196 4408 238 4474 in
262 4405 421 4474 Senecam
443 4401 598 4482 ediderat,
621 4400 756 4468 dictioni
777 4401 898 4468 latinae
920 4403 1146 4484 explanandae
1167 4405 1238 4470 fere
1258 4405 1354 4470 unice
1376 4405 1531 4471 intentus.
1577 4405 1649 4472 Imo
1672 4406 1787 4471 merito
1817 4407 1929 4471 mirari
1952 4404 2068 4488 uliquis
2089 4416 2199 4488 posset

197 4518 231 4585 si
253 4520 288 4582 in
311 4517 368 4582 tali
391 4512 498 4580 studio
520 4513 701 4580 subsistens
719 4515 767 4579 rei
785 4522 818 4579 et
835 4513 989 4580 ecelesiae
1006 4514 1202 4583 satisfecisse
1224 4515 1286 4582 sibi
1308 4519 1399 4583 visus
1419 4516 1543 4583 fuisset.
1577 4515 1704 4582 Verum
1723 4537 1790 4581 nou
1808 4516 1913 4581 solum
1931 4516 1967 4581 in
1985 4515 2198 4586 discutiendis

197 4625 449 4714 quaestionibus
475 4624 682 4709 theologicis,
716 4624 781 4690 illis
810 4625 954 4690 maxime
982 4646 1063 4710 quae
1091 4635 1169 4693 tune
1197 4647 1275 4712 prae
1304 4629 1439 4694 caeteris
1468 4627 1692 4713 agitabantur,
1720 4627 1844 4694 multus
1869 4635 1919 4693 est
1947 4643 1979 4692 et
2006 4625 2198 4711 quaudoque

195 4740 371 4827 prolixior,
394 4738 451 4804 sed
472 4736 568 4803 facila
590 4757 624 4802 sc
646 4745 741 4801 extra
763 4735 851 4802 riam
874 4737 978 4821 abripi
1001 4737 1124 4822 patitur
1147 4736 1201 4804 ubi
1225 4740 1258 4804 iu
1276 4739 1451 4823 papisticus
1472 4761 1597 4806 errores
1615 4749 1648 4804 et
1667 4740 1787 4806 veteris
1809 4738 1963 4805 eeclesiae
1980 4738 2099 4822 placita
2115 4757 2197 4820 puro

196 4851 373 4936 evangelio
394 4851 503 4914 miuus
526 4865 742 4913 consentanea
762 4847 885 4928 incidit,
908 4859 941 4914 et
962 4850 1135 4931 quominus
1157 4870 1195 4916 ea
1213 4862 1347 4918 strenue
1363 4850 1537 4934 profligare
1555 4850 1766 4935 aggrediatur
1788 4872 1808 4916 a
1826 4871 1861 4916 se
1878 4851 2053 4933 impetrare
2075 4851 2195 4933 nequit.

358 4960 529 5043 Quatenus
551 4962 584 5023 iu
607 4982 667 5024 usu
696 4959 875 5044 theologico
897 4960 1029 5027 Veteris
1052 4962 1254 5026 Testamenti
1283 4961 1344 5027 sibi
1372 4983 1438 5027 non
1460 4963 1658 5041 eonstiterit,
1687 4961 1768 5027 illud
1795 4984 1816 5026 a
1834 4961 1929 5028 Novo
1956 4961 2135 5027 formaliter
2162 4975 2196 5025 et

194 5097 356 5159 expresso
379 5073 593 5156 distinguens,
617 5093 731 5136 revera
753 5082 862 5137 autam
884 5072 989 5155 quoad
1012 5075 1179 5138 materiam
1201 5094 1276 5138 cum
1299 5075 1412 5139 eodem
1435 5074 1644 5152 confundens,
1667 5072 1702 5137 id
1721 5074 1843 5158 optime
1861 5071 2193 5139 demonstravitfrud.

194 5185 329 5254 Diestel
352 5187 387 5249 in
408 5183 492 5249 libro
514 5204 615 5266 supra
637 5182 766 5248 laudato
788 5202 861 5266 pag.
885 5183 947 5247 241
971 5205 1036 5267 seq.
1082 5182 1260 5268 Speciatim
1288 5184 1393 5269 legem
1424 5185 1599 5250 mosaicam
1628 5195 1729 5250 totam
1757 5184 1798 5250 ad
1828 5185 1940 5250 decem
1967 5184 2024 5250 illa
2045 5184 2195 5251 sinaitiua

192 5305 374 5386 praecepta
396 5295 498 5378 exigit
519 5305 614 5377 atque
638 5294 819 5371 distribuit,
849 5297 968 5377 quippe
989 5317 1071 5378 quac
1095 5295 1280 5360 hominibus
1307 5295 1492 5362 christianis
1521 5297 1620 5360 etiam
1650 5296 1872 5380 regularitas
1897 5305 1931 5361 et
1960 5317 2088 5360 morum
2116 5297 2192 5362 sint.
