4962 6192
132 396 184 460 601
253 407 258 415 ’
775 391 1146 461 COMMENTARIUS
1168 393 1218 460 ΓΝ
1241 391 1454 459 GENESIN.
2050 396 2113 460 602

129 580 378 668 pmphetaeeius
396 581 501 646 ruinis
519 582 618 646 finem
635 582 743 648 lacere
757 581 898 648 reditum
917 582 957 646 ab
976 581 1091 647 exsilio
1113 610 1119 726 ι
1143 583 1293 648 arbitror.
1349 581 1432 646 Dico
1465 578 1574 666 aliqua
1606 601 1649 646 ex
1682 587 1788 664 parte:
1829 583 1905 665 quia
1938 584 2020 648 nihil
2053 584 2115 650 hcc

132 667 324 752 babylonico:
366 666 423 734 sed
455 688 558 750 quum
591 667 685 750 regni
717 669 987 734 instaurationem
1022 688 1090 732 non
1142 668 1258 734 cavillo
1281 667 1455 751 proliciunt
1476 665 1605 743 Iudaei,
1629 665 1668 731 ad
1692 667 1886 748 figmentum
1909 670 2039 734 venturi
2062 671 2114 736 sui

130 755 216 820 aliter
232 773 338 836 quam¹
349 753 460 836 templi
479 761 513 818 et
529 752 700 820 sacerdotii
712 753 913 837 promittant,
931 763 969 818 ut
987 752 1091 818 solida
1141 754 1282 820 Moesiae
1297 753 1466 818 trahentes
1478 759 1644 817 vetustum
1663 754 1758 836 regni
1780 753 1951 819 excidium.
1985 755 2114 821 Tenen·

129 839 241 906 veritas
263 837 357 904 nobis
379 847 522 918 constet,
553 859 685 906 necesse
714 851 763 904 cst
791 847 896 904 totum
918 847 1049 921 tempus
1072 860 1091 904 a
1142 839 1220 904 dum
1243 840 1332 905 enim
1355 839 1511 904 memoria
1532 844 1584 902 est
1611 835 1696 920 quod
1724 839 1814 920 prius
1836 838 2005 919 admonui,
2035 839 2111 905 dum

129 924 311 993 liberatione
339 945 442 1007 usque
471 923 512 989 ad
541 923 667 990 Christi
697 924 875 992 adventum
909 924 1089 1009 complecti.
1141 925 1239 992 Iacob
1266 946 1369 1008 usque
1398 923 1439 988 ad
1468 924 1609 988 Messiae
1639 923 1819 989 adventum
1849 925 2012 991 sustinere
2042 926 2114 991 vult

128 1012 280 1078 Perverse
301 1011 403 1094 igitur
426 1030 492 1074 non
514 1031 580 1075 uno
602 1019 731 1076 tantum
753 1009 820 1091 die,
841 1031 948 1093 neque
969 1012 1004 1075 in
1027 1031 1091 1075 uno
1142 1031 1276 1076 sucrum
1299 1011 1433 1087 animos,
1456 1031 1497 1074 ne
1516 1009 1672 1092 longioris
1691 1029 1800 1074 morae
1826 1010 1933 1075 taedio
1951 1010 2113 1092 deficiant,

128 1097 238 1179 eapite,
266 1095 323 1161 sed
351 1095 407 1161 diu
429 1103 464 1161 et
485 1095 586 1161 variis
615 1095 719 1162 modis
742 1115 859 1162 corona
879 1097 958 1176 fuit,
988 1095 1091 1161 donec
1142 1097 1307 1181 specimen
1346 1098 1380 1160 in
1422 1095 1593 1178 temporali
1631 1116 1732 1179 regno
1773 1116 1966 1179 proponere:
2008 1116 2045 1163 ao
2085 1099 2113 1164 si

127 1201 190 1249 eam
211 1182 301 1248 Deus
329 1180 462 1247 Christo
490 1201 549 1246 suo
576 1182 647 1264 regi
676 1181 823 1264 legitimo
856 1189 992 1264 aptaret.
1045 1182 1091 1248 Et
1143 1183 1296 1260 dixisset,
1326 1203 1390 1246 non
1420 1202 1491 1246 esse
1520 1201 1578 1246 cur
1606 1179 1775 1246 Israelitae
1805 1180 1947 1265 collapso
1974 1183 2113 1248 Davidis

126 1267 319 1336 certeIsaias
331 1265 456 1332 Christi
475 1267 635 1350 originem
654 1266 807 1334 describit
824 1266 920 1350 longe
942 1267 982 1334 ab
1001 1267 1090 1332 omni
1142 1289 1245 1352 regno
1267 1289 1341 1351 spes
1363 1287 1439 1332 suas
1460 1267 1526 1331 hac
1546 1265 1625 1331 illuc
1647 1267 1823 1332 inclinent:
1856 1270 1932 1350 quia
1960 1289 2025 1333 non
2048 1269 2113 1335 alia

127 1353 209 1437 regio
237 1351 409 1435 splendore
438 1352 593 1418 alienam:
627 1351 763 1418 Orietur
793 1350 924 1440 (inquit)
953 1353 1048 1438 virga
1072 1374 1090 1418 e
1142 1353 1293 1420 succedet
1314 1353 1452 1418 mutatio
1483 1373 1565 1435 quae
1588 1352 1652 1417 Dei
1678 1350 1896 1418 benedictioni
1917 1353 2115 1438 respondeat

126 1447 233 1504 trunco
261 1437 330 1506 Isai
359 1447 392 1503 et
416 1438 568 1504 surculus
595 1459 612 1502 a
640 1437 803 1504 radicibus
836 1440 905 1504 eius
938 1436 1092 1504 ascendet
1142 1440 1245 1506 donec
1273 1448 1429 1522 appareat
1460 1437 1656 1520 redemptor.
1707 1437 1803 1518 Quod
1836 1438 1961 1504 duriter
1991 1441 2113 1524 aliquot

125 1523 195 1590 lsai.
219 1525 268 1602 11,
294 1525 323 1589 1.
368 1523 438 1589 Cur
459 1523 525 1590 lsai
546 1524 654 1605 potios
680 1545 777 1606 quam
798 1521 963 1590 Davidem
985 1523 1089 1589 nomi·
1141 1545 1245 1592 annos
1273 1537 1350 1589 ante
1373 1523 1541 1588 Christum
1572 1523 1756 1589 exhibitum
1779 1533 1901 1590 vexata
1928 1545 2009 1609 gens
2042 1527 2111 1605 luit,

124 1622 192 1690 nat,
218 1611 283 1676 nisi
312 1609 387 1692 quia
414 1631 456 1674 ex
478 1609 602 1676 rustico
630 1611 752 1692 privati
780 1608 924 1675 hominis
957 1609 1090 1693 tugurio
1142 1632 1179 1677 ac
1201 1610 1367 1678 serviliter
1388 1630 1557 1694 oppressa,
1585 1609 1727 1674 mirabili
1749 1608 1813 1675 Dei
1835 1611 1969 1676 oonsilio
1990 1612 2113 1678 factum

124 1697 226 1778 potius
243 1715 342 1778 quam
359 1695 481 1760 illustri
498 1694 620 1778 palatio
637 1695 827 1780 proditurus
846 1706 917 1761 erat
928 1693 1088 1762 Messias?
1141 1707 1199 1776 est,
1217 1705 1255 1762 ut
1272 1696 1436 1762 continuis
1454 1694 1594 1760 stimulis
1612 1693 1653 1760 ad
1670 1695 1845 1778 optandam
1856 1695 2111 1780 redemptionem

126 1781 188 1848 Cor
209 1783 324 1847 arbore
347 1783 465 1858 excisa,
487 1781 569 1846 nihil
588 1788 719 1864 praeter
741 1792 894 1846 truncum
912 1788 946 1846 et
963 1780 1089 1847 radices
1141 1789 1375 1867 pungerentur.
1420 1780 1552 1845 Interea
1578 1789 1666 1846 stare
1687 1783 1832 1864 oportuit
1852 1781 1982 1865 aliquod
2004 1784 2113 1868 gentis

124 1867 285 1934 residuum
315 1868 407 1945 lacit,
435 1866 499 1932 nisi
528 1865 604 1948 quia
631 1865 671 1930 ad
694 1866 818 1932 Christi
851 1887 954 1950 usque
983 1868 1089 1931 mani·
1140 1889 1266 1951 corpus,
1284 1868 1319 1931 in
1339 1887 1403 1949 quo
1422 1868 1547 1950 vigeret
1564 1867 1745 1950 promissio.
1778 1867 1875 1932 Nunc
1894 1889 1995 1949 quum
2005 1872 2114 1952 patria

123 1953 323 2020 lactationem
335 1953 403 2018 fere
414 1951 549 2035 pedibus
561 1950 716 2018 calcanda
727 1964 797 2016 erat
807 1954 900 2036 regni
913 1949 1087 2018 maiestas?
1140 1963 1286 2020 extorres
1309 1975 1367 2036 per
1389 1951 1572 2035 quindecim
1601 1951 1668 2016 lere
1697 1952 1826 2018 saecula
1849 1953 2009 2036 dissipati,
2039 1957 2112 2020 abs-

123 2037 157 2105 Si
178 2040 248 2122 quis
272 2039 429 2122 excipiat,
453 2038 548 2102 aliter
569 2057 686 2103 sonare
708 2038 807 2104 verba
828 2037 941 2114 Iacob,
972 2037 1089 2104 solutio
1141 2061 1203 2123 que
1234 2039 1349 2123 politia
1386 2038 1529 2115 iaceant,
1570 2057 1633 2120 quo
1666 2047 1838 2121 praetextu
1871 2041 2034 2105 somniant
2069 2062 2112 2106 ex

122 2127 154 2190 in
174 2133 328 2209 promptu
350 2135 407 2198 eat,
431 2122 586 2206 quidquid
610 2144 753 2205 unquam
775 2124 867 2189 Deus
890 2123 929 2188 do
951 2136 1089 2189 externo
1142 2126 1294 2192 vaticinio
1317 2124 1414 2189 Iacob
1436 2131 1613 2190 venturum
1637 2124 1698 2188 sibi
1719 2122 1979 2207 redemptorem?
2011 2126 2113 2209 Equi·

122 2211 272 2277 ecclesiae
294 2217 384 2275 statu
406 2209 565 2292 promisit,
587 2209 634 2274 ita
652 2211 750 2275 foisse
768 2209 1030 2292 restringendum
1053 2220 1090 2273 ut
1142 2212 1216 2277 dem
1238 2217 1276 2276 ut
1297 2231 1409 2275 eorum
1432 2208 1610 2275 calamitati
1633 2230 1699 2273 non
1727 2208 1867 2274 libenter
1895 2211 2031 2289 insulto,
2064 2213 2112 2277 ita

120 2296 237 2362 iudicia
266 2316 325 2361 sua
353 2295 487 2360 interim
518 2305 686 2362 exerceret
714 2295 891 2378 puniendis
921 2295 1089 2360 hominum
1142 2298 1206 2362 nisi
1235 2318 1273 2362 ea
1302 2295 1430 2362 subacti
1458 2295 1567 2360 oculos
1595 2295 1762 2378 aperiunt,
1791 2295 1894 2360 libere
1923 2299 2112 2379 pronuncio,

120 2383 256 2466 peccatis
286 2379 449 2464 fidemque
477 2401 610 2446 suorum
639 2382 800 2463 probaret.
845 2380 927 2445 auia
958 2379 1089 2464 quidem
1142 2383 1257 2467 dignos
1289 2403 1360 2448 esse
1393 2380 1449 2464 qui
1482 2380 1599 2445 millias
1631 2379 1751 2464 absque
1791 2381 1934 2446 remedio
1966 2391 2111 2465 pereant.

120 2469 196 2534 haec
217 2488 285 2532 ιιοιι
308 2465 391 2532 levis
413 2467 559 2545 tentatio,
581 2487 682 2549 quum
705 2466 810 2531 tribus
831 2466 913 2531 luda
933 2467 969 2531 ia
991 2466 1089 2530 tertio
1140 2469 1222 2534 Fuit
1251 2475 1359 2533 autem
1389 2466 1470 2532 haee
1500 2466 1716 2532 continendae
1744 2465 1820 2530 fidei
1841 2466 1936 2532 valde
1964 2470 2112 2551 apposita

120 2573 311 2631 successore,
334 2553 457 2618 maiore
479 2552 573 2636 regni
590 2559 682 2636 parte
702 2552 824 2619 nudata
840 2551 911 2617 luit.
946 2551 1089 2618 Gravior
1141 2557 1239 2633 ratio,
1268 2551 1354 2636 quod
1384 2553 1546 2619 Dominus
1576 2551 1659 2617 filios
1681 2551 1776 2618 Iacob
1803 2550 1838 2616 in
1860 2574 1957 2617 unam
1989 2555 2112 2621 tribum

120 2639 213 2704 etiam
237 2647 375 2721 sequuta
403 2646 469 2716 est,
498 2659 600 2720 quum
630 2639 717 2720 regis
746 2637 806 2703 filii
827 2639 861 2702 iu
883 2639 988 2720 patrie
1011 2657 1089 2703 con·
1142 2639 1250 2705 oculos
1272 2639 1429 2706 coniicere
1452 2637 1564 2714 voluit,
1587 2659 1629 2702 ne
1652 2637 1727 2702 alibi
1745 2636 1881 2702 salutem
1901 2649 2110 2722 quaererent:

117 2733 225 2807 spectu
247 2723 390 2808 iugulati
411 2730 499 2804 sunt,
521 2725 591 2807 ipse
613 2724 715 2789 oculis
737 2723 862 2789 effossis
884 2722 1089 2807 Babylonem
1141 2745 1178 2792 ao
1201 2747 1241 2790 ne
1263 2745 1329 2808 qua
1351 2745 1406 2790 eos
1429 2744 1513 2806 vaga
1535 2723 1726 2806 imaginatio
1748 2723 1990 2808 circumegerat.
2036 2725 2111 2806 Quo

117 2817 237 2876 tractus
259 2823 326 2888 est,
353 2816 525 2892 totumque
551 2811 679 2893 regium
702 2831 812 2892 genus·
828 2810 961 2874 tandmn
984 2810 1088 2875 servi·
1140 2811 1240 2878 etiam
1268 2812 1333 2876 line
1362 2809 1545 2876 celebratur
1574 2808 1671 2873 huius
1699 2809 1842 2874 familiae
1870 2810 1998 2890 electio,
2033 2811 2110 2876 dum

116 2897 177 2960 tuti
195 2903 229 2960 et
251 2895 367 2960 exsilic
390 2892 564 2960 addictum.
603 2893 761 2960 Omnium
783 2914 862 2961 vero
883 2895 1087 2980 gravissima,
1141 2897 1270 2979 saepius
1292 2897 1326 2961 in
1349 2895 1491 2960 Psalmis
1513 2893 1678 2962 confertur
1698 2916 1772 2960 eum
1796 2895 1957 2978 Ephraim
1979 2905 2014 2962 et
2027 2897 2111 2962 reli·

116 3002 214 3064 quum
236 3001 391 3049 reversus
411 2981 448 3046 in
466 2989 589 3046 terram
609 2981 758 3064 populus.
781 2981 916 3045 minime
938 2989 1088 3046 cerneret
1140 2983 1228 3066 quis,
1259 3001 1297 3048 ac
1319 2982 1507 3065 praefertur.
1551 2979 1654 3046 Nobis
1675 2981 1774 3046 etiam
1804 2981 1844 3046 ad
1874 2981 1948 3048 fidei
1977 2984 2111 3049 certitu-

115 3066 197 3150 qucd
224 3075 431 3150 speraverat,
463 3065 521 3132 sed
547 3067 583 3130 in
614 3067 697 3132 tristi
727 3065 937 3150 dissipatione
957 3067 1086 3131 iaceret.
1140 3069 1249 3135 dinem
1272 3089 1338 3133 non
1360 3087 1476 3150 parum
1498 3065 1579 3130 utile
1602 3073 1665 3146 est,
1693 3066 1771 3131 dum
1794 3065 1962 3133 Christum
1986 3068 2111 3136 duobus

114 3151 290 3219 Caeterum
324 3161 403 3218 tuno
441 3153 545 3218 sancti
581 3152 657 3218 fidei
694 3152 796 3218 oculis
828 3165 990 3235 sceptrum
1024 3152 1086 3217 sub
1139 3176 1299 3221 annorum
1320 3152 1475 3233 millibus,
1497 3164 1671 3235 antequam
1692 3150 1846 3235 prodiret,
1869 3155 2021 3221 audimus
2043 3176 2110 3220 noa

115 3247 198 3304 terra
220 3237 448 3304 absconditum
471 3239 746 3320 contemplantes,
778 3259 843 3302 non
865 3236 1086 3318 conciderunt,
1138 3240 1234 3306 modo
1257 3238 1452 3324 promissum
1474 3238 1588 3318 fuisse,
1615 3237 1673 3303 sed
1695 3237 1863 3322 designata
1885 3242 1954 3306 eius
1975 3241 2110 3325 origine,

114 3325 164 3392 vel
197 3325 312 3391 fractis
343 3325 476 3388 luerunt
509 3325 644 3403 animis,
677 3332 714 3388 ιιι
747 3322 941 3390 desisterent
974 3345 995 3388 a
1026 3343 1086 3389 suo
1137 3327 1230 3410 quasi
1253 3325 1356 3409 digito
1378 3336 1554 3390 ostensum.

114 3433 220 3478 cursu.
273 3409 419 3475 Videbor
445 3408 529 3474 lorte
561 3409 660 3475 nimis
687 3409 798 3493 largiri
826 3409 975 3488 Iudaeis,
1010 3409 1087 3492 quia
1223 3411 1267 3477 Et
1298 3411 1357 3476 erit
1388 3410 1564 3494 aggregato
1590 3409 1786 3492 popularum.
1839 3410 1904 3476 Hic
1933 3432 2010 3476 vero
2043 3433 2109 3477 non

113 3498 235 3562 realem
265 3494 318 3581 (ut
346 3494 475 3580 vocant)
505 3494 757 3561 dominationem
786 3495 942 3562 continuo
972 3501 1086 3560 tenore
1138 3498 1238 3566 unias
1267 3504 1395 3561 tantum
1424 3495 1536 3580 populi
1567 3516 1678 3579 regem
1705 3495 1774 3561 fore
1807 3496 2017 3578 pronunciat,
2051 3497 2108 3563 sed

112 3605 176 3648 non
199 3591 311 3648 statuo
331 3581 366 3645 in
388 3580 475 3647 tribu
497 3579 589 3646 Iuda.
619 3580 732 3647 Nostri
755 3582 850 3660 enim,
873 3589 911 3646 ut
933 3581 1087 3646 evincant
1138 3585 1231 3650 ouius
1260 3582 1413 3665 auspiciis
1441 3581 1642 3664 colligendae
1668 3581 1735 3646 siut
1763 3581 1873 3646 variae
1892 3591 2033 3664 gentes,
2070 3592 2109 3647 ut

111 3669 211 3734 stulta
238 3666 346 3733 adhuc
373 3665 514 3732 Iudaeos
537 3667 677 3734 Messias
710 3667 950 3750 exspectatione
980 3665 1086 3731 teneri
1138 3669 1236 3736 simul
1260 3669 1451 3734 coalescant.
1497 3665 1572 3734 Scio
1595 3666 1724 3749 quidem
1746 3667 1837 3730 varie
1859 3665 1899 3730 ab
1921 3667 2108 3750 interpreti-

111 3772 304 3837 suspensos,
343 3753 378 3816 in
410 3752 473 3817 hoc
504 3753 679 3831 insistunt,
717 3773 736 3816 a
768 3761 912 3836 tempore
943 3752 1086 3817 Herodis
1138 3757 1199 3822 bus
1221 3774 1334 3820 vocem
1356 3755 1491 3836 cxponi:
1521 3751 1577 3818 sed
1606 3753 1661 3833 qui
1684 3750 1847 3818 deducunt
1870 3775 1889 3816 a
1910 3751 2019 3818 radice
2041 3767 2107 3852 :inp

111 3860 255 3906 cessasse
282 3837 457 3920 imperium
484 3821 582 3917 illud,
617 3837 656 3902 de
689 3859 751 3920 quo
784 3839 981 3904 vaticinatus
1015 3846 1088 3903 erat
1137 3849 1175 3907 ut
1197 3843 1240 3908 sit
1260 3840 1454 3918 debilitatio,
1483 3837 1568 3921 quod
1591 3837 1631 3902 de
1651 3837 1819 3903 salutifero
1842 3838 1965 3904 Christi
1985 3839 2108 3923 princi·

109 3925 223 3993 Iacob:
256 3924 349 4006 quasi
378 3943 457 3988 vero
487 3923 674 4007 quingentis
703 3933 778 3988 ante
804 3924 900 3989 annis
923 3923 1086 3989 tributarii
1137 3937 1215 4010 patu
1238 3925 1360 3991 dictum
1385 3933 1472 4003 erat,
1495 3943 1664 4007 perperam
1687 3933 1720 3988 et
1741 3923 1881 3990 absurde
1911 3925 1952 3988 ad
1974 3927 2107 4009 sangui-

111 4032 177 4078 ιιοιι
201 4011 342 4076 luerint:
373 4010 467 4091 quasi
489 4010 586 4074 etiam
609 4030 674 4075 non
698 4010 859 4075 exstincta
881 4010 981 4074 fuerit
1003 4010 1086 4093 regii
1136 4013 1264 4078 nariam
1305 4032 1370 4094 qua
1409 4021 1544 4094 crepant
1580 4009 1762 4090 superbiam
1805 4008 2006 4092 detorquent.
2070 4009 2107 4077 Si

109 4098 244 4182 generis
268 4093 412 4178 dignitas
435 4094 589 4176 quamdiu
613 4103 762 4178 grassata
784 4107 834 4160 est
856 4095 1010 4161 Antiochi
1033 4105 1084 4180 ty·
1136 4098 1340 4164 obedientiae
1362 4117 1483 4162 nomen
1504 4095 1647 4180 placeat,
1670 4093 1720 4180 (ut
1740 4093 1830 4181 alibi)
1852 4097 1937 4161 idem
1961 4096 2108 4162 manebit

110 4184 240 4248 munis:
263 4181 357 4263 quasi
379 4179 518 4264 denique
535 4182 711 4246 Aemonaci
732 4181 792 4246 sibi
816 4201 883 4245 non
905 4201 1084 4265 usurpavo-
1136 4205 1252 4250 sensus
1274 4203 1349 4248 oum
1371 4183 1427 4248 illo
1449 4183 1555 4267 primo
1585 4200 1679 4262 quem
1709 4193 1865 4262 sequutus
1893 4202 1976 4248 sum.
2021 4183 2107 4248 Nam

110 4270 178 4334 rint
195 4283 231 4333 et
249 4266 383 4332 titulum
401 4266 534 4332 honoris
552 4274 584 4332 at
595 4267 784 4349 potentiam,
803 4266 906 4332 donec
917 4268 1084 4332 Romanae
1136 4269 1217 4334 haec
1238 4268 1411 4354 colligendi
1429 4269 1512 4333 ratio
1530 4275 1588 4340 eet,
1612 4265 1689 4331 dum
1708 4267 1742 4330 in
1764 4265 1952 4349 obsequium
1970 4289 2107 4335 consen·

110 4353 247 4420 ditionis
274 4352 351 4432 facti
380 4360 459 4418 suut
479 4350 605 4416 Iudaei.
648 4353 718 4418 Nec
748 4373 824 4418 vcro
854 4353 973 4418 sufficit
1002 4374 1084 4436 quac
1136 4357 1225 4420 tiunt
1247 4354 1345 4420 simul
1367 4355 1421 4437 qui
1445 4355 1535 4437 priua
1564 4350 1751 4418 ferebantur
1777 4353 1811 4418 io
1839 4353 1968 4418 diversa
1989 4355 2105 4420 studia.

110 4439 303 4506 obtenditur
325 4437 459 4516 solutio,
482 4438 669 4504 disiunctim
700 4438 846 4521 promitti
870 4439 921 4503 vel
945 4459 1084 4523 regnum
1136 4441 1210 4506 Etsi
1242 4449 1350 4506 autem
1385 4438 1523 4505 antehac
1556 4435 1660 4502 tribus
1693 4458 1735 4502 ex
1768 4458 1802 4502 se
1834 4440 1976 4504 orituros
2010 4439 2106 4508 Iacob

108 4527 164 4592 vel
186 4523 351 4590 mediocre
374 4522 504 4605 aliquod
526 4524 688 4606 regimen:
712 4545 752 4588 ex
775 4545 839 4606 quo
862 4534 970 4590 autem
997 4524 1084 4590 dele·
1135 4526 1354 4610 amplificandi
1387 4525 1495 4609 gratia
1523 4523 1651 4590 vocavit
1677 4522 1830 4608 populos,
1864 4524 1962 4590 latios
1995 4535 2106 4590 tamen

108 4619 182 4676 tum
200 4611 265 4675 fuit
285 4629 433 4692 regnum,
456 4610 652 4693 superstites
669 4610 830 4676 mansisse
847 4610 978 4676 scribas.
1012 4611 1084 4694 Ego
1136 4610 1324 4678 extenditur
1351 4612 1415 4678 ista
1444 4608 1599 4676 collectio.
1651 4608 1736 4674 Nam
1764 4629 1880 4693 corpus
1909 4610 2021 4693 populi
2048 4633 2107 4694 per

107 4699 208 4775 enim,
228 4694 461 4761 notandiinter
478 4694 657 4778 legitimum
673 4717 812 4778 regnum
830 4705 863 4761 et
880 4696 1084 4778 tyrannidem
1136 4698 1277 4763 familias
1305 4697 1506 4780 complexus,
1536 4715 1638 4778 quum
1665 4693 1705 4758 de
1727 4693 1892 4761 ordinario
1921 4697 2106 4779 principatu

109 4782 312 4848 discriminis
342 4801 454 4859 causa,
484 4781 653 4846 adiunctos
682 4781 783 4846 fuisse
805 4782 1005 4848 consiliarios
1028 4803 1084 4865 ag·
1135 4783 1239 4848 Iudae
1266 4781 1366 4848 verba
1389 4785 1516 4861 laceret,
1540 4803 1629 4846 nunc
1653 4781 1731 4846 ncvi
1753 4782 1840 4866 regis
1857 4783 1938 4847 fines
1957 4783 2105 4866 ampliat:

109 4889 226 4948 nosco,
255 4868 310 4948 qui
338 4866 503 4948 publicum
531 4876 652 4932 statam
681 4868 744 4932 rite
776 4875 810 4931 et
838 4866 953 4932 ordine
982 4867 1083 4931 admi·
1136 4867 1776 4947 acsidieeret,fcreextribu1udah
1802 4888 1911 4950 reges,
1943 4869 1998 4951 qui
2020 4869 2107 4935 inter

108 4955 263 5020 nistrent.
309 4950 403 5031 Quod
428 4973 505 5035 orgo
528 4975 570 5018 ex
590 4951 721 5017 Iudaeis
743 4951 876 5035 quidam
905 4961 1084 5034 exponunt,
1137 4956 1253 5020 fratrea
1276 4954 1458 5034 emineant,
1490 4962 1522 5018 et
1550 4974 1630 5036 quos
1659 4953 1795 5018 adorent
1816 4954 1961 5019 eiusdem
1991 4956 2106 5019 matris

108 5040 161 5106 ius
192 5036 356 5122 regnandi
384 5037 498 5102 datum
525 5058 596 5103 esse
626 5037 728 5102 tribui
759 5037 852 5114 luda,
886 5039 964 5119 quia
994 5039 1085 5104 nefas
1136 5040 1211 5105 lilii:
1234 5039 1291 5106 sed
1314 5039 1444 5104 tandem
1466 5059 1692 5106 successorum
1715 5038 1769 5122 qui
1787 5038 1848 5103 sibi
1868 5040 1948 5104 alios
1968 5039 2106 5124 populos

108 5126 215 5191 fuerit
253 5123 315 5188 alio
355 5125 540 5203 transferri,
580 5143 646 5188 non
686 5133 797 5189 autem
831 5122 914 5206 quod
948 5123 1084 5206 gloriam
1136 5124 1294 5192 subiiciat.
1339 5125 1413 5190 Hoc
1440 5139 1550 5190 autem
1580 5125 1700 5189 scimus
1729 5127 1762 5188 in
1786 5123 1955 5190 Christum
1977 5144 2107 5208 compe·

108 5231 253 5280 coronae
284 5209 386 5275 semel
418 5219 559 5275 erectam
592 5210 777 5292 perpetuari
816 5229 947 5274 necesse
979 5209 1084 5290 luerit,
1136 5219 1215 5289 tere,
1237 5211 1290 5276 oui
1312 5212 1472 5294 promissa
1494 5212 1554 5276 luit
1575 5209 1689 5275 muudi
1713 5210 1905 5287 haereditas,
1929 5209 1990 5276 sub
2011 5215 2106 5276 ouius

107 5298 223 5381 aliqua
245 5316 286 5361 cx
309 5304 402 5379 parte
423 5296 500 5362 haic
522 5297 702 5362 sententiae
727 5293 929 5361 subscribere
952 5313 1085 5360 necesse
1135 5297 1248 5380 iugum
1271 5298 1422 5364 redactae
1444 5308 1520 5362 sunt
1537 5305 1660 5381 gentes,
1683 5295 1723 5360 ad
1745 5297 1836 5362 cuius
1854 5304 1972 5362 nutum
1990 5317 2107 5380 aggre-
