5000 6208
140 485 200 552 193
791 481 1161 552 COMMENTARIUS
1180 483 1231 552 IN
1253 482 1468 552 GENESIN.
2066 479 2129 548 104

136 675 177 741 ad
206 680 337 756 tempus
366 671 498 740 tolerat:
525 672 591 738 imo
619 670 759 756 benigne
786 690 824 738 ac
854 670 1033 736 liberaliter
1054 689 1110 739 eos
1248 671 1298 738 16.
1320 669 1365 736 ut
1379 689 1498 753 ροιαιιι
1519 689 1621 736 anua
1638 673 1729 736 tuam
1749 670 1829 742 eiad
1843 669 2012 752 paoem.
2056 669 2131 754 Ego

131 766 299 836 tractans,
327 779 388 828 sua
415 757 622 844 indulgentia
643 766 748 823 oermt
769 778 842 824 curu
866 775 977 826 eorum
999 755 1111 840 ingra-
1160 757 1288 823 omissis
1317 757 1470 840 argutiis,
1498 755 1533 821 in
1563 755 1679 839 quibus
1706 755 1761 820 alii
1791 755 1831 822 de
1857 755 1961 822 nihilo
1987 753 2131 840 philoso-

137 845 286 912 titudine.
323 843 419 911 Licet
436 851 545 910 tamen
564 844 629 926 ipsi
649 843 683 908 in
701 863 761 910 sua
781 841 914 913 luxuria
935 841 1109 919 exsultent,
1156 841 1318 942 phantur,
1347 841 1539 924 simpliciter
1565 839 1693 924 pulveri
1721 861 1832 908 semen
1854 841 1964 908 Abrae
1992 839 2133 910 omterrt

133 931 203 1000 imo
226 929 386 997 ferociunt
407 940 522 996 eonua
543 929 669 1008 Deum,
695 935 875 995 monentur
901 925 960 992 lilii
982 923 1046 992 Dei
1068 947 1110 992 ne
1158 937 1356 1012 mterpretcr
1383 933 1522 1011 >propter
1550 925 1743 996 immensam
1777 925 2036 994 multitudinem:
2064 943 2131 994 nec

136 1017 269 1082 illorum
286 1014 439 1081 fortunae
455 1011 634 1091 invideant,
656 1013 712 1080 sed
736 1013 900 1096 paulisper
920 1019 1112 1097 exspectent
1159 1023 1247 1080 certe
1268 1011 1399 1079 aliunde
1427 1012 1587 1096 petendus
1606 1019 1658 1080 est
1687 1032 1802 1090 sensus
1829 1032 1929 1096 quam
1951 1033 1993 1078 ex
2022 1009 2131 1080 verbis

137 1101 216 1167 dum
233 1122 289 1170 eos
305 1101 468 1166 Dominus
486 1101 527 1166 ab
544 1100 702 1164 ebrietate
726 1099 873 1166 excitans
891 1096 931 1163 ad
952 1097 1109 1163 horribile
1159 1098 1270 1167 Mesia.
1315 1098 1456 1166 Necesse
1481 1105 1590 1164 autem
1612 1098 1674 1164 fuit
1695 1097 1758 1166 hoo
1779 1097 1928 1183 adiungi,
1947 1096 2058 1164 Deum
2080 1095 2131 1162 illi

134 1187 292 1254 iudicium
310 1195 412 1251 vocet.
448 1185 527 1250 Ideo
545 1183 709 1271 (Ezechiel
733 1175 783 1265 16,
800 1183 857 1270 49)
874 1183 914 1248 de
934 1181 1110 1250 Sodomitis
1158 1204 1272 1251 semen
1293 1185 1544 1264 suscitaturum,
1567 1203 1632 1267 quo
1654 1181 1760 1252 adhuc
1778 1182 1925 1250 ⁴carebat.
1971 1183 2129 1250 Videmus

135 1274 283 1356 loquens,
305 1292 436 1338 causam
458 1269 550 1336 exitii
567 1270 632 1336 illis
649 1271 750 1336 fuisse
771 1281 1003 1336 commemorat
1023 1267 1109 1352 quod
1158 1277 1270 1336 sutem
1291 1277 1329 1334 ιιι
1346 1269 1439 1336 Deus
1460 1289 1528 1335 sem
1571 1289 1685 1337 reum
1702 1269 1736 1336 in
1756 1268 1854 1335 verbo
1867 1289 1933 1336 auo
1955 1269 2131 1350 conducat,

135 1359 239 1424 saturi
268 1377 352 1441 pane
380 1366 414 1421 et
440 1356 534 1435 vino,
562 1377 599 1423 ac
628 1355 748 1423 delitiis
776 1357 902 1434 referti,
932 1357 1109 1438 superbam
1159 1365 1192 1420 et
1220 1355 1260 1422 ab
1289 1376 1345 1421 ore
1371 1376 1430 1424 suo
1458 1376 1522 1438 pen
1546 1375 1601 1420 ere
1629 1354 1718 1421 velit.
1765 1355 1941 1422 Pulverem
1969 1355 2130 1440 respicere

135 1442 361 1512 crudelitatem
385 1443 419 1507 in
441 1463 601 1526 pauperes
622 1452 846 1509 exercuerant.
1158 1439 1291 1506 iubetur
1319 1441 1460 1507 Abram:
1495 1439 1551 1507 sed
1579 1440 1637 1506 ubi
1668 1440 1779 1508 oeulos
1807 1441 1842 1506 in
1871 1441 2003 1506 domum
2034 1459 2130 1506 suam

223 1529 274 1594 14.
304 1525 349 1594 Et
376 1527 490 1594 Iebcuo
516 1529 599 1594 dixit
627 1528 670 1594 od
697 1527 829 1594 Abram
881 1525 978 1592 Nunc
1010 1527 1109 1591 refert
1162 1527 1339 1605 convertit,
1367 1526 1444 1610 quid
1466 1526 1571 1592 simile
1586 1525 1692 1592 habat
1712 1545 1787 1592 cum
1814 1527 1975 1596 immenso
1996 1525 2132 1611 pulvere

135 1615 263 1691 Moses,
284 1623 456 1697 postqum
479 1613 603 1680 divisus
625 1613 687 1677 luit
707 1611 831 1678 Abram
854 1632 874 1678 a
895 1633 954 1678 suo
983 1621 1108 1695 nepote,
1159 1611 1304 1678 orbitae?
1328 1612 1402 1677 Hoc
1423 1631 1501 1700 ergo
1523 1611 1606 1678 iuris
1630 1609 1783 1681 vendicat
1804 1611 1984 1688 Dominus,
2013 1618 2049 1678 et
2070 1611 2131 1678 tri·

134 1701 295 1784 placando
318 1699 388 1766 eius
415 1700 523 1764 animo
551 1697 735 1764 adhibitum
756 1699 857 1764 fuisse
878 1698 1035 1763 divinitus
1056 1717 1107 1764 so·
1158 1695 1215 1762 bui
1236 1698 1308 1763 vult
1329 1697 1427 1764 verbo
1452 1717 1526 1778 suo,
1556 1707 1593 1764 ut
1615 1697 1720 1765 solum
1747 1697 1841 1764 nobis
1864 1696 2014 1764 sufficiat.
2058 1695 2132 1763 Hoc

134 1787 261 1851 latium.
304 1785 380 1851 Non
409 1782 544 1850 dubium
566 1794 615 1850 eet
639 1785 717 1866 quin
746 1783 988 1850 acerbissimum
1011 1783 1108 1849 fuerit
1158 1782 1257 1849 etiam
1290 1783 1396 1868 magis
1428 1782 1603 1850 ridiculum
1635 1782 1765 1850 videtur
1797 1781 1882 1866 quod
1915 1781 2007 1848 iubet
2038 1781 2130 1848 Deus

135 1873 269 1937 divortii
301 1869 391 1936 illius
421 1869 558 1947 vulnus,
594 1890 694 1952 quum
723 1869 873 1952 ablegare
900 1879 1029 1936 coactus
1058 1875 1108 1934 est
1158 1869 1285 1934 Abram
1306 1869 1510 1953 peregrinari
1531 1868 1633 1935 donec
1661 1867 1851 1934 lustraverit
1873 1876 1976 1934 totam
1997 1875 2130 1934 terram.

135 1978 233 2040 quem
262 1976 322 2022 sua
350 1956 419 2022 vita
446 1976 511 2022 non
534 1955 645 2020 minus
667 1974 778 2020 carum
806 1952 954 2020 habebat.
995 1951 1108 2034 Quum
1159 1951 1326 2035 Quorsum
1358 1955 1445 2019 enim
1477 1954 1540 2020 hoe
1566 1953 1717 2021 ¹facturus
1749 1964 1815 2034 est,
1846 1953 1910 2022 nisi
1944 1961 1980 2018 ut
2011 1951 2132 2020 clarius

134 2064 213 2128 ergo
241 2042 412 2126 loquutum
442 2060 512 2108 esee
533 2038 712 2105 Dominum
742 2039 858 2118 relort,
887 2038 1031 2104 notanda
1058 2047 1109 2104 est
1160 2049 1315 2124 agnoscat
1347 2061 1382 2106 sc
1413 2040 1626 2123 inquilinum,
1655 2049 1689 2105 et
1720 2039 1877 2106 continua
1905 2037 2132 2122 inquietudine

134 2129 291 2212 temporis
319 2125 577 2194 circumstantia:
608 2125 701 2209 quasi
723 2123 858 2200 diceret,
888 2123 1020 2190 allatam
1038 2144 1109 2190 esse
1160 2125 1282 2191 frustra
1303 2126 1484 2202 confectus,
1507 2126 1548 2191 de
1569 2125 1678 2192 stabili
1698 2125 1830 2208 fixaque
1850 2124 2055 2208 possessione
2077 2123 2132 2190 de·

133 2213 330 2280 medicinam
361 2232 444 2295 quae
473 2209 616 2276 dolorem
648 2210 718 2276 eius
746 2209 873 2276 leniret.
925 2212 1033 2293 Atque
1063 2210 1108 2275 ita
1159 2209 1291 2296 speret?
1332 2210 1502 2292 Quomodo
1541 2209 1629 2276 onim
1668 2209 1729 2277 sibi
1768 2207 1962 2294 persuadeat
1993 2229 2029 2276 se
2061 2209 2132 2276 eius

133 2299 228 2366 docet
258 2299 417 2382 optimum
444 2296 624 2361 remedium
657 2295 856 2382 mitigandae
885 2303 919 2360 ot
945 2298 1108 2362 curandae
1160 2305 1267 2362 terrae
1294 2317 1364 2364 esse
1393 2296 1561 2362 dominum
1589 2296 1644 2364 ubi
1672 2297 1729 2362 vix
1756 2315 1874 2380 aquam
1903 2294 2014 2362 bibare
2041 2294 2131 2375 licet,

132 2384 290 2450 tristitiae
310 2383 347 2448 in
370 2381 467 2448 verbo
489 2382 554 2447 Dei
576 2402 647 2447 esse
668 2384 820 2464 positum.
1160 2383 1311 2466 quamvis
1344 2393 1458 2466 puteos
1491 2401 1611 2466 magno
1644 2382 1760 2448 sudore
1799 2379 1968 2448 effoderit?
2004 2381 2131 2446 Verum

220 2469 307 2535 Leuc
334 2488 417 2534 aune
445 2468 546 2534 aaut
577 2471 657 2532 taor.
708 2465 819 2548 Quum
852 2466 970 2532 semini
1000 2468 1109 2534 Abrae
1160 2468 1242 2533 haec
1262 2475 1340 2534 sunt
1360 2465 1436 2534 fidei
1465 2467 1636 2547 exercitia,
1668 2476 1706 2533 nt
1726 2467 1762 2532 in
1787 2465 1886 2534 aerbo
1908 2475 2021 2532 cernat
2049 2485 2132 2550 quae

133 2556 301 2622 Dominus
329 2562 450 2620 terram
479 2553 653 2638 promittit,
685 2551 877 2618 admirabile
906 2553 975 2618 eius
1002 2553 1109 2623 cousi·
1160 2553 1273 2637 procul
1295 2551 1423 2632 absunt,
1446 2565 1479 2619 et
1500 2574 1615 2620 sensus
1636 2552 1744 2620 carnis
1768 2552 1872 2618 latent
1893 2550 1990 2637 (Heb.
2015 2550 2065 2630 11,
2090 2549 2131 2636 1).

130 2641 215 2706 lium
238 2641 272 2706 in
295 2639 440 2707 discessu
464 2639 530 2706 Lot
547 2637 770 2722 perspicimus.
807 2639 942 2704 Terram
960 2637 1018 2702 uni
1038 2639 1109 2704 des·
1161 2639 1223 2705 list
1243 2639 1331 2704 enim
1353 2637 1434 2705 fides
1455 2638 1627 2722 adspectus
1649 2659 1758 2704 rernm
1781 2637 1979 2703 absentium:
2002 2645 2036 2702 et
2056 2658 2133 2702 rer·

131 2729 313 2792 haereret:
343 2724 371 2792 si
393 2745 467 2791 cum
491 2745 528 2790 ec
549 2723 618 2790 Lot
639 2724 821 2800 mansisset,
849 2723 1004 2805 permixti
1030 2723 1109 2788 fuis·
1161 2725 1238 2790 bum
1261 2723 1359 2790 habat
1379 2725 1484 2790 instar
1504 2722 1645 2808 speculi,
1673 2725 1708 2790 iu
1729 2741 1794 2808 quo
1823 2721 2046 2790 absconditam
2068 2721 2134 2789 Ilei

132 2822 210 2880 sent
239 2811 408 2892 utriusque
435 2809 537 2876 liberi.
584 2807 710 2875 Vitiosa
739 2808 869 2892 quidem
892 2808 955 2874 fuit
984 2807 1109 2875 discidii
1161 2812 1299 2896 gratiam
1332 2819 1453 2885 oerum.
1497 2809 1565 2876 Neo
1595 2809 1693 2876 hodie
1717 2809 1893 2878 dissimilis
1925 2815 1974 2874 est
2002 2808 2133 2893 piorum

131 2916 249 2967 causa:
279 2896 335 2962 sed
359 2896 519 2962 Dominus
539 2915 599 2978 pro
626 2894 788 2960 immensa
811 2915 872 2959 sua
891 2894 1052 2977 sapientia
1073 2895 1108 2959 in
1161 2895 1317 2974 conditio:
1346 2915 1423 2960 nam
1451 2916 1553 2977 quum
1582 2894 1733 2962 omnibus
1760 2894 1829 2960 sint
1849 2891 1937 2972 odio,
1966 2903 2133 2977 contemp·

131 2981 255 3050 bonum
274 2983 372 3046 finem
390 2980 561 3058 convertit,
580 3001 621 3045 ne
639 3001 736 3062 quam
755 2979 965 3046 haereditatis
983 2989 1109 3062 partem
1162 2981 1212 3046 tui
1234 2990 1267 3047 et
1288 2981 1414 3063 probris
1442 2981 1646 3059 subiaceant,
1676 2989 1838 3065 vagentur
1858 2979 2041 3058 instabiles,
2063 2979 2132 3063 pel·

131 3068 257 3152 posteri
285 3067 353 3132 Irot
383 3076 549 3150 occupent.
600 3065 693 3132 Haec
724 3066 807 3135 ratio
840 3075 890 3132 est
922 3065 979 3131 cur
1008 3064 1108 3132 dieat:
1161 3065 1273 3132 lantur
1305 3068 1403 3135 etiam
1435 3065 1602 3144 interdum
1634 3066 1699 3134 huc
1730 3073 1765 3132 et
1796 3065 1887 3144 illue,
1920 3063 2067 3132 nuditate
2100 3077 2134 3131 et

131 3153 349 3236 Quacumque
366 3159 455 3218 terra
471 3158 570 3234 patet,
587 3172 661 3218 eam
679 3150 737 3216 tibi
755 3171 792 3216 ac
810 3151 885 3216 liliis
903 3152 968 3216 tuis
985 3149 1108 3216 addico.
1161 3152 1272 3234 inopia
1299 3152 1464 3218 laborent:
1494 3151 1608 3218 mundi
1638 3161 1749 3218 tamen
1776 3150 2021 3226 haereditatem,
2050 3169 2133 3234 quae

132 3238 247 3321 Quare
269 3259 335 3304 non
365 3247 416 3304 est
436 3257 494 3303 cur
522 3236 581 3304 tibi
610 3237 749 3304 nimium
772 3237 876 3302 tristis
905 3255 943 3302 ac
974 3236 1111 3304 molesta
1161 3237 1321 3321 promissa
1359 3245 1419 3316 eet,
1458 3236 1703 3322 apprehendere
1733 3238 1822 3320 ipsos
1841 3245 1990 3321 oportet.
2044 3237 2133 3318 Ergo

131 3325 264 3392 sitista
292 3322 449 3401 solitudo,
482 3331 516 3388 et
544 3322 679 3400 orbitas,
709 3323 762 3388 cui
791 3321 956 3406 praecium
985 3343 1110 3389 meroes
1161 3321 1324 3389 ἀιιιιιιιιιι
1345 3324 1392 3390 sio
1421 3330 1542 3390 terram
1571 3323 1814 3407 perambulare,
1843 3331 1880 3387 ut
1907 3322 1997 3388 omni
2026 3322 2134 3406 quiete

131 3409 252 3477 deinde
278 3408 446 3476 wustabit.
492 3408 564 3474 Etsi
594 3409 681 3476 enim
704 3407 790 3472 idem
813 3408 878 3472 iam
901 3408 1012 3474 Abrae
1033 3429 1108 3492 pro·
1160 3409 1302 3476 exclusis
1334 3409 1470 3476 unicum
1503 3410 1644 3493 supersit
1676 3408 1841 3492 refugium
1870 3406 1912 3472 ad
1941 3407 2033 3474 verbi
2060 3427 2133 3490 spe-

129 3497 270 3562 miesum
305 3494 427 3560 luerat:
462 3494 553 3560 Dens
585 3502 694 3560 tamen
727 3513 820 3558 suam
861 3493 1108 3576 promissionem
1158 3495 1277 3560 culam.

129 3603 223 3648 nunc
241 3580 464 3647 accommodat
481 3579 522 3647 ad
540 3578 721 3663 praesentis
744 3579 896 3652 tristitiae
918 3579 1106 3651 remedium.
1245 3581 1296 3646 18.
1318 3579 1362 3644 Et
1389 3580 1512 3646 ιιιιιιάιι
1537 3579 1660 3644 Abram
1688 3577 1929 3646 numatam
1973 3574 2039 3642 Hic
2060 3575 2133 3642 Mc-

130 3669 244 3767 Atque
265 3665 311 3764 ita
332 3663 512 3730 tenendum
532 3673 678 3743 estnon
700 3661 795 3729 modo
816 3664 988 3747 repetitam
1008 3665 1108 3764 luisse
1159 3687 1211 3732 ses
1241 3674 1354 3734 narrat
1385 3675 1537 3738 sanetum
1570 3666 1677 3732 ιιιιιιιι
1704 3685 1797 3764 ιιοιι
1823 3662 1889 3728 Dei
1920 3661 2134 3764 promissione

131 3749 1108 3920 tttttt'trtltttttttttttttztlttt
1158 3759 1473 3903 iii‘ilihffl
1486 3769 1768 3902 ,ttttttt
1787 3767 2011 3924 sitim
2030 3768 2134 3916 iil}

131 3923 254 3990 semini
276 3942 337 3988 suo
359 3921 460 3988 luisse
481 3921 675 3998 consultant,
697 3919 775 3986 dum
792 3921 864 3986 Lot
885 3921 991 3987 fuerat
1012 3920 1052 3987 ab
1071 3941 1108 3988 ec
1161 3933 1231 3988 tum
1252 3923 1301 3988 illi
1346 3921 1480 3988 roluerit
1501 3921 1684 3990 oraculum:
1707 3941 1773 3986 non
1795 3917 1881 4004 quod
1902 3917 2025 4002 aliquid
2046 3920 2134 3990 inso-

131 4009 270 4075 divisus.
311 4007 451 4074 Lutheri
472 4005 649 4090 speculatio
672 4007 724 4072 hio
746 4004 795 4092 (ut
818 4006 890 4072 ahie
911 4005 1003 4093 locis)
1026 4007 1108 4072 nihil
1159 4008 1255 4073 litum
1277 4028 1320 4073 au
1346 4007 1419 4073 'erit
1438 4028 1479 4073 ex
1497 4026 1553 4073 ore
1574 4007 1645 4088 Dei,
1663 4006 1721 4072 sed
1739 4005 1815 4090 quia
1837 4015 1946 4090 aptam
1968 4004 2132 4088 praesenti

130 4093 235 4162 habet
257 4092 366 4171 solidi,
396 4092 480 4178 quod
503 4091 595 4158 Deus
624 4112 682 4174 per
704 4090 895 4175 prophetam
923 4094 1108 4175 quempiam
1160 4093 1262 4160 dolori
1295 4093 1488 4160 medicinam
1515 4109 1548 4158 et
1582 4093 1810 4177 tempestivam
1842 4091 1973 4170 habuit,
2003 4098 2040 4156 ut
2067 4089 2132 4158 eol·

130 4180 292 4264 loquutus
314 4180 364 4244 sit.
410 4177 521 4259 Quum
544 4187 632 4244 terra
654 4179 689 4244 in
710 4177 875 4244 saeculum
896 4179 1108 4262 promittitur,
1159 4179 1243 4245 lecto
1266 4179 1376 4244 animo
1399 4179 1434 4244 iu
1457 4178 1581 4244 coelum
1608 4185 1828 4262 consurgeret.
1871 4175 2018 4242 uanum
2040 4197 2133 4246 sauo-

130 4287 202 4332 non
224 4263 415 4347 simpliciter
437 4271 570 4328 notatur
591 4264 807 4347 perpetuitas:
823 4263 886 4328 sed
931 4285 992 4330 uas
1009 4265 1108 4330 finem
1160 4275 1230 4331 tum
1252 4265 1360 4332 virum
1383 4274 1614 4332 commemorat
1634 4264 1744 4334 Moses
1762 4272 1895 4346 ‚perede
1919 4260 2059 4328 circuitu
2080 4282 2133 4327 re·

130 4352 261 4434 accepit
288 4349 413 4416 Christi
443 4349 595 4414 adventu.
639 4346 692 4413 De
721 4369 760 4413 ea
788 4369 867 4414 vcoe
889 4285 966 4428 nitu
993 4349 1108 4418 inseite
1158 4371 1294 4416 versum
1323 4371 1394 4416 esse
1414 4347 1457 4416 ad
1485 4357 1673 4432 quercetum
1703 4357 1760 4414 aut
1788 4345 1908 4413 vallem
1929 4345 2073 4425 Mamre,
2096 4355 2133 4412 ut

130 4439 290 4504 rixantur
310 4434 440 4501 Iudaei:
465 4434 522 4500 sed
544 4455 644 4517 quum
657 4435 759 4500 -varie
781 4443 931 4505 sumatur
953 4434 988 4500 in
1009 4437 1109 4517 scrip·
1158 4435 1225 4502 illic
1249 4436 1418 4502 habitaret.
1465 4433 1531 4502 Sed
1553 4454 1667 4501 rursus
1695 4436 1847 4517 pietatem
1870 4433 1940 4499 eius
1967 4451 2132 4500 commen·

132 4534 221 4600 tura,
244 4521 397 4587 hocloco
419 4517 595 4606 (utnuper
617 4518 724 4606 attigi)
750 4519 958 4604 totumlegis
980 4529 1109 4604 tempus
1160 4522 1231 4600 dat,
1260 4519 1345 4603 quod
1370 4531 1476 4588 erecto
1502 4521 1599 4586 altari
1628 4519 1734 4585 Deum
1767 4516 1981 4585 invocaverit.
2027 4517 2131 4584 Porro

131 4607 377 4691 complectitur:
411 4607 509 4673 sicuti
540 4604 653 4670 foedus
681 4605 767 4688 quod
798 4607 926 4690 pepigit
947 4605 1108 4673 Dominus
1157 4607 1224 4674 iam
1245 4607 1417 4690 aliquoties
1436 4606 1573 4688 exposui
1595 4606 1673 4690 quid
1690 4605 1751 4670 hoc
1768 4603 1891 4670 valeat:
1914 4622 1991 4668 nam
2007 4601 2133 4670 ferebat

131 4714 212 4760 cum
248 4691 349 4758 reteri
381 4691 518 4775 populo,
551 4690 698 4773 pluribus
724 4691 803 4756 locis
837 4697 971 4758 vocatur
1003 4700 1107 4758 aeter·
1159 4693 1230 4777 ipse
1252 4693 1357 4758 altare
1378 4693 1412 4757 in
1433 4689 1530 4757 corde
1552 4712 1625 4758 suo:
1648 4689 1707 4758 sed
1729 4709 1830 4774 quum
1852 4688 1997 4772 profanis
2019 4688 2131 4754 altari·

131 4798 232 4846 num:
263 4779 340 4861 qnia
367 4777 509 4844 officium
537 4775 661 4843 Ohristi
685 4777 749 4842 luit
779 4775 938 4842 mundum
968 4797 1029 4843 suo
1052 4777 1109 4843 ad·
1160 4777 1219 4844 bus
1242 4779 1338 4860 plena
1355 4787 1441 4844 esset
1462 4783 1565 4855 terra,
1586 4777 1621 4842 in
1643 4775 1758 4860 quibus
1781 4774 1970 4844 chananaei
1993 4781 2023 4838 et
2048 4772 2131 4840 aliae

130 4875 238 4932 ventu
260 4882 428 4929 renovare.
450 4861 566 4946 ¹Atqui
582 4863 721 4928 mutatio
738 4883 835 4946 quam
854 4861 1007 4928 Ohristus
1024 4869 1110 4928 attu-
1158 4871 1275 4949 gentes
1289 4863 1411 4929 cultam
1428 4859 1492 4929 Dei
1510 4861 1747 4939 adultembant,
1765 4861 1997 4944 professuscst
2006 4858 2131 4926 Abram

130 4949 191 5028 lit,
226 4969 294 5014 non
321 4947 452 5016 abolitio
484 4948 548 5014 luit
578 4958 726 5014 veterum
757 4948 1024 5031 promissionum,
1051 4947 1109 5014 esd
1158 4971 1195 5016 se
1215 4969 1330 5014 verum
1348 4948 1456 5026 Deum
1475 4947 1595 5014 colere:
1613 4967 1720 5031 neque
1737 4944 1772 5011 id
1789 4946 1930 5025 fortuito,
1946 4942 2005 5010 sed
2022 4965 2132 5028 qnem-

130 5037 247 5120 potius
263 5035 473 5101 confirmatio.
504 5031 601 5114 Quod
618 5053 695 5117 ergo
713 5034 904 5099 nuneDeus
923 5054 988 5099 non
1006 5053 1109 5120 popu·
1159 5032 1333 5101 admodum
1360 5054 1401 5098 ex
1429 5033 1528 5100 verbo
1556 5035 1716 5118 patefacta
1745 5031 1794 5096 illi
1820 5031 1903 5098 ratio
1923 5039 2004 5095 erat.
2047 5029 2131 5096 Inde

129 5121 205 5188 lum
229 5142 332 5186 uuum
354 5119 452 5186 habet
473 5117 667 5204 peculiarem
685 5119 720 5184 in
742 5127 829 5183 terra
850 5118 1026 5198 (lhancan,
1053 5119 1110 5186 sed
1158 5119 1352 5205 colligimus,
1374 5119 1486 5197 altare,
1509 5121 1602 5186 cuiue
1619 5119 1657 5186 fit
1678 5117 1810 5196 mentio,
1833 5137 1897 5182 non
1921 5123 2042 5181 temere
2060 5114 2131 5181 eius

129 5207 258 5290 ubique
275 5203 430 5271 diffusum
446 5225 503 5288 per
520 5225 632 5270 omnes
648 5203 764 5270 mnndi
781 5204 904 5288 plagas,
921 5203 956 5268 id
973 5225 1040 5270 non
1057 5204 1111 5271 ob
1159 5227 1258 5272 mann
1287 5212 1445 5283 ereetum,
1475 5205 1532 5272 sed
1554 5204 1668 5272 eodem
1690 5203 1754 5271 Dei
1781 5202 1880 5270 verbo
1908 5210 2133 5269 museeratnm

130 5301 204 5360 stat
214 5291 389 5375 quominus
400 5292 462 5356 rite
479 5291 639 5374 promissa
656 5290 754 5355 fuerit
771 5301 904 5356 aeterna
915 5296 1022 5356 terrae
1034 5311 1109 5374 pos·
1158 5291 1269 5358 fuisse.
1550 5295 1552 5300 '

130 5378 240 5446 sessio
257 5375 373 5442 semini
389 5374 497 5442 Abrae
515 5395 617 5458 usque
635 5376 676 5441 ad
694 5375 837 5441 futuram
856 5377 1107 5443 renovationem.

210 5477 323 5534 ouem
339 5491 432 5546 opero.
470 5477 528 5534 Vol.
550 5475 672 5532 XXIII.
1893 5473 1927 5528 la
