5000 6208
118 429 172 496 tte
258 457 262 466 ·
764 425 1137 496 COMMENTARIUS
1160 429 1210 494 IN
1233 427 1447 496 GENESIN.
2045 434 2112 500 274

117 621 227 687 eleetos
249 617 381 703 angelos
399 637 481 701 quae
502 637 561 701 per
588 616 756 701 reprobos·
770 623 910 683 exercet.
956 615 1084 682 Absur-
1136 625 1173 684 ut
1195 617 1279 682 salvi
1300 617 1495 701 perveniant
1516 617 1556 683 ad
1580 628 1725 702 portum,
1757 639 1881 687 meroes
1902 625 1935 688 et
1956 619 2121 706 quidquid

117 707 187 772 dnm
215 706 303 770 enim
331 701 417 769 forst
446 703 615 770 transferri
637 703 678 768 ad
701 701 844 783 diabolos
872 702 961 767 huno
981 700 1083 768 hono·
1136 702 1259 769 habent
1287 703 1323 767 in
1345 723 1438 769 mare
1465 703 1630 770 abiiciunt.
1675 705 1783 770 Deum
1812 705 1942 790 quidem
1964 728 2044 773 rere
2065 709 2117 774 lo·

117 813 189 871 rem,
212 798 250 855 ιι
272 799 466 856 ιιιιιιιιιι
486 809 636 874 preaesse
654 788 718 854 Dei
740 786 882 854 iudiciis:
905 787 1002 853 sicuti
1024 808 1084 853 nec
1136 797 1272 874 quntum
1296 808 1367 855 esse
1390 810 1454 855 non
1478 788 1613 870 dubitat,
1637 811 1697 856 neo
1719 804 1862 872 recusat,
1885 792 1981 858 sicuti
2002 795 2114 859 iussus

116 876 331 945 voluntarium
364 874 412 939 illi
444 873 634 958 obsequium
667 881 851 957 praestant,
885 873 942 938 sed
976 873 1085 956 potius
1137 884 1194 950 est,
1217 873 1282 940 alio
1303 875 1460 958 migrare:
1490 873 1547 939 sed
1567 878 1658 959 quasi
1681 875 1837 943 fatiscens
1858 878 1918 944 suh
1942 898 2002 944 sua
2019 879 2113 945 infir·

117 963 313 1030 contumacia
343 961 490 1026 furentes
528 959 684 1026 adversus
717 980 807 1041 eum,
847 959 942 1024 inviti
974 970 1085 1024 tamen
1137 961 1258 1038 unitate,
1282 961 1458 1044 multisque
1475 962 1561 1027 ιιιιι
1583 961 1771 1046 implicitus,
1795 963 2006 1030 claudicando
2023 964 2114 1031 lente

117 1048 288 1114 trahuntur
316 1057 354 1111 ut
385 1047 468 1111 fiant
500 1046 569 1112 eius
601 1045 776 1112 carnifices.
829 1043 981 1111 Sciamus
1007 1063 1085 1126 ergo
1136 1045 1275 1123 inoedit,
1297 1047 1353 1129 qui
1374 1066 1528 1130 propere,
1551 1047 1706 1130 nullaque
1727 1069 1819 1114 mora
1840 1050 2033 1133 interposita
2054 1071 2113 1115 ex·

116 1155 177 1200 non
198 1133 344 1199 alienum
365 1152 437 1198 esse
459 1132 500 1198 ab
521 1131 633 1198 electis
662 1132 786 1216 angelis
808 1150 944 1208 munus,
973 1138 1012 1195 ut
1033 1152 1085 1195 ar·
1137 1151 1270 1198 currere
1292 1131 1456 1198 debueret.
1501 1131 1677 1198 (laetarum
1697 1133 1733 1198 in
1757 1135 1826 1200 eius
1846 1155 1986 1218 persona
2010 1135 2112 1201 tardi·

116 1221 190 1286 mati
213 1219 256 1283 ad
278 1215 517 1300 exsequendam
540 1217 604 1282 Dei
636 1216 814 1284 vindictam
836 1227 868 1282 et
890 1213 1085 1300 infligendas
1136 1218 1216 1283 tatis
1245 1226 1377 1283 nostrae
1410 1217 1577 1303 speculum
1609 1219 1779 1303 proposuit
1805 1220 1870 1285 Dei
1896 1221 2044 1305 spiritus,
2076 1229 2114 1287 ut

170 1325 232 1370 nas
253 1301 459 1369 descendant.
505 1303 561 1370 Sin
583 1303 719 1386 angelus
741 1303 874 1368 Domini
905 1302 1084 1369 exercitum
1137 1313 1268 1386 torpore
1300 1323 1453 1383 excusso,
1487 1304 1625 1370 simulac
1654 1305 1788 1370 auribus
1819 1307 1939 1372 nostris
1969 1308 2114 1374 insonuit

115 1327 350 1468 bibentem,
384 1389 439 1472 qui
472 1388 621 1454 Hierosol
683 1409 735 1470 em
770 1386 951 1468 obsidebat,
991 1397 1085 1453 noete
1138 1410 1202 1456 vox
1231 1388 1396 1465 eoelestis,
1427 1389 1467 1453 ad
1497 1399 1681 1473 promptam
1705 1390 1923 1457 obedientiam
1951 1391 2114 1461 discamus

115 1499 177 1543 una
199 1474 322 1541 delevit
343 1472 386 1561 (2.
406 1475 488 1561 Reg.
509 1475 559 1552 19,
583 1472 624 1540 35
646 1496 654 1539 ι
677 1475 723 1542 ιιι
744 1483 778 1539 et
799 1473 935 1559 angelus
956 1482 1086 1539 exserto
1138 1495 1198 1540 nos
1219 1474 1404 1559 accingere:
1428 1474 1548 1558 alioqui
1571 1484 1701 1558 praeter
1720 1476 1811 1543 illam
1833 1477 2008 1562 pigritiem,
2031 1499 2114 1562 quae

116 1563 219 1648 gladio
248 1561 338 1627 visus
367 1568 419 1625 est
446 1559 632 1640 aDavide,
665 1580 765 1642 quum
791 1561 893 1642 pestis
925 1558 1086 1624 adversus
1137 1559 1332 1626 naturaliter
1360 1561 1455 1626 nobis
1487 1559 1627 1640 insidet,
1661 1561 1782 1628 multas
1814 1583 1959 1630 remores
1990 1566 2114 1632 inliciet

115 1647 270 1733 populum
297 1647 441 1712 saeviret
466 1644 704 1732 (rhomae,
729 1645 791 1732 16).
838 1642 946 1728 Supra
975 1652 1085 1711 autem
1138 1645 1252 1712 Satan.
1302 1645 1351 1712 Ut
1383 1653 1492 1712 autern
1524 1647 1632 1731 angeli
1665 1647 1782 1714 melius
1804 1648 1872 1713 Lot
1893 1649 2114 1732 exstimulent,

114 1733 281 1812 admonui,
309 1740 457 1816 repetere
486 1731 620 1815 angelos
642 1730 728 1814 qnod
751 1730 906 1797 Abrahae
936 1730 1087 1797 dixerant
1137 1741 1262 1797 metum
1284 1732 1449 1816 ingerunt,
1472 1752 1510 1797 ne
1523 1733 1682 1813 perdatur
1702 1735 1738 1798 ιιι
1757 1733 1845 1800 erbis
1866 1735 2039 1817 iniquitate,
2061 1736 2113 1803 vel

115 1819 324 1886 declamare:
348 1829 385 1882 ut
402 1816 463 1882 loci
481 1814 694 1882 detestatione
712 1818 778 1881 Lot
794 1816 899 1900 magis
917 1815 1086 1900 impellant
1137 1837 1249 1900 poena.
1280 1817 1365 1882 Nem
1384 1832 1436 1914 pp,
1459 1825 1633 1901 utrumqne
1655 1817 1825 1903 signifieat.
1863 1820 1939 1888 Non
1962 1821 2046 1905 quod
2063 1822 2115 1886 in-

114 1904 151 1970 ad
173 1905 287 1988 fugam
309 1901 550 1986 capessendam,
573 1915 606 1968 ιι
627 1904 695 1968 irae
712 1901 778 1968 Dei
800 1914 890 1967 metu
912 1903 1087 1968 sollicitent
1137 1903 1253 1969 noxios
1275 1914 1398 1969 temere
1415 1903 1578 1968 Dominus
1596 1904 1630 1969 in
1652 1903 1791 1972 eundem
1809 1926 1884 1972 oum
1901 1905 2012 1991 impiis
2029 1929 2118 1974 acer-

114 1987 395 2074 adquaerendam
421 1988 570 2054 salutem.
1138 2009 1218 2053 rum
1245 1989 1411 2055 coniiciet:
1442 1989 1498 2053 sed
1522 1989 1598 2072 quie
1626 1988 1745 2074 dignus
1765 1998 1816 2056 est
1837 1990 1894 2074 qui
1924 2003 2037 2074 perant
2060 1993 2116 2078 qui

198 2076 250 2140 14.
273 2074 317 2139 Et
343 2094 484 2158 opressus
506 2073 572 2139 Lot.
617 2072 717 2139 Fides
745 2073 849 2139 sancti
879 2071 941 2138 viri
963 2073 1029 2137 Lot
1050 2072 1087 2137 in
1139 2075 1201 2141 sibi
1223 2073 1392 2140 consulere
1414 2095 1479 2139 non
1502 2075 1589 2140 vult:
1618 2075 1686 2140 imo
1714 2075 1770 2159 qui
1794 2076 1981 2144 admonitus
2003 2089 2040 2143 ut
2062 2099 2117 2144 oa·

113 2183 148 2229 eo
169 2164 315 2246 primum
333 2160 452 2224 enituit
469 2158 554 2242 quod
574 2161 658 2225 sario
676 2159 852 2243 pertimuit,
875 2177 913 2223 ae
932 2158 1087 2223 humilia·
1140 2167 1224 2240 reat,
1245 2181 1305 2224 sua
1327 2157 1450 2225 desidia
1471 2160 1586 2226 ruinae
1608 2181 1643 2226 se
1666 2183 1707 2225 ex
1730 2161 1809 2226 onit.

111 2256 164 2314 tus
186 2246 298 2312 estad
316 2245 380 2310 Dei
402 2246 524 2310 minas:
548 2243 664 2309 deinde
685 2244 770 2330 quod
793 2246 828 2308 in
850 2242 957 2309 medio
976 2251 1087 2308 tamen
1226 2246 1275 2311 16.
1299 2245 1344 2310 Ει
1364 2245 1525 2324 amabat,
1553 2252 1582 2312 ιι
1609 2267 1693 2329 appr
1897 2248 1970 2313 oiri.
2015 2249 2116 2316 Prius

112 2334 211 2399 exitio
237 2332 432 2416 promissam
461 2329 522 2396 sibi
550 2331 690 2396 salutem
719 2329 943 2414 apprehendit.
989 2328 1085 2410 Quod
1139 2331 1247 2397 verbis
1268 2331 1435 2397 instabant
1456 2330 1578 2416 angeli:
1601 2353 1690 2398 nuno
1708 2352 1809 2397 manu
1827 2341 1861 2399 et
1877 2355 1912 2398 re
1930 2333 2002 2417 ipsa
2019 2336 2113 2417 quasi

111 2429 222 2485 antem
244 2418 279 2482 in
302 2417 490 2483 societatem
510 2436 647 2501 generos
668 2437 744 2482 suos
772 2416 909 2495 invitat,
938 2414 1013 2482 talis
1035 2436 1085 2480 se·
1138 2417 1297 2482 violenter
1318 2417 1484 2484 hominem
1506 2418 1548 2483 ad
1564 2417 1773 2502 migrandum
1794 2419 1999 2501 compellunt.
2026 2420 2114 2486 Mira

112 2505 233 2570 dulitas
255 2502 348 2569 decet
369 2501 453 2567 filios
471 2502 543 2579 Dei,
567 2511 604 2567 ut
626 2501 730 2574 modis
751 2501 902 2566 omnibus
923 2521 1000 2566 suos
1022 2501 1085 2567 eri·
1138 2523 1216 2568 sane
1237 2503 1380 2569 hominis
1402 2502 1548 2582 tarditas,
1571 2504 1627 2587 qui
1645 2525 1745 2588 quum
1766 2513 1855 2570 serto
1876 2524 2052 2588 persuasus
2069 2507 2113 2572 sit

109 2611 186 2674 pere
210 2588 365 2654 studeant
386 2587 427 2652 ab
450 2587 557 2652 exitio.
602 2585 711 2668 Quum
742 2595 853 2652 autem
875 2585 954 2652 dicit
975 2587 1086 2652 Moses
1137 2609 1203 2654 non
1239 2589 1363 2653 frustra
1397 2587 1516 2654 minari
1544 2588 1691 2674 angelos,
1720 2589 1820 2654 nullis
1849 2590 2023 2656 verborum
2052 2593 2113 2656 sti-

108 2676 220 2741 risum
248 2675 350 2740 inisse
377 2673 490 2751 iocari,
519 2693 634 2739 sensus
660 2681 710 2738 est
735 2682 956 2755 contemptum
984 2672 1086 2737 luisse
1138 2674 1238 2740 mulis
1260 2674 1425 2748 incitatur,
1448 2674 1550 2740 donec
1571 2673 1722 2740 manibus
1744 2695 1856 2739 eorum
1879 2676 2031 2741 trahatur
2053 2698 2111 2742 ex·

110 2769 142 2826 et
164 2759 312 2826 derisum
334 2759 427 2842 pium
455 2779 583 2835 senem,
604 2766 639 2824 et
659 2777 720 2841 pro
741 2757 851 2823 fabula
872 2758 972 2824 fuisse
993 2757 1085 2824 hahi-
1137 2769 1190 2826 tra
1211 2760 1335 2826 urbem.
1371 2758 1462 2825 Dicit
1480 2758 1648 2825 Ohristus:
1672 2761 1766 2828 Licet
1787 2759 1921 2843 spiritus
1941 2773 2113 2846 promptus

107 2857 180 2912 tum
203 2844 290 2930 quod
313 2843 455 2911 dicebat:
478 2845 554 2927 quia
574 2852 730 2929 putarent
746 2843 794 2907 illi
812 2843 934 2909 deliriis
955 2851 1086 2927 captum
1138 2846 1198 2924 sit,
1220 2867 1352 2912 earnem
1375 2866 1446 2912 esse
1467 2845 1648 2911 infirmam:
1675 2845 1728 2913 hio
1751 2843 1894 2912 deterius
1917 2847 2030 2912 vitium
2053 2869 2113 2914 no·

107 2933 234 2998 frustra
256 2931 319 2998 sibi
363 2929 520 2995 oriculum
542 2932 675 3014 fingere.
719 2929 796 2994 Non
818 2949 896 3014 ergo
915 2928 1007 2995 ιιιιιι
1024 2929 1087 2995 fuit
1139 2939 1242 3011 tatur,
1276 2929 1363 3016 quod
1391 2951 1452 2998 sua
1480 2932 1612 3016 ignavia
1641 2949 1716 2997 caro
1745 2932 1880 3015 spiritus
1912 2931 2114 3000 alacritatem

106 3017 173 3084 illis
196 3017 270 3082 Lot
292 2950 405 3081 ludbre
430 3036 472 3080 ex
500 3015 661 3098 professo,
694 3026 752 3079 aut
781 3015 910 3082 venisse
938 3014 1086 3098 nugandi
1140 3018 1338 3101 restinguat,
1367 3025 1404 3083 ut
1421 3016 1511 3082 lenta
1528 3011 1762 3083 claudicatione
1780 3019 1836 3082 vix
1853 3025 1983 3101 raptare
2000 3020 2112 3102 possit.

105 3124 225 3170 eausa:
267 3099 324 3168 sed
361 3100 544 3166 fabulosum
586 3100 751 3166 duxerunt
783 3100 853 3165 eius
885 3119 1084 3166 sermonem:
1138 3102 1247 3186 Atque
1274 3101 1373 3169 huius
1400 3103 1532 3186 quidem
1561 3103 1640 3168 mali
1669 3124 1729 3168 sua
1761 3104 1877 3187 cuique
1909 3104 2115 3186 experientia

103 3191 184 3273 qnia
208 3187 268 3254 ubi
289 3208 356 3252 non
379 3185 491 3253 subest
512 3186 627 3270 religio
649 3196 681 3252 et
704 3186 803 3251 timor
824 3184 906 3264 Dei,
929 3194 1086 3269 tanquam
1138 3188 1232 3254 testie
1254 3199 1320 3253 est:
1349 3209 1412 3272 qno
1435 3190 1558 3253 maiore
1580 3187 1687 3254 studio
1709 3186 1821 3254 fideles
1843 3188 1925 3254 eniti
1946 3187 2052 3269 decet,
2074 3200 2114 3256 ut

103 3276 207 3341 inane
237 3285 271 3340 ιι
296 3272 457 3338 lusorium
484 3272 650 3338 evanescit
677 3270 833 3357 quidquid
856 3270 896 3337 de
925 3269 1084 3338 scelerum
1138 3295 1173 3340 se
1191 3273 1232 3340 ιιι
1251 3275 1360 3340 Deum
1377 3271 1579 3356 sequendum
1601 3273 1793 3358 expediant:
1817 3295 1931 3341 cavere
1954 3274 2053 3341 etiam
2071 3297 2114 3342 ne

100 3380 214 3446 poena
245 3359 373 3426 dicitur.
418 3357 526 3441 Atque
555 3358 633 3424 hinc
658 3357 873 3442 perspicimus
895 3378 992 3442 quam
1015 3358 1084 3423 exi·
1137 3359 1232 3426 velut
1260 3358 1368 3424 surdis
1396 3359 1530 3426 auribus
1558 3357 1765 3426 dissimulent
1787 3360 1857 3426 eius
1882 3359 1999 3428 minas.
2043 3360 2114 3426 Neo

98 3447 183 3512 tiale
212 3445 340 3510 malum
367 3445 411 3510 sit
439 3444 614 3520 securitas,
642 3464 724 3526 quae
751 3442 929 3528 impiorum
957 3452 1086 3509 mentes
1138 3464 1217 3510 vero
1245 3453 1314 3510 tam
1342 3443 1485 3511 studiose
1514 3465 1660 3528 unquam
1682 3451 1716 3509 et
1736 3443 1855 3510 acriter
1876 3466 1911 3511 se
1939 3444 2113 3530 urgebunt,

100 3533 149 3598 sic
180 3526 345 3608 inebriat,
374 3531 440 3595 imo
470 3527 626 3607 fascinat,
656 3539 693 3594 ut
714 3529 824 3594 Deum
851 3549 916 3594 non
944 3528 1085 3613 amplius
1138 3531 1218 3614 quin
1247 3530 1354 3599 adhuc
1387 3530 1463 3615 plus
1492 3530 1573 3597 satis
1595 3530 1630 3595 in
1658 3529 1765 3596 officio
1794 3537 2000 3598 cunctentur.
2045 3531 2115 3598 No·

97 3626 225 3702 putent
253 3615 366 3682 sedere
390 3616 425 3680 in
457 3614 547 3681 coelo
574 3614 733 3681 iudinem:
762 3623 860 3698 atque
888 3615 936 3680 ita
962 3612 1086 3699 stupidi
1139 3627 1211 3682 tatu
1228 3617 1326 3682 etiam
1349 3617 1485 3702 dignum
1508 3624 1559 3682 est
1582 3615 1668 3700 quod
1692 3614 1770 3682 dicit
1791 3616 1911 3694 Moses,
1932 3614 2115 3684 Dominum

101 3710 245 3787 torpent
261 3703 296 3766 in
318 3701 386 3768 suis
408 3700 513 3780 malis,
536 3698 637 3766 donec
654 3699 762 3768 subita
779 3699 877 3767 ruina
898 3699 1086 3783 oppriman·
1139 3703 1227 3768 servi
1243 3703 1413 3768 misertum
1432 3723 1513 3782 esse,
1532 3701 1610 3767 dum
1627 3701 1832 3785 apprehensa
1848 3701 1918 3767 eius
1936 3721 2037 3767 manu
2054 3723 2114 3786 per

101 3796 175 3869 tur,
209 3807 312 3872 quum
346 3785 473 3853 dieunt:
504 3786 576 3851 Pax
603 3793 638 3850 ot
671 3787 836 3852 securitas.
886 3786 1086 3852 Praesertim
1139 3788 1274 3874 angelos
1296 3795 1390 3854 extra
1411 3786 1526 3853 urbem
1543 3808 1619 3853 eum
1641 3789 1757 3870 rapuit.
1794 3785 1851 3854 Sic
1873 3787 1960 3852 enim
1983 3807 2115 3855 necesse

102 3897 195 3954 vero,
220 3894 285 3957 qno
305 3872 439 3956 propius
459 3871 561 3938 instat
581 3870 646 3936 Dei
668 3871 823 3952 vindicta,
845 3871 950 3956 magis
971 3871 1088 3938 crescit
1141 3883 1193 3940 est
1214 3894 1273 3940 nos
1294 3893 1391 3957 saepe
1414 3873 1573 3939 violenter
1595 3872 1680 3938 trebi
1703 3871 1791 3937 unde
1818 3881 1933 3956 sponte
1956 3894 2021 3938 non
2043 3876 2115 3940 exi·

100 3969 134 4026 et
154 3957 350 4026 obdurescit
368 3977 481 4024 eorum
499 3957 683 4022 obstinatio.
719 3956 811 4022 Nihil
828 3955 958 4041 quidem
976 3954 1087 4042 impiis
1138 3981 1227 4025 mus:
1251 3959 1279 4025 si
1296 3961 1349 4024 cui
1371 3958 1536 4025 obstaculo
1558 3966 1636 4023 sunt
1653 3958 1705 4023 ιιι
1728 3958 1870 4039 ιιιιιιιιι,
1891 3958 1944 4024 ιιι
1963 3959 2114 4038 honores,

99 4047 218 4130 magis
240 4041 406 4126 trepidum
427 4053 477 4108 est
499 4063 536 4109 ao
557 4043 802 4123 meticulosum,
823 4042 880 4109 ubi
901 4042 965 4109 Dei
986 4063 1087 4108 manu
1139 4045 1193 4112 ιιι
1215 4045 1279 4111 alia
1297 4046 1366 4111 eius
1430 4044 1528 4124 neris,
1549 4043 1723 4127 quomirius
1741 4044 1823 4110 liber
1840 4065 1877 4110 ao
1896 4043 2022 4110 solutus
2039 4043 2113 4112 Deo

100 4140 289 4218 urgentur:
313 4128 370 4195 sed
393 4127 495 4195 donee
513 4129 547 4194 ιι
568 4129 671 4196 eoacti
693 4137 898 4212 praesentem
921 4149 1017 4194 suum
1036 4129 1086 4193 in·
1139 4153 1174 4196 se
1197 4129 1340 4197 addicat:
1371 4153 1392 4195 u
1414 4131 1426 4195 i
1454 4130 1624 4213 continget
1651 4129 1757 4194 minui
1779 4128 1846 4194 suis
1874 4129 2029 4210 ιοιιιιιιι,
2058 4130 2113 4196 ιιι

98 4219 248 4284 ιιιιιιιι
271 4215 424 4294 sentiant,
445 4235 559 4280 omnes
576 4214 682 4279 minas
700 4213 753 4279 ιιι
774 4213 923 4299 superbis
940 4212 1087 4282 ludibriis
1138 4217 1212 4301 cogi
1234 4217 1268 4281 in
1290 4217 1454 4295 ordinem,
1484 4216 1566 4282 sciat
1593 4234 1728 4280 manum
1750 4235 1842 4280 suam
1869 4214 2070 4298 apprehendi
2093 4237 2114 4282 a

98 4303 275 4381 reiieiunt,
298 4299 351 4365 ιιι
369 4301 580 4383 contemptim
601 4309 818 4383 praetereunt.
854 4301 957 4384 Atqui
975 4319 1088 4366 eorum
1139 4301 1297 4367 Domino:
1328 4302 1405 4386 quia
1432 4323 1498 4367 non
1527 4299 1608 4366 satis
1634 4299 1842 4383 profecerant
1868 4299 1969 4365 verba
1994 4310 2027 4366 et
2054 4321 2112 4366 ex·

97 4388 261 4456 socordia
286 4385 536 4470 expergefacere
563 4404 624 4450 nos
646 4384 743 4450 debet
763 4386 805 4451 ad
833 4385 899 4450 Dei
928 4386 1087 4465 timorem,
1138 4387 1350 4454 hortationes.
1380 4387 1456 4453 Non
1474 4394 1525 4453 est
1540 4407 1619 4471 ergo
1636 4406 1695 4451 cur
1717 4404 1814 4470 aegre
1835 4385 1980 4450 feramus
2002 4389 2113 4452 sanari

97 4487 138 4540 ut
170 4493 310 4556 semper
340 4473 442 4536 simus
474 4470 617 4537 solliciti:
650 4479 730 4537 tuno
757 4492 835 4537 vero
863 4472 1006 4537 maxime
1030 4471 1087 4538 ubi
1139 4473 1293 4539 violentis
1319 4473 1472 4540 remediis
1499 4471 1647 4550 morbos,
1678 4471 1795 4555 quibus
1823 4470 2024 4556 corrigendis
2045 4492 2112 4537 non

95 4561 245 4646 signum
266 4556 399 4640 aliquod
419 4557 488 4622 irae
511 4557 575 4623 Dei
596 4577 631 4622 se
651 4557 784 4640 profert.
1138 4559 1217 4626 satis
1249 4559 1365 4624 efficax
1398 4567 1448 4624 est
1487 4557 1643 4624 doctrina.
1700 4554 1841 4621 Videtur
1872 4557 1972 4622 etiam
2004 4559 2111 4624 maius

194 4643 251 4709 15.
275 4642 445 4708 Instabam
461 4641 572 4728 sepeli.
616 4641 769 4709 Laudats
789 4642 853 4708 fide
866 4643 941 4707 ¹Irot
962 4649 996 4707 et
1016 4643 1085 4727 pie·
1138 4642 1292 4728 quiddam
1313 4651 1427 4710 notare
1449 4644 1568 4721 Moses,
1589 4662 1705 4725 nempe
1726 4640 1792 4706 Dei
1813 4641 2020 4707 clementiam
2043 4665 2113 4709 cer·

94 4739 182 4808 tate,
210 4729 324 4794 Moses
346 4726 468 4811 aliquid
494 4729 631 4794 humani
660 4728 760 4795 luisse
781 4749 911 4879 passum
934 4729 1086 4807 ostendit,
1138 4738 1226 4796 tasse
1256 4751 1330 4795 oum
1359 4730 1492 4813 pigritia
1514 4728 1595 4794 Lot:
1623 4748 1729 4811 neque
1757 4727 1846 4793 enim
1868 4748 1926 4810 per
1948 4749 2023 4792 eum
2045 4737 2112 4795 sta-

94 4818 182 4902 qnia
211 4814 400 4880 tardantem
429 4813 539 4898 angeli
566 4815 733 4899 instigent.
811 4834 886 4879 erro
912 4834 1009 4880 cause
1036 4814 1086 4897 pi·
1137 4815 1195 4880 bat
1216 4817 1294 4899 quin
1316 4813 1499 4881 cunctando
1527 4813 1747 4898 propinquum
1769 4815 1835 4878 iam
1856 4813 2025 4878 interitum
2049 4814 2120 4882 sibi.

92 4903 230 4990 gritiae
248 4920 319 4964 asse
335 4901 443 4984 potuit
464 4898 550 4982 quod
568 4920 604 4965 se
620 4899 657 4964 in
675 4900 827 4966 exsilium
845 4898 935 4964 abire
952 4898 1083 4984 cogitat:
1138 4909 1333 4968 accerseret:
1357 4902 1519 4967 Dominus
1547 4907 1656 4966 tamen
1684 4918 1752 4963 non
1773 4897 1869 4962 modo
1892 4898 1939 4963 illi
1960 4898 2114 4984 ignoscit,

91 4991 145 5054 ita
178 4984 386 5069 multiplices
418 5005 516 5052 curae
542 4993 575 5050 et
606 4993 713 5051 metus
745 4985 909 5069 trepidum
939 4986 1086 5050 animum
1137 4985 1194 5052 sed
1209 4988 1285 5070 quia
1299 4986 1371 5052 vult
1388 4986 1515 5053 salvum
1533 5005 1613 5061 esee,
1632 4983 1725 5067 quasi
1741 4984 1946 5050 restitantem
1965 4985 2114 5052 adhibita

92 5071 316 5160 perturbant.
350 5071 490 5138 Dubitat
508 5072 595 5137 enim
612 5069 689 5154 quid
711 5072 847 5156 profugo
867 5071 1016 5136 futurum
1033 5071 1086 5149 sit,
1137 5093 1238 5138 manu
1260 5071 1371 5137 trahit.

91 5161 156 5228 ubi
182 5157 307 5224 relicta
328 5156 422 5221 domo
444 5167 477 5222 et
498 5157 730 5241 suppellectile,
753 5157 861 5222 nudus
882 5163 915 5222 et
935 5157 1030 5240 inops
1051 5157 1086 5220 in
1224 5159 1274 5223 l'l.
1298 5157 1408 5224 Ειιιᾱι
1422 5177 1484 5240 pro
1504 5157 1614 5222 aalma
1635 5159 1699 5220 tue.
1744 5152 1817 5219 Ηοι
1839 5152 1986 5220 additum
2009 5156 2070 5221 fuit
2091 5179 2115 5223 a

91 5245 281 5312 desertum
298 5241 438 5325 aliquem
453 5242 800 5310 loeumseeontulerit.
829 5242 944 5326 Neque
960 5242 1088 5307 interea
1139 5243 1246 5320 Mose,
1275 5255 1311 5308 ut
1338 5245 1477 5309 sciemus
1499 5262 1565 5306 non
1595 5238 1756 5306 modoad
1784 5251 1986 5305 momentum
2015 5244 2113 5311 nobis

91 5325 352 5417 reputatidem
370 5328 628 5396 sibifaoiendum
646 5328 821 5414 essequod
835 5329 1002 5412 naufragis
1019 5327 1085 5411 qui,
1137 5330 1260 5415 porrigi
1282 5349 1416 5394 manum
1440 5350 1459 5393 a
1481 5327 1638 5404 Domino,
1666 5338 1705 5390 nt
1726 5325 1866 5392 salutem
1895 5335 2038 5394 nostram
2060 5329 2116 5396 in-

217 5428 335 5487 Oeloiei
350 5443 442 5499 opera.
481 5430 540 5487 Vol.
558 5429 681 5487 XXIII.
1878 5427 1913 5483 18
