4988 6192
394 407 460 474 443
1055 397 1427 472 COMMENTARIUS
1447 406 1497 471 IN
1521 405 1734 472 GENESIN.
2328 405 2384 470 444

396 616 588 681 oppugnans
609 595 697 659 vires
716 592 856 656 invictas
877 559 1203 672 suppeditat'quibus
1224 591 1369 676 superio·
1419 595 1577 660 victorem
1599 595 1702 662 videt:
1724 615 1815 660 more
1838 596 1982 660 humano
2004 596 2147 679 loquitur
2168 595 2287 659 Moses.
2320 590 2382 658 Sti·

395 704 449 748 res
478 682 589 746 simus.
640 679 717 762 Ipse
743 675 874 760 quidem
902 675 988 758 apud
1018 697 1052 740 se
1081 677 1209 760 integer
1242 691 1368 743 manet:
1419 681 1604 746 musenim
1628 680 1780 746 utDeus
1806 701 1906 746 esua
1927 682 2096 746 maiestate
2118 680 2159 745 ad
2178 701 2237 744 nes
2258 678 2382 744 descen·

396 767 453 834 sed
475 767 571 831 aliter
592 763 731 847 exprimi
755 783 819 827 non
842 771 947 845 potest
975 760 1098 846 duplex
1119 761 1177 825 illa
1199 763 1283 828 ratio
1305 783 1370 846 qua
1420 765 1515 846 dens,
1545 785 1628 850 quae
1654 769 1787 850 propria
1807 774 1885 831 sunt
1906 767 2077 832 hominnm
2099 767 2134 830 in
2156 785 2192 831 ee
2214 765 2382 831 mansferrc

396 852 563 919 nobiscum
586 852 670 934 agit,
702 847 787 932 quod
810 847 954 912 humana
976 850 1149 931 virgenus
1172 851 1368 932 percutiens,
1419 851 1532 917 select.
1584 852 1730 917 Noverat
1759 861 1846 916 certe
1875 852 2038 917 Dominus
2072 871 2201 936 pugnae
2230 861 2382 929 eventum,
2478 915 2479 920 ,

395 961 460 1004 non
492 938 614 1003 exserit
643 935 756 1016 plenas
784 934 873 998 vires
895 932 930 996 in
964 935 1157 998 tentatione:
1192 933 1268 999 fidei
1290 955 1369 1000 vero
1419 945 1592 1020 antequam
1614 938 1650 1002 in
1672 957 1805 1005 arenam
1834 937 2061 1004 descenderet:
2089 940 2154 1003 imo
2176 937 2242 1002 iam
2271 944 2383 1002 statue
2478 951 2479 960 ’

395 1031 528 1090 noemae
545 1021 724 1089 concedens
746 1019 924 1098 victoriam,
951 1039 986 1082 se
1003 1019 1075 1101 ipsc
1092 1019 1128 1082 in
1146 1019 1240 1086 nobis
1257 1021 1370 1086 fortior
1419 1034 1471 1088 rat
1488 1020 1565 1106 quid
1587 1022 1734 1089 facturus
1747 1033 1840 1099 esset,
1860 1043 1973 1089 verum
1992 1024 2063 1089 eius
2075 1022 2218 1108 cognitio
2239 1043 2300 1105 pro
2321 1023 2384 1106 ipsa

395 1120 454 1176 est.
488 1109 685 1190 Quanquam
696 1115 806 1172 autem
824 1106 906 1169 istae
924 1103 1077 1186 loquendi
1095 1106 1217 1171 formae
1235 1127 1369 1190 asperae
1420 1109 1468 1174 rei
1491 1109 1695 1190 experientia
1717 1110 1856 1191 ponitur.

396 1203 487 1273 sunt,
517 1195 653 1259 daritim
676 1203 786 1256 tamen
808 1190 902 1254 facile
930 1189 1134 1273 mitigabitur
1154 1191 1212 1256 ubi
1234 1207 1369 1258 ventum
1509 1195 1620 1279 Tetigit
1624 1195 1744 1277 polam.
1773 1193 1969 1276 Quanquam
1988 1193 2125 1258 victoria
2142 1192 2383 1275 potiturIaccb:

392 1281 497 1347 inerit
528 1280 569 1344 ad
601 1278 728 1362 praxiu.
779 1277 862 1341 Nem
897 1275 925 1340 si
959 1277 1155 1342 tentationes
1187 1289 1267 1343 sunt
1300 1297 1369 1342 cer·
1420 1281 1560 1362 percutit
1583 1292 1692 1344 tamen
1721 1301 1796 1345 eum
1826 1279 1963 1364 angelus
1989 1279 2024 1343 in
2054 1279 2194 1358 femore,
2227 1276 2317 1344 unde
2344 1279 2385 1344 illi

395 1367 522 1433 tamine
538 1365 671 1452 (scimus
690 1373 800 1427 autem
819 1381 883 1428 non
901 1363 1148 1442 coaeternitas,
1171 1364 1226 1428 sed
1250 1364 1369 1428 divini·
1420 1386 1523 1448 usque
1544 1365 1586 1430 ad
1605 1366 1692 1430 vitae
1709 1366 1809 1430 finem
1828 1365 1927 1430 durat
1948 1364 2153 1430 claudicatio.
2183 1364 2257 1430 Etsi
2283 1373 2384 1430 antem
2478 1371 2479 1374 ’

395 1463 450 1519 tus
473 1452 566 1517 nobis
588 1448 728 1534 iniungi)
755 1447 833 1512 hinc
854 1448 1001 1530 sequitur
1026 1447 1133 1513 Deum
1158 1469 1254 1532 agere
1277 1459 1369 1515 anta·
1420 1461 1582 1518 necturna
1610 1450 1693 1516 visio
1719 1452 1797 1528 fuit,
1821 1451 1983 1516 Dominus
2006 1461 2118 1515 tamen
2139 1457 2269 1516 exstare
2292 1452 2384 1516 vesti·

396 1539 544 1624 genistae
571 1555 761 1620 persenam:
791 1532 879 1598 unde
901 1534 1026 1616 reliqua
1052 1533 1251 1618 dependent:
1283 1534 1369 1618 quod
1419 1539 1511 1621 gum
1529 1535 2023 1612 illuddiebusomnibusveluit,
2045 1536 2134 1601 unde
2147 1545 2275 1619 pateret
2297 1537 2385 1601 inane
2478 1551 2479 1590 ῑ

396 1625 520 1690 scilicet
540 1625 574 1687 in
604 1621 676 1704 ipsa
705 1622 884 1684 tentatione
912 1619 1063 1684 infirmus
1093 1635 1227 1704 apparet
1255 1633 1370 1687 centra
1420 1643 1487 1688 nen
1510 1623 1610 1690 fuisse
1629 1624 1802 1687 somnium.
1832 1623 1936 1687 Porro
1958 1622 2019 1687 hcc
2041 1623 2136 1706 signo
2157 1623 2221 1706 piis
2244 1623 2385 1686 omnibus

395 1731 473 1787 nos,
506 1719 544 1774 ut
576 1710 686 1772 vincat
714 1707 747 1770 in
778 1704 880 1769 nobis.
927 1703 1069 1784 Quidam
1100 1706 1162 1771 hoc
1195 1706 1236 1770 ad
1269 1727 1368 1772 unam
1420 1721 1586 1774 ostensum
1619 1719 1669 1774 est
1697 1708 1859 1790 quomedo
1889 1709 1924 1771 in
1957 1708 2192 1773 tentationibus
2223 1719 2387 1790 emergant
2478 1723 2479 1726 ’

396 1794 615 1861 tentationum
645 1791 785 1876 speciem
814 1792 1032 1874 restringunt,
1062 1791 1117 1856 ubi
1140 1792 1233 1858 Deus
1261 1793 1369 1876 palam
1420 1797 1575 1862 victores:
1599 1813 1716 1876 nempe
1738 1788 1785 1859 sic
1807 1805 1845 1858 ut
1865 1794 2000 1858 interim
2022 1792 2197 1858 laedantur
2221 1813 2259 1858 ac
2278 1795 2386 1858 vulne·

397 1893 431 1946 et
454 1883 545 1964 quasi
568 1901 608 1944 ex
630 1878 774 1961 professo
796 1875 1021 1942 adversarium
1045 1877 1196 1956 ostendit,
1222 1879 1314 1960 quasi
1336 1880 1369 1942 in
1420 1889 1544 1945 rentur.
1579 1878 1711 1946 Scimus
1731 1880 1820 1944 enim
1841 1878 1907 1943 Dei
1929 1880 2084 1944 virtutem
2108 1879 2144 1943 in
2166 1887 2283 1944 nestra
2304 1880 2387 1944 infir
2478 1909 2479 1932 ι

397 1968 536 2033 exitium
569 1979 717 2029 nostrum
751 1973 907 2027 armatus.
953 1963 998 2026 Et
1027 1973 1115 2028 certe
1138 1985 1158 2027 a
1180 1963 1370 2047 vulgaribus
1421 1969 1536 2032 mitate
1562 1967 1675 2050 perfici
1703 1976 1742 2030 ut
1771 1965 1922 2048 gloriatio
1957 1976 2072 2030 nostra
2103 1983 2176 2029 cum
2206 1962 2387 2029 humilitate

395 2055 493 2119 luctis
515 2051 648 2116 differre
670 2049 762 2113 illam
782 2045 896 2126 fateor,
914 2053 953 2112 'et
971 2069 1051 2133 prae
1069 2049 1140 2114 aliis
1163 2045 1319 2114 eximium
1338 2059 1371 2114 et
1419 2054 1593 2128 coniuncta
1614 2052 1670 2129 sit,
1701 2071 1778 2115 nam
1801 2051 1829 2116 si
1852 2059 1977 2116 starent
2006 2050 2100 2116 nobis
2122 2051 2274 2134 integrae
2302 2052 2388 2128 vires,

395 2140 487 2222 quasi
511 2139 678 2202 heroicum
700 2133 799 2200 robur
822 2134 996 2217 postulare.
1041 2135 1115 2217 lige
1137 2143 1248 2200 tamen
1271 2133 1372 2200 liben-
1422 2138 1574 2220 nullaque
1596 2147 1682 2202 esset
1704 2157 1745 2200 ex
1767 2136 1946 2202 certamine
1969 2136 2069 2201 laesio
2090 2135 2145 2201 vel
2167 2135 2306 2214 luxatio,
2331 2146 2387 2200 sta·

395 2235 446 2290 ter
468 2245 564 2289 omne
587 2242 691 2306 genna
717 2220 898 2286 certamina
926 2220 1123 2303 complector
1152 2222 1270 2304 quibus
1296 2241 1372 2287 suos
1421 2226 1481 2289 tim
1503 2243 1579 2288 caro
1599 2221 1827 2301 insolesceret,
1850 2235 1882 2286 et
1903 2220 2173 2288 oblivisceremur
2189 2222 2255 2287 Dei
2273 2221 2388 2287 auxilie

395 2310 509 2375 fideles
542 2309 634 2373 Dens
671 2313 818 2371 exercet:
857 2305 1120 2388 quandoquidem
1152 2307 1191 2370 in
1221 2307 1372 2374 omnibus
1421 2330 1481 2375 nos
1503 2309 1630 2375 vicisse.
1670 2307 1851 2394 Acceptum
1875 2317 1985 2372 autem
2007 2307 2137 2387 vulnus,
2160 2317 2302 2390 atquae
2322 2307 2389 2372 inde
2478 2309 2479 2322 *

397 2397 505 2462 Deum
536 2395 658 2458 habent
686 2391 946 2475 antagonistam:
979 2391 1057 2456 licet
1083 2413 1149 2456 non
1178 2413 1308 2475 semper
1336 2413 1372 2457 se
1421 2395 1570 2478 seqnitur
1588 2393 1748 2471 debilitas,
1772 2392 1813 2457 ad
1836 2392 2029 2458 modestiam
2052 2414 2113 2458 nos
2133 2393 2229 2477 cogit.

397 2481 464 2546 illis
485 2481 650 2545 infensum
674 2485 785 2559 aperte
806 2476 934 2543 clamet.
972 2474 1069 2559 Quod
1092 2478 1201 2542 virum
1224 2478 1373 2543 nominat
1507 2481 1558 2545 26.
1590 2478 1722 2544 Dimitte
1741 2499 1798 2544 me.
1849 2477 1942 2543 Deus
1970 2479 2126 2544 victoriae
2147 2479 2280 2544 laudem
2304 2499 2389 2543 servo
2478 2489 2479 2548 i

398 2567 508 2633 Moses
531 2586 625 2649 quem
656 2562 753 2647 paule
783 2571 857 2644 post
879 2562 986 2628 Deum
1015 2563 1116 2628 fuisse
1145 2573 1301 2641 testatur,
1326 2564 1371 2627 lo-
1423 2587 1482 2632 suo
1504 2564 1663 2640 concedit,
1685 2574 1720 2629 et
1741 2563 1907 2630 discedere
1929 2579 2063 2647 paratus
2083 2576 2132 2629 eat
2152 2579 2309 2646 tanquam
2334 2565 2389 2628 vir·
2478 2639 2479 2644 γ

399 2652 514 2736 quatio
532 2661 581 2717 est
598 2649 678 2715 satis
695 2649 783 2713 trita.
817 2647 905 2729 Quia
922 2649 1009 2713 enim
1028 2650 1088 2715 snb
1106 2650 1248 2714 hominis
1266 2649 1373 2733 specie
1424 2661 1495 2718 tute
1516 2652 1639 2734 impar:
1668 2671 1732 2715 non
1755 2648 1841 2733 quod
1862 2649 2011 2716 inducias
2031 2663 2143 2733 petere
2163 2670 2245 2732 opus
2269 2650 2390 2724 habeat,
2478 2649 2479 2730 ,

400 2738 551 2821 apparuit
573 2737 675 2812 Deus,
696 2733 773 2800 inde
796 2754 915 2798 nomen
938 2746 1122 2799 mutuatur:
1156 2736 1254 2800 sicuti
1275 2756 1373 2819 prop-
1424 2740 1517 2805 cuius
1540 2747 1649 2820 partes
1671 2748 1750 2800 sunt
1771 2734 1921 2800 inducias
1942 2735 1994 2801 vel
2016 2756 2130 2818 pacem
2153 2736 2248 2812 dare,
2272 2737 2389 2818 quoties

400 2832 451 2889 ter
472 2821 599 2888 visibile
622 2819 816 2906 symbolum,
838 2820 974 2904 spiritus
996 2829 1133 2886 vocatur
1154 2821 1316 2896 columba,
1340 2831 1374 2886 et
1424 2825 1472 2888 ita
1490 2822 1625 2906 placuit:
1645 2819 1702 2888 sed
1721 2831 1759 2886 ut
1776 2821 1909 2906 gloriari
1929 2821 2141 2904 possitlaceb
2153 2821 2193 2885 de
2212 2824 2320 2905 gratia
2337 2821 2392 2885 sibi

399 2910 560 2984 vicissim,
589 2926 709 2971 nemen
738 2906 874 2988 spiritns
895 2905 1094 2972 transfertur
1116 2906 1157 2970 ad
1178 2906 1372 2972 columbam.
1425 2909 1551 2977 collata.
1597 2906 1759 2974 Mirabilis
1781 2905 2006 2991 triumphandi
2024 2909 2122 2972 ratic:
2145 2906 2202 2971 nbi
2224 2907 2390 2984 Dominus,

400 2993 498 3076 Quod
532 2999 640 3059 autem
674 3011 741 3056 non
773 2988 870 3056 citius
903 2992 1051 3057 exhibita
1081 2992 1144 3057 fuit
1176 2991 1257 3058 haec
1290 2991 1373 3058 visio
1425 2996 1519 3062 cuius
1538 2993 1655 3060 virtuti
1673 3001 1742 3058 tota
1759 2991 1831 3058 laus
1849 2993 1885 3056 in
1903 2991 2042 3057 solidum
2061 2991 2206 3072 debetur,
2229 2993 2394 3058 infirmum
2478 3045 2479 3070 ,

400 3091 517 3146 sancto
544 3079 633 3157 viro,
664 3076 726 3142 hac
755 3077 880 3141 ratione
907 3077 1032 3143 factum
1062 3097 1132 3144 esse
1164 3079 1371 3160 interpretor,
1425 3089 1535 3148 tamen
1558 3080 1809 3145 homuncionem
1832 3080 1923 3160 quasi
1946 3080 2102 3144 victorem
2128 3079 2204 3143 vult
2230 3077 2392 3154 excellere,
2478 3093 2479 3164 l

401 3164 487 3248 qued
518 3163 610 3229 Deus
640 3165 747 3245 ipsum
781 3171 937 3245 tanquam
970 3163 1142 3228 robustum
1171 3177 1204 3226 et
1231 3161 1374 3230 bellandi
1425 3177 1460 3234 et
1488 3187 1562 3232 cum
1591 3165 1713 3249 insigni
1741 3164 1847 3248 elegio
1874 3165 1911 3228 in
1940 3163 2080 3230 sublime
2109 3164 2239 3229 attollit.
2293 3161 2393 3230 Simul

401 3251 545 3335 peritum
567 3247 704 3313 militem
728 3246 769 3312 ad
791 3248 940 3314 duriores
962 3270 1088 3332 pugnas
1110 3269 1228 3316 vocare
1250 3258 1373 3315 statue-
1425 3249 1631 3320 commendat
1645 3251 1817 3316 infractam
1839 3249 2046 3314 tolerantiam
2063 3249 2171 3328 Iacob,
2194 3249 2281 3332 qued
2303 3250 2395 3331 longo

401 3345 463 3402 rat
500 3335 607 3402 Sicuti
625 3333 712 3399 enim
736 3333 896 3399 tironibus
919 3335 1070 3418 parcitur,
1094 3355 1153 3401 nec
1173 3336 1284 3400 statim
1306 3345 1374 3401 tra·
1426 3337 1574 3421 duroque
1595 3337 1748 3403 conflictu
1767 3335 1967 3418 perfunctus,
1990 3345 2123 3401 strenue
2141 3347 2255 3400 tamen
2277 3343 2394 3419 pergat.

401 3422 529 3488 huntur
556 3421 686 3486 iuvenci
716 3419 756 3483 ad
786 3429 949 3484 aratrum:
980 3421 1028 3486 ita
1056 3422 1186 3486 mollius
1209 3442 1285 3487 suos
1307 3419 1373 3486 Do·
1428 3425 1475 3490 Et
1496 3432 1584 3490 certe
1606 3422 1660 3487 hic
1681 3422 1848 3506 legitimus
1870 3431 1920 3486 est
1941 3420 2088 3488 certandi
2109 3420 2244 3500 medua,
2267 3442 2311 3486 ne
2330 3420 2396 3486 lati·
2478 3461 2479 3492 ,

401 3509 511 3573 minus
533 3515 679 3584 exercet,
712 3502 814 3570 donec
835 3506 958 3570 viribus
980 3507 1124 3574 collectis
1146 3508 1250 3591 magis
1273 3507 1374 3573 obdu·
1426 3531 1542 3594 gemur
1569 3507 1672 3573 denec
1693 3507 1779 3572 ultre
1803 3507 1967 3572 Dominus
1989 3506 2129 3573 recedat.
2184 3507 2305 3572 Petere
2333 3506 2396 3588 qni·

401 3595 539 3658 ruerint.
584 3590 674 3672 Ergo
690 3588 790 3657 Iacob
812 3591 953 3656 ferendis
975 3593 1143 3657 aerumnis
1165 3594 1374 3672 assuefactus,
1427 3597 1502 3661 dem
1525 3594 1600 3660 licet
1620 3606 1658 3658 ut
1678 3592 1830 3659 consulat
1847 3601 1978 3658 nostrae
1996 3593 2190 3672 infirmitati,
2213 3605 2248 3658 et
2265 3613 2327 3676 pro
2346 3611 2398 3657 sua

406 3701 494 3744 nnnc
517 3678 559 3743 ad
581 3679 699 3742 senam
727 3677 878 3741 militiam
908 3678 1106 3760 producitur.
1150 3679 1251 3743 Forte
1276 3681 1376 3744 etiam
1427 3692 1564 3765 paterna
1584 3678 1791 3778 indulgentia
1813 3680 1934 3746 teneris
1952 3700 1990 3745 ae
2007 3678 2168 3745 debilibus
2189 3690 2320 3762 parcat:
2342 3677 2397 3742 sub

403 3765 567 3830 Dominus
593 3764 633 3827 ad
656 3773 820 3829 certamen
844 3765 988 3846 respexit
1012 3763 1097 3846 quod
1116 3774 1194 3830 tunc
1223 3765 1375 3830 instabat.
1427 3787 1526 3832 onere
1548 3765 1647 3831 etiam
1669 3765 1746 3830 licet
1768 3785 1913 3848 gemere,
1944 3775 1978 3830 et
2004 3766 2132 3830 exitum
2161 3773 2277 3849 optare
2304 3773 2400 3830 certa·

403 3849 470 3916 Sed
493 3871 553 3934 ego
575 3851 609 3913 in
631 3851 702 3930 ipsc
724 3863 832 3913 terrae
855 3849 1034 3933 promissae
1055 3850 1208 3934 ingressu
1230 3850 1376 3916 admoni-
1427 3854 1570 3917 minum:
1594 3854 1720 3916 interea
1743 3867 1850 3916 tamen
1869 3850 2051 3915 cavendum
2073 3861 2124 3916 est
2144 3871 2188 3915 ne
2210 3849 2400 3916 lassitudine

403 3945 475 4002 tum
496 3936 596 4000 inisse
618 3933 766 4014 arbitror,
788 3956 853 3998 non
873 3955 943 4000 esse
961 3955 1020 4000 cur
1042 3935 1252 4020 tranquillam
1277 3937 1376 4002 uitam
1428 3939 1619 4004 mollescant
1640 3937 1750 4017 animi,
1772 3935 1827 4002 vel
1849 3936 1964 4001 saltem
1985 3957 2029 4000 ne
2050 3935 2217 4000 deficiant:
2243 3937 2328 4018 quin
2350 3955 2399 4017 po

403 4021 467 4087 sibi
496 4020 613 4086 deinde
640 4029 796 4102 speraret.
841 4021 977 4085 Poterat
1008 4021 1098 4086 enim
1119 4019 1242 4088 reditus
1261 4023 1298 4087 in
1320 4043 1378 4107 pa·
1429 4025 1494 4090 tius
1516 4023 1625 4088 danda
1646 4043 1744 4105 opera
1768 4031 1805 4087 ut
1826 4021 1968 4088 collectis
1990 4021 2109 4088 animis
2130 4031 2164 4087 et
2185 4022 2334 4100 viribus,
2355 4023 2402 4084 in·

404 4110 502 4172 triam
530 4105 635 4172 videri
663 4104 821 4188 quaedam
849 4106 1015 4171 missionis
1044 4107 1183 4191 speeies:
1213 4109 1259 4172 ita
1280 4107 1378 4174 Iacob
1430 4109 1548 4176 defessi
1578 4108 1611 4174 in
1640 4108 1730 4186 lucta
1754 4114 1947 4191 perstemus.
2000 4105 2100 4172 Ratio
2130 4127 2230 4190 quam
2258 4109 2402 4191 assigrm

403 4195 509 4258 instar
547 4191 677 4256 emeriti
715 4190 846 4269 militis,
889 4191 930 4256 ad
970 4194 1111 4274 quietem
1151 4215 1186 4258 se
1225 4192 1377 4260 dedisset.
1429 4196 1575 4281 angelus,
1604 4194 1687 4279 qued
1714 4199 1821 4260 enemo
1841 4194 1910 4258 ima
1925 4194 1968 4259 eit
1988 4213 2117 4270 emere,
2139 4194 2207 4258 hnc
2229 4192 2349 4270 tendit,
2372 4199 2403 4255 ut

404 4276 517 4359 Quare
537 4277 708 4361 plusquam
728 4277 810 4341 utile
828 4277 858 4343 ei
879 4277 943 4342 fuit
964 4276 1071 4343 doceri
1092 4279 1198 4361 qualis
1220 4300 1295 4344 eum
1313 4301 1379 4346 ma
1429 4283 1510 4348 sciat
1542 4279 1639 4346 Iacob
1672 4285 1835 4347 nocturna
1869 4279 1995 4346 visione
2034 4300 2070 4346 se
2109 4279 2271 4344 divinitus
2308 4279 2403 4344 fnisse

356 4443 359 4451 Ι
404 4371 499 4429 neret
525 4362 674 4429 conditio.
719 4363 788 4428 Nes
817 4384 945 4446 quoque
967 4366 1001 4428 in
1024 4365 1094 4430 eius
1122 4386 1262 4448 persona
1284 4367 1378 4432 doce·
1429 4368 1589 4433 edoctum.

402 4470 495 4526 mur,
525 4459 593 4514 toto
616 4450 704 4515 vitae
726 4469 823 4514 cursu
845 4448 1033 4514 bellandum
1062 4471 1134 4515 esse
1155 4472 1198 4515 ne
1220 4451 1295 4533 quis
1317 4452 1378 4518 sibi
1517 4453 1590 4519 Noa
1611 4453 1768 4520 dimitiam
1788 4457 1816 4517 te
1837 4452 1912 4516 cisi.
1963 4450 2052 4516 Hinc
2077 4461 2214 4534 apparet
2242 4471 2261 4514 a
2294 4459 2403 4516 sancte

403 4537 546 4618 quietem
568 4534 778 4617 promittens,
808 4534 895 4600 ultre
917 4557 952 4600 se
974 4535 1122 4618 decipiat.
1167 4539 1276 4619 Atque
1298 4539 1379 4604 haee
1429 4541 1501 4604 viro
1530 4538 1663 4603 tandem
1692 4538 1860 4622 cognitum
1887 4536 1987 4602 fuisse
2012 4537 2271 4620 antagonistam,
2305 4554 2405 4618 neque

403 4621 583 4686 admonitio
606 4619 701 4685 valde
725 4621 909 4686 necessaria
925 4621 1019 4686 nobis
1037 4633 1101 4687 est:
1125 4619 1273 4690 videmus
1290 4624 1378 4690 enim
1430 4625 1516 4690 enim
1537 4625 1618 4690 haec
1640 4624 1786 4708 vulgaris
1804 4623 1948 4707 precatio
1969 4631 2028 4698 est,
2051 4623 2139 4704 quod
2162 4622 2315 4688 benedici
2339 4641 2405 4704 pca-

403 4726 501 4789 quam
534 4704 693 4788 proclives
728 4705 768 4770 ad
802 4704 959 4772 desidiam
992 4708 1103 4774 simus.
1148 4707 1244 4774 Unde
1276 4711 1314 4774 fit
1341 4721 1380 4775 ut
1429 4710 1521 4776 trilat.
1559 4709 1625 4790 Qui
1647 4709 1784 4774 inferior
1805 4720 1855 4774 est
1876 4709 2038 4774 amaiore
2063 4706 2269 4775 benedicitur
2293 4707 2406 4858 glabr.

404 4811 470 4856 nen
507 4791 611 4857 solum
651 4790 799 4857 inducias
838 4793 873 4856 in
912 4794 1064 4858 continue
1102 4793 1200 4859 bello:
1244 4795 1301 4860 sed
1342 4797 1379 4860 in
1430 4797 1459 4872 7,
1479 4796 1528 4883 7):
1557 4797 1631 4861 ideo
1653 4795 1751 4861 nnius
1772 4795 1837 4860 Dei
1858 4795 2026 4877 proprium
2048 4804 2101 4860 est
2121 4815 2182 4861 nos
2203 4793 2294 4860 bene
2319 4795 2407 4858 ‘cera

404 4876 512 4942 medie
535 4877 687 4942 conflictu
709 4897 823 4960 pacem
845 4878 1072 4962 imaginemur,
1096 4880 1161 4945 nisi
1183 4901 1243 4946 nes
1264 4879 1379 4948 Domi·
1428 4882 1498 4948 Nec
1517 4903 1595 4948 vero
1612 4881 1722 4965 ipsum
1733 4879 1831 4946 Iacob
1845 4879 2056 4946 benedixerat
2065 4887 2171 4965 pater,
2194 4881 2259 4946 nisi
2278 4878 2407 4947 coelesti

404 4984 468 5028 nus
490 4962 619 5027 excitet.
732 4963 736 4972 ’
1429 4968 1592 5045 mandato,
1615 4968 1707 5050 quasi
1724 4965 1788 5031 Dei
1806 4987 1981 5051 persenam
2003 4966 2180 5034 auruncus.
2208 4966 2293 5032 Tale
2313 4969 2407 5032 etiam

493 5045 545 5112 25.
577 5045 622 5111 Et
638 5048 717 5112 cidit
734 5050 815 5129 quod
836 5069 897 5114 aea
914 5050 1113 5132 praevaleret
1130 5051 1166 5115 ei.
1196 5051 1262 5118 Hic
1284 5050 1380 5117 nobis
1429 5074 1549 5118 munus
1571 5051 1792 5120 sacerdotibus
1814 5061 1885 5119 erat
1906 5053 2097 5136 impositum
2119 5053 2182 5119 snb
2204 5052 2279 5136 lege
2299 5051 2407 5138 (Num.

407 5132 602 5199 describitur
636 5132 772 5198 victoria
801 5133 910 5213 iacob,
947 5155 1044 5218 quam
1075 5147 1186 5202 tamen
1215 5158 1281 5201 non
1308 5137 1380 5204 sine
1430 5141 1460 5216 6,
1483 5139 1548 5227 23),
1579 5148 1615 5205 ut
1636 5149 1791 5222 tanquam
1818 5137 1950 5204 divinae
1971 5140 2097 5222 gratias
2124 5139 2272 5204 ministri
2305 5149 2342 5202 et
2363 5139 2409 5202 in·

406 5218 545 5282 vulnere
566 5216 704 5298 adeptus
722 5228 781 5285 est.
805 5218 901 5299 Quod
920 5220 1038 5286 dicitur
1060 5223 1196 5304 angelus
1216 5223 1267 5288 vel
1287 5225 1379 5290 Deus
1430 5235 1590 5309 terpretes
1611 5223 1731 5308 populo
1752 5223 1989 5291 benedicerent.
2021 5224 2191 5310 Cognovit
2212 5245 2296 5308 crgo
2314 5223 2409 5290 Iacob

408 5302 550 5367 luctator
571 5301 656 5366 velle
680 5322 721 5367 ex
744 5323 843 5369 arena
865 5305 1043 5384 discedere,
1067 5309 1143 5390 quia
1165 5328 1200 5374 se
1222 5330 1288 5374 non
1309 5311 1379 5376 fore
1430 5312 1590 5377 athletam
1618 5311 1712 5376 illum
1741 5331 1804 5393 qno
1831 5330 1906 5376 cum
1934 5323 2159 5395 pugnaverat,
2183 5311 2297 5376 Deum
2329 5331 2409 5376 eme:
