5022 6192
101 453 157 517 117
746 451 1115 523 COMMENTARIUS
1137 455 1187 523 IN
1209 455 1423 526 GENESIN.
2034 459 2098 528 118

100 641 147 706 dis
186 640 369 724 protulisse.
427 639 617 723 llmphasim
658 660 784 723 quoque
839 662 904 706 non
941 662 1076 724 parvam
1128 643 1219 709 abusi
1244 653 1354 708 erant:
1380 645 1477 710 simul
1494 645 1655 710 tamenin
1674 644 1816 710 medium
1834 649 1968 729 proponi
1987 651 2094 732 qualis

100 725 292 810 habetquod
304 725 460 809 sequitur,
477 726 636 791 malitiam
654 725 754 791 fuisse
770 727 909 792 multam
925 727 960 792 in
978 735 1075 794 terra.
1128 730 1171 793 sit
1192 727 1361 794 bominum
1384 737 1517 809 natura,
1539 729 1595 794 nbi
1614 730 1748 813 spiritus
1770 732 1874 812 gratia
1897 732 2092 802 destituitur.

99 812 319 880 Mediocribus
352 811 492 895 peccatis
523 810 646 894 ignosci
679 821 819 894 poterat:
850 812 941 878 siin
968 813 1077 895 aliqua
1213 815 1242 880 6.
1258 815 1345 880 Tunc
1351 817 1507 898 poenituit
1518 814 1690 881 Dominum
1708 817 1789 896 qaod
1804 817 1923 898 fecisset
1940 818 2093 888 ιοιιιιιιιιιι

99 907 226 965 tantum
243 898 330 964 orbis
347 907 440 981 parte
457 907 624 981 regnasset
641 895 799 979 impietas,
821 907 972 980 poterant
994 897 1077 964 aliae
1128 900 1162 964 ia
1187 905 1281 965 terra
1325 901 1532 968 Paenitentia
1552 921 1634 984 quae
1657 901 1812 966 tribuitur
1834 900 1905 967 Deo
1926 925 1992 969 non
2014 927 2091 989 pro-

99 985 248 1068 regiones
276 1003 296 1048 a
324 1004 430 1066 poena
458 982 620 1049 immunes
649 1003 728 1048 esse.
773 983 869 1048 Nunc
892 1005 991 1065 quum
1013 983 1076 1048 ini-
1128 985 1197 1067 prie
1214 985 1276 1049 ini
1302 1007 1373 1051 sum
1392 988 1552 1070 competit,
1574 985 1631 1052 sed
1653 985 1848 1052 adsensum
1870 999 2016 1056 nostrum
2039 1012 2090 1056 re-

99 1071 205 1153 quitas
234 1068 274 1135 ad
303 1089 468 1134 summurn
490 1069 650 1146 excrevit,
678 1076 711 1132 et
733 1068 875 1150 pervasit
892 1077 993 1134 totam
1011 1081 1076 1134 ter·
1128 1075 1239 1136 lertur.
1263 1008 1350 1151 (iuis
1367 1073 1453 1136 enim
1473 1093 1546 1137 eum
1566 1071 1810 1155 apprehendere
1832 1093 1897 1137 non
1919 1095 2090 1157 possumus

98 1178 184 1234 ram,
221 1164 259 1221 ut
287 1155 414 1221 nullum
445 1153 603 1238 angulum
634 1153 774 1236 amplius
802 1153 966 1237 possideat
993 1155 1076 1219 inte·
1128 1154 1232 1238 qualis
1268 1167 1328 1222 est:
1365 1178 1496 1224 necesse
1523 1166 1572 1223 est
1601 1166 1639 1222 ut
1663 1178 1698 1223 se
1719 1155 1955 1239 quodammodo
1977 1171 2090 1228 nostra

100 1243 214 1326 gritas:
250 1242 398 1324 sequitur
425 1241 598 1323 plusquam
631 1251 793 1304 maturum
824 1239 924 1305 fuisse
953 1259 1076 1322 poenae
1127 1259 1224 1306 causa
1251 1243 1471 1326 transfiguret.
1515 1241 1612 1323 Quod
1630 1262 1696 1307 non
1718 1241 1812 1308 cadat
1832 1244 1866 1307 in
1884 1245 1992 1310 Deum
2015 1267 2090 1330 poe·

99 1337 235 1411 tempus.
279 1326 407 1392 Malitia
434 1325 537 1410 igitur
556 1325 674 1408 ingens
695 1325 814 1407 passim
838 1325 1011 1408 regnabat,
1041 1332 1076 1390 ιιι
1128 1326 1274 1404 nitentia,
1296 1327 1357 1392 hoc
1379 1349 1445 1392 uno
1467 1327 1561 1394 facile
1582 1336 1723 1406 mustat,
1752 1329 1828 1411 quia
1849 1329 1930 1394 nihil
1951 1331 1999 1397 illi
2022 1333 2089 1398 ino-

99 1423 168 1477 tota
196 1421 284 1478 terra
310 1419 460 1494 cooperta
484 1410 576 1475 foret.
622 1407 714 1474 Unde
746 1409 891 1475 videmus
913 1431 979 1475 non
1001 1420 1075 1475 ante
1128 1413 1285 1493 pinetum,
1314 1412 1368 1479 vel
1394 1433 1459 1478 nou
1481 1414 1667 1496 praevisum
1691 1413 1815 1480 accidit.
1855 1415 2012 1482 Eiusdem
2036 1439 2089 1483 ra·

99 1520 257 1581 aquarum
280 1497 404 1563 diluvio
423 1496 580 1579 perditam
604 1515 689 1572 esse,
712 1516 808 1577 quam
830 1495 988 1562 scelerum
1010 1496 1075 1560 col·
1128 1496 1226 1563 tionis
1259 1517 1296 1562 ac
1317 1507 1412 1564 notae
1441 1508 1491 1566 est
1518 1498 1604 1581 quod
1626 1500 1786 1581 sequitur:
1815 1500 1967 1567 affectum
1990 1503 2089 1570 fuisse

97 1583 187 1650 luvie
209 1585 421 1651 submersam.
1128 1583 1235 1648 Deum
1261 1583 1433 1650 moestitia.
1473 1584 1570 1650 (lsrte
1592 1605 1658 1650 non
1680 1592 1803 1649 moeret
1824 1584 1916 1652 Deus
1937 1589 1990 1652 vel
2014 1589 2089 1656 tris·

188 1669 283 1735 Oome
313 1669 491 1752 macutum
526 1666 742 1750 optationem
778 1667 891 1732 cerdis.
935 1664 1075 1732 Causam
1128 1677 1226 1747 tatur,
1253 1670 1332 1751 quin
1354 1671 1389 1732 in
1408 1670 1538 1734 coelesti
1562 1679 1596 1734 et
1613 1670 1706 1735 beata
1724 1671 1918 1771 suaquiete·
1931 1683 2088 1757 perpetuo

98 1755 213 1820 diluvii
242 1755 385 1820 ostendit
406 1753 515 1819 Moses
543 1754 579 1816 in
601 1752 746 1816 externis
768 1751 957 1816 sceleribus:
987 1773 1076 1818 nunc
1128 1754 1178 1818 sui
1204 1753 1320 1820 similis
1349 1765 1475 1820 manet:
1505 1753 1561 1821 sed
1590 1755 1666 1838 quia
1687 1755 1781 1820 aliter
1798 1758 1920 1840 percipi
1943 1780 2009 1823 non
2031 1781 2089 1842 po·

97 1842 196 1906 altius
213 1839 409 1914 conscendit,
428 1840 529 1905 fuisse
550 1837 673 1904 seilicet
693 1859 757 1902 non
780 1837 894 1902 habitu
916 1836 1020 1917 modo,
1043 1845 1076 1902 et
1127 1844 1193 1903 test
1219 1847 1377 1922 quantum
1400 1841 1443 1906 sit
1465 1840 1572 1904 odium
1596 1842 1717 1924 peceati
1740 1843 1773 1904 in
1796 1842 1883 1922 Deo,
1911 1852 1945 1907 et
1966 1855 2090 1927 quanta

96 1927 181 1992 male
205 1925 337 1992 vivendi
358 1923 590 1990 consuetudine
611 1943 790 2006 perversos,
812 1920 869 1988 sed
889 1923 1075 1988 interiorem
1127 1922 1313 2003 detestatio,
1331 1925 1404 1990 ideo
1426 1927 1616 2010 suspiritus
1638 1927 1679 1992 ad
1701 1939 1832 2008 captum
1854 1937 2003 1994 nostrum
2026 1932 2090 1996 ior·

95 2012 255 2076 malitiam
274 2011 372 2076 altius
389 2010 524 2076 infixam
542 2009 641 2074 fuisse
663 2029 774 2074 eorum
796 2007 954 2087 cordibus,
978 2029 1074 2090 quam
1127 2018 1203 2074 mat.
1238 2009 1349 2090 Quare
1366 2011 1449 2077 nibil
1471 2033 1551 2094 opus
1573 2018 1622 2078 est
1645 2011 1784 2094 spinosis
1805 2023 1838 2077 et
1860 2014 1970 2080 arduis
1992 2035 2091 2098 quae·

96 2107 134 2163 ut
157 2119 232 2179 spes
261 2097 329 2162 ulla
357 2095 599 2178 resipiscentiae
625 2103 718 2159 esset.
762 2093 836 2159 Non
859 2093 967 2176 potuit
988 2103 1076 2160 certe
1128 2094 1287 2160 stionibns
1326 2117 1385 2162 nos
1418 2097 1603 2174 involvere,
1645 2097 1774 2180 quando
1805 2101 2010 2181 perspicuum
2042 2111 2092 2167 est

96 2185 201 2267 magis
224 2183 266 2248 ad
288 2183 401 2249 vivum
423 2181 605 2262 exprimere
627 2180 725 2244 talem
748 2178 848 2244 fuisse
870 2181 1074 2262 pravitatem,
1127 2200 1280 2261 quorsum
1293 2190 1440 2264 spectent
1457 2203 1551 2249 voces
1568 2183 1649 2248 istae
1666 2183 1886 2265 poenitentiae
1903 2197 1936 2249 et
1953 2185 2091 2254 doloris:

96 2290 179 2351 quae
201 2268 294 2334 nullo
314 2266 469 2332 mediocri
486 2265 629 2331 remedio
652 2273 737 2329 earet
756 2264 918 2330 sanabilis.
962 2264 1076 2329 Potest
1127 2285 1245 2349 nempe
1268 2276 1305 2332 ut
1333 2269 1473 2334 sciamus
1495 2269 1602 2333 Deum
1626 2267 1806 2346 hominem,
1836 2290 1877 2333 ex
1900 2292 1962 2352 quo
1984 2279 2091 2337 tantu·

96 2354 228 2438 quidem
256 2354 328 2419 fieri
361 2363 399 2417 ut
427 2373 462 2416 se
483 2351 648 2417 interdum
670 2349 840 2433 proiiciant
863 2349 1012 2415 homines
1034 2349 1075 2415 ad
1126 2371 1203 2433 pere
1235 2365 1407 2434 corruptus
1439 2363 1504 2430 est,
1544 2373 1609 2418 non
1642 2374 1773 2420 censere
1805 2353 1892 2420 inter
1925 2365 2092 2424 creaturas

24 2463 28 2480 ·
94 2439 312 2522 peccandum,
340 2439 373 2503 in
404 2437 519 2519 quibus
548 2447 658 2500 tamen
683 2434 804 2517 aliquid
833 2455 931 2500 sanae
956 2436 1076 2501 mentis
1126 2437 1314 2503 scarensi
1333 2438 1468 2504 diceret:
1484 2440 1557 2504 Non
1576 2445 1626 2504 est
1642 2438 1703 2504 boc
1720 2460 1800 2522 opus
1818 2460 1938 2518 meum,
1957 2464 2023 2507 non
2042 2453 2092 2509 est

94 2526 258 2608 reliquum
282 2524 444 2590 manebit:
474 2521 529 2593 sed
553 2522 663 2587 Moses
680 2522 772 2586 docet
793 2521 839 2584 ita
860 2521 991 2604 penitus
1012 2520 1074 2585 im·
1126 2521 1223 2588 homo
1240 2523 1296 2586 ille
1317 2524 1372 2605 qui
1396 2523 1436 2588 ad
1458 2544 1563 2589 meam
1583 2525 1757 2608 imaginem
1781 2525 1947 2605 formatus,
1970 2539 2002 2591 et
2024 2537 2090 2595 tam

94 2611 210 2676 butum
240 2611 339 2676 fuisse
360 2629 483 2688 eorum,
513 2608 691 2690 dequibus
713 2607 873 2689 loquitur,
905 2607 1074 2690 ingenium
1126 2609 1265 2692 egregiis
1287 2607 1452 2674 dotibusa
1473 2631 1524 2674 me
1546 2619 1680 2676 ornatus
1701 2611 1820 2675 brerat:
1844 2610 1932 2677 hune
1953 2612 2092 2697 degene-

93 2696 231 2775 malitia,
255 2705 292 2760 ut
308 2706 376 2760 tota
396 2715 490 2760 mens
512 2694 594 2758 nihil
616 2693 679 2758 nisi
701 2689 885 2758 damnabile
907 2692 1074 2775 proferret.
1125 2714 1192 2758 rem
1224 2705 1258 2758 et
1279 2695 1500 2760 adulterinum
1523 2717 1580 2777 pro
1602 2714 1673 2760 meo
1694 2696 1759 2759 iam
1782 2717 1956 2779 agnoscere
1979 2697 2090 2784 dedig-

94 2780 202 2847 Valde
214 2789 325 2847 autem
342 2779 527 2863 emphatica
538 2780 682 2861 loquutio
700 2787 749 2843 est
769 2799 834 2860 qua
852 2778 972 2843 utitur:
995 2780 1074 2843 satis

95 2877 167 2932 erat
190 2866 313 2932 dixisse
331 2865 485 2931 vitiosum
504 2886 575 2930 esse
593 2885 648 2931 cor
665 2865 827 2948 ipsorum:
858 2885 924 2928 non
941 2875 1074 2930 conten·

95 2965 149 3018 tua
167 2952 229 3018 hoe
248 2951 355 3028 verbo,
378 2950 497 3016 diserte
515 2950 621 3032 ponit:
641 2947 749 3015 Omne
772 2950 965 3032 figmentum
988 2951 1073 3033 cogi·

94 3039 253 3104 ιιιιιοιιιιιιι
276 3037 395 3103 cordis:
421 3049 454 3102 et
476 3035 567 3102 addit
587 3035 843 3100 Tantummodo:
867 3055 904 3100 au
926 3035 954 3100 si
976 3057 1073 3120 nega·

94 3137 146 3188 ret
167 3135 295 3207 guttam
318 3122 393 3188 boni
416 3141 486 3187 esso
508 3121 695 3186 admixtam.

184 3209 278 3274 Omoi
306 3209 364 3273 die.
404 3205 545 3289 Quidam
573 3217 742 3288 exponunt
763 3206 847 3271 banc
869 3206 1072 3289 particulam,

93 3297 125 3360 A
147 3296 254 3379 prima
272 3293 420 3360 iulantia:
444 3314 481 3358 ac
502 3293 530 3358 si
551 3292 689 3370 diceret,
708 3291 887 3374 ingenitam
910 3312 980 3356 esse
1002 3312 1073 3374 pra-

94 3381 232 3445 vitatem
255 3379 441 3445 hominibus
469 3398 600 3460 exque
629 3386 817 3444 nascuntur.
864 3373 930 3442 Sed
962 3378 1073 3441 verior

95 3487 214 3534 sensus
241 3473 300 3543 est,
335 3463 492 3530 mundum
522 3470 600 3528 tunc
629 3461 820 3528 obduruisse
850 3462 886 3525 in
915 3481 974 3526 sua
1002 3483 1070 3527 ma·

93 3550 174 3628 lilia,
204 3559 237 3617 et
269 3549 349 3616 adeo
378 3571 444 3615 non
477 3547 582 3614 redire
615 3546 656 3612 ad
686 3548 804 3613 bonam
835 3548 985 3630 frugem,
1018 3547 1070 3614 vel

93 3637 236 3720 aliquem
273 3635 490 3719 poenitentiae
517 3634 670 3700 affectum
691 3632 876 3716 concipere,
906 3643 943 3698 ut
971 3636 1071 3699 conti·

93 3745 160 3788 nno
181 3722 337 3805 temporis
364 3741 535 3804 progressu
564 3717 705 3785 deterior
723 3720 787 3782 fiat.
832 3718 983 3801 Denique
1005 3740 1072 3785 non

92 3829 165 3873 esse
197 3827 374 3890 paucorum
407 3806 533 3870 dierum
564 3805 743 3869 insaniam:
777 3803 833 3870 sed
874 3805 1071 3871 obstinatam

92 3894 305 3976 pravitatem:
334 3914 430 3974 quam
467 3890 524 3956 filii
553 3891 643 3973 quasi
678 3889 894 3956 haereditario
924 3891 994 3956 iure
1023 3913 1071 3956 ac·

93 3987 239 4063 ceptam,
278 3999 298 4042 a
337 3977 525 4060 parentibus
559 3975 599 4040 ad
632 3985 766 4057 nepotes
799 3976 1069 4042 transmitterent.

93 4063 270 4130 Caeterum
299 4065 450 4146 quamvis
478 4060 531 4127 hic
558 4061 598 4126 de
618 4061 744 4126 malitia
772 4060 923 4143 loquatur
952 4063 1070 4142 Moses,

93 4171 178 4232 quae
211 4158 292 4216 tunc
326 4150 361 4214 in
398 4147 518 4214 mundo
546 4146 746 4222 invaluerat,
784 4145 865 4211 bene
900 4157 1009 4212 amen
1038 4157 1072 4214 et

93 4249 312 4319 congruenter
339 4233 417 4300 hinc
451 4233 579 4301 elicitur
606 4233 770 4317 generalis
798 4231 953 4298 doctrina
1003 4234 1072 4299 Nee

93 4321 202 4386 locum
224 4340 394 4404 perperam
413 4319 607 4401 detorquent
624 4320 678 4401 qui
697 4317 879 4383 extendunt
896 4316 937 4382 ad
966 4328 1071 4384 totum

94 4405 275 4471 humanum
315 4424 434 4490 genus:
474 4405 520 4472 sic
552 4405 677 4482 David,
709 4425 811 4487 quum
845 4403 923 4469 dicit
958 4426 1071 4470 omnes

93 4491 285 4568 descivisse,
313 4491 445 4557 inutiles
480 4511 549 4556 esse
584 4490 702 4569 iactos,
732 4489 894 4554 neminem
923 4492 1072 4574 assequi

91 4576 234 4642 bonitati
260 4576 404 4654 studeat,
433 4597 499 4640 non
522 4597 623 4658 usque
644 4575 685 4640 ad
708 4596 824 4652 unum,
864 4575 1072 4657 sepulchrum

91 4671 211 4744 patens
238 4683 307 4728 esse
335 4671 449 4746 guttur
476 4683 601 4736 eorum,
636 4683 699 4726 non
733 4681 803 4726 esse
825 4660 888 4724 Dei
924 4662 1072 4727 timorem

91 4747 163 4811 illis
188 4757 261 4813 ante
289 4749 397 4814 oculus
420 4746 518 4833 (Psal.
542 4747 572 4823 5,
596 4746 637 4812 10
659 4754 692 4811 et
713 4747 763 4825 14,
786 4745 834 4831 3);
857 4747 977 4812 saeculi
999 4749 1070 4831 qui·

90 4831 172 4897 dem
188 4834 238 4898 sui
261 4835 462 4917 impietatem
480 4833 640 4916 deplorat:
663 4832 787 4897 Paulus
809 4843 919 4896 temen
941 4832 1072 4898 trabere

89 4937 163 4982 non
185 4917 309 4984 dubitat
330 4917 384 5004 (ad
406 4919 572 4983 Romanos
593 4918 623 4997 3,
647 4916 700 5004 12)
729 4916 770 4982 ad
791 4938 904 4984 omnes
926 4919 1070 4984 omnium

89 5011 237 5068 aetatum
265 5004 434 5082 mortales,
463 5015 495 5068 et
523 5006 655 5067 merito:
686 5023 790 5086 neque
817 5002 903 5066 enim
933 5003 1072 5086 simplex

88 5096 150 5154 est
169 5087 205 5154 de
226 5091 335 5172 paucis
352 5088 536 5155 hominibus
555 5089 766 5171 querimonia,
790 5087 847 5154 sed
863 5088 999 5154 humani
1020 5092 1071 5155 in-

87 5174 183 5258 genii
209 5173 398 5259 descriptio,
428 5174 482 5239 ubi
507 5175 623 5258 spiritu
642 5173 706 5239 Dei
726 5195 868 5240 vacuum
890 5173 952 5240 sibi
973 5177 1071 5243 relin-

1125 2799 1194 2844 nor.
1228 2780 1315 2845 Huic
1338 2779 1435 2845 affine
1457 2790 1506 2846 est
1528 2779 1612 2863 quod
1636 2780 1676 2845 de
1699 2781 1833 2846 tristitia
1857 2781 1999 2848 secundo
2022 2784 2090 2851 loco

1124 2865 1273 2946 ponitur:
1309 2887 1425 2948 nempe
1459 2866 1621 2932 atrocibus
1655 2865 1824 2931 hominum
1850 2870 1989 2951 peccatis
2023 2891 2090 2936 non

1125 2971 1217 3016 secus
1238 2949 1347 3016 Deum
1371 2951 1490 3018 offendi
1512 2973 1609 3034 quam
1630 2952 1658 3018 si
1678 2951 1790 3016 lethali
1808 2952 1917 3018 dolore
1939 2974 1994 3021 cor
2022 2957 2091 3022 eius

1124 3036 1346 3102 vulnerarent.
1399 3035 1517 3103 Subest
1550 3038 1651 3121 igitur
1679 3038 1777 3104 tacita
1805 3039 1976 3106 antithesis
2004 3040 2092 3108 inter
2197 3107 2200 3116 ,

1125 3139 1275 3187 naturam
1296 3123 1469 3206 integram,
1498 3122 1602 3204 qualis
1623 3144 1643 3188 a
1665 3124 1735 3188 Deo
1759 3123 1887 3190 condita
1910 3125 2027 3204 iuerat,
2058 3139 2092 3192 et

1124 3209 1364 3290 corruptionem
1400 3229 1483 3292 quae
1518 3229 1559 3272 ex
1594 3221 1724 3290 peceato
1754 3217 1826 3273 orta
1853 3221 1910 3274 cst.
1959 3211 2092 3278 Interea

1124 3294 1187 3357 nisi
1206 3291 1313 3358 Deum
1335 3313 1511 3374 provocare
1532 3293 1621 3372 libet,
1643 3303 1676 3358 et
1693 3313 1840 3358 moerore
1862 3297 2000 3374 allicere,
2024 3298 2092 3365 dis·

1124 3400 1235 3444 camus
1254 3378 1326 3444 odio
1340 3377 1467 3456 habero,
1490 3386 1523 3442 et
1544 3379 1656 3464 iugera
1677 3391 1853 3460 peccatum.
1884 3379 2091 3461 Quinetiam

1125 3463 1204 3530 baec
1235 3475 1304 3528 tam
1332 3473 1468 3547 paterna
1497 3463 1623 3530 bonitas
1654 3475 1686 3530 ot
1713 3462 1917 3547 indulgentia
1944 3487 2009 3532 non
2037 3489 2093 3551 pa-

1123 3571 1197 3613 rum
1220 3550 1385 3614 retrahere
1408 3571 1467 3615 nos
1489 3548 1583 3615 debet
1606 3573 1626 3614 a
1648 3549 1800 3632 peccandi
1829 3549 1980 3629 libidine,
2004 3554 2091 3636 quod

1123 3632 1225 3712 Deus,
1248 3645 1285 3700 ut
1302 3635 1464 3701 efficacius
1482 3645 1628 3716 penetret
1648 3637 1682 3698 in
1704 3633 1800 3699 corda
1817 3643 1937 3718 nosue,
1955 3637 2091 3704 affectus

1123 3729 1251 3787 nostros
1268 3720 1383 3785 induit.
1413 3720 1569 3804 Figuram
1588 3722 1673 3785 hanc
1695 3721 1976 3799 detauctoritatem
1997 3743 2092 3789 voca·

1124 3817 1217 3884 runt,
1253 3807 1379 3889 quoties
1407 3807 1440 3870 in
1469 3825 1504 3869 se
1530 3807 1668 3870 tranfert
1695 3806 1785 3870 Deus
1815 3805 1898 3889 quod
1926 3809 2091 3874 humanae

1123 3902 1259 3958 naturae
1282 3891 1448 3975 proprium
1470 3899 1528 3956 est.

1210 3978 1239 4043 7.
1262 3977 1375 4042 Delebo
1396 3977 1532 4042 luminas
1552 3996 1629 4058 quos
1649 3978 1767 4052 creavi,
1795 3997 1817 4040 u
1846 3978 2008 4059 superficie
2029 3985 2089 4044 ter·

1122 4085 1194 4140 rae,
1219 4065 1258 4129 ab
1284 4063 1405 4128 bomine
1429 4083 1526 4143 acque
1553 4063 1595 4127 ud
1622 4063 1798 4128 ianiculum.
1844 4063 1950 4128 Deum
1973 4085 2088 4132 rursus

1124 4148 1358 4214 deliberantem
1377 4147 1511 4227 inducit,
1534 4155 1570 4212 ut
1589 4147 1703 4213 molius
1725 4149 1881 4212 sciremus
1899 4168 1963 4211 non
1988 4150 2088 4216 luisse

1123 4236 1187 4301 nisi
1208 4242 1336 4299 maturo
1359 4233 1422 4298 Dei
1445 4232 1577 4298 consilio
1600 4233 1740 4298 deletum
1764 4233 1884 4297 orbem.
1916 4233 2002 4298 Nam
2024 4235 2086 4301 hac

1123 4320 1163 4385 de
1192 4341 1228 4385 re
1257 4320 1359 4384 voluit
1388 4320 1522 4403 spiritus
1544 4319 1680 4383 Domini
1701 4341 1759 4383 nos
1782 4317 1954 4400 diligenter
1977 4319 2087 4385 admo-

1123 4407 1216 4484 nitos,
1239 4417 1276 4470 ut
1293 4425 1405 4470 ansam
1425 4404 1624 4486 praecideret
1646 4406 1754 4486 impiis
1775 4403 1923 4484 querelis,
1947 4405 2086 4486 adquae

1123 4492 1220 4556 nimis
1254 4490 1348 4556 facile
1380 4491 1500 4572 alioqui
1529 4492 1780 4573 prorumpimus.
1836 4489 1942 4569 Loqui
1976 4503 2085 4554 autem

1123 4577 1278 4660 accipitur
1300 4596 1359 4658 pro
1382 4575 1571 4641 decernere:
1601 4576 1677 4656 quia
1698 4574 1822 4638 nullam
1845 4593 1955 4638 vocem
1978 4576 2085 4640 emisit

1122 4662 1234 4742 Deus,
1263 4661 1318 4726 sed
1340 4662 1429 4726 intus
1451 4661 1565 4725 statuit
1587 4659 1663 4742 quid
1686 4662 1829 4724 facturus
1851 4669 1945 4724 esset.
1990 4658 2085 4726 Adde

1123 4748 1208 4830 quod
1221 4768 1303 4832 opus
1320 4767 1384 4811 non
1404 4745 1519 4812 habuit
1536 4767 1619 4810 novo
1637 4745 1779 4824 oonsilio,
1797 4743 1965 4809 hominum
1986 4766 2084 4824 more,

1123 4833 1263 4916 utquasi
1274 4833 1313 4897 de
1331 4853 1366 4897 re
1386 4853 1490 4915 nuper
1508 4831 1637 4915 cognita
1655 4830 1809 4896 iudicium
1827 4830 1935 4894 ferret.
1958 4829 2083 4895 Verum

1124 4919 1182 4984 hou
1213 4927 1316 4984 totum
1338 4917 1538 4982 infirmitatis
1558 4927 1688 4982 nostrae
1711 4926 1857 4997 respectu
1880 4914 2014 4993 dicitur,
2045 4925 2084 4981 ut

1123 5025 1288 5087 nunquam
1305 5003 1486 5088 cogitemus
1507 5001 1547 5066 de
1569 5003 1701 5084 diluvio,
1723 5003 1798 5083 quin
1821 4998 1957 5064 subinde
1974 5020 2092 5066 occur—

1124 5101 1175 5155 ret
1203 5093 1320 5155 iustam
1349 5089 1448 5154 luisse
1469 5087 1532 5152 Dei
1559 5087 1745 5154 vindictam.
1789 5086 1892 5149 Porro
1914 5084 2004 5150 Deus
2027 5086 2087 5151 ho-

1123 5177 1248 5240 minum
1270 5196 1375 5258 poena
1403 5196 1467 5239 non
1495 5181 1682 5248 contentus,
1712 5191 1811 5254 usque
1840 5167 1881 5234 ad
1910 5167 2030 5236 bestias
2052 5181 2089 5237 et

86 5260 213 5342 quitur.
235 5259 365 5344 Optime
382 5281 459 5344 ergo
480 5265 631 5326 convenit
649 5258 797 5325 damnari
815 5259 867 5325 his
886 5260 991 5326 verbis
1014 5263 1071 5327 bo·
1123 5281 1248 5343 pecora,
1266 5271 1299 5325 et
1310 5281 1398 5336 aves,
1415 5271 1449 5325 et
1464 5281 1560 5325 omne
1577 5259 1792 5322 animantium
1811 5276 1914 5340 genus
1932 5255 2086 5337 procedit.

85 5344 220 5410 minum
257 5347 488 5430 pervicaciam,
529 5350 584 5429 qui
615 5346 677 5411 Dei
716 5346 858 5412 bonitate
880 5346 978 5412 nimis
1015 5347 1072 5413 diu
1124 5345 1198 5426 Qua
1220 5349 1253 5409 in
1291 5367 1327 5410 re
1359 5345 1487 5412 videtur
1514 5344 1646 5409 modum
1676 5343 1847 5410 excedere:
1875 5342 2092 5424 quantumvis

1846 5445 1880 5500 8*
