5000 6208
338 432 402 499 287
1011 428 1383 499 COMMENTARIUS
1407 429 1457 496 IN
1478 429 1693 498 GENESIN.
2271 432 2335 499 288

338 619 447 685 virum
466 616 628 695 transiret,
646 617 682 681 in
700 638 738 683 eo
757 618 905 683 excusari
924 617 1022 683 nimis
1039 637 1149 683 orasse
1167 617 1312 684 sooordia
1361 617 1451 683 Hine
1473 618 1570 682 etiarn
1594 616 1794 702 oolligimus,
1821 619 1977 683 maiorem
2000 617 2127 700 piorum
2150 639 2263 684 euram
2285 620 2334 704 ip-

337 725 404 770 non
432 711 547 787 potest.
592 701 659 768 Sed
688 703 716 768 si
745 704 874 786 penitus
896 723 955 768 nos
982 705 1180 782 excutimus,
1215 723 1311 768 nsmo
1362 723 1434 768 sum
1464 722 1578 788 gerere
1609 723 1705 786 quam
1736 703 1844 786 capiat
1870 723 1985 769 sensus
2012 705 2135 780 earnis,
2169 705 2246 769 dum
2274 727 2334 788 pro

337 789 406 855 fere
428 789 609 872 reperietur
631 788 688 870 qui
710 809 776 853 non
794 789 830 853 in
852 788 965 854 eodem
987 809 1108 873 genera
1130 789 1259 872 saepius
1277 810 1312 854 se
1362 786 1600 854 dormientibus
1629 788 1777 854 exaubat.
1822 787 1894 853 Iam
1924 801 1958 854 et
1986 788 2047 855 hoo
2078 789 2252 874 diligenter
2273 811 2334 856 no-

338 873 525 958 delinquere
553 883 714 956 agnosout.
760 875 855 939 Adde
877 872 962 956 qnod
990 875 1088 939 etiam
1111 875 1152 940 ab
1174 875 1312 960 ingrati·
1361 874 1498 940 tandum
1527 883 1593 939 est:
1627 874 1878 956 quantumvisa
1906 875 2030 940 mundo
2060 896 2272 959 spernamur,
2302 879 2334 941 ei

337 959 450 1026 tudine
476 961 633 1025 immunis
664 980 731 1025 non
759 959 823 1025 fuit
845 958 1029 1024 Abraham:
1060 960 1186 1042 quiesi
1213 980 1311 1042 repu·
1362 971 1472 1025 tamen
1490 981 1548 1025 nos
1569 981 1640 1025 esse
1662 959 1830 1043 pretiosos,
1850 959 1886 1025 in
1908 980 2045 1043 quorum
2075 963 2214 1044 gratiam
2238 982 2335 1047 reges

263 1101 267 1108 .
336 1053 440 1112 taseet
468 1045 661 1111 mirabiliter
690 1054 852 1112 servatam
881 1046 942 1112 sibi
964 1066 985 1108 a
1004 1047 1147 1112 Domino
1166 1066 1310 1126 uxorem,
1361 1065 1487 1129 quoque
1518 1045 1605 1126 ipsos
1638 1046 1787 1130 corrigit,
1822 1045 2094 1129 quemadmodum
2129 1046 2267 1112 habetur
2297 1048 2336 1112 in

337 1152 505 1215 nunquam
528 1152 564 1196 se
591 1152 707 1196 rursus
735 1131 841 1197 seiens
864 1152 901 1196 aa
922 1132 1036 1196 volens
1064 1130 1256 1197 oonieeisset
1276 1131 1310 1195 iu
1361 1130 1494 1196 Psalmo
1525 1129 1602 1210 105,
1633 1132 1682 1196 14.
1734 1129 1801 1197 Sed
1834 1132 1987 1215 quoniam
2016 1131 2097 1196 haeo
2124 1153 2178 1197 res
2205 1131 2336 1215 plenius

335 1218 402 1282 tale
434 1218 626 1301 perieulum.
679 1216 829 1284 Gratiam
862 1218 949 1281 euim
981 1218 1120 1301 priorem
1154 1216 1312 1282 divinitus
1361 1214 1550 1282 duodecimo
1568 1217 1673 1299 eapite
1696 1222 1835 1283 traotata
1856 1217 1934 1294 luit,
1963 1216 2039 1281 inde
2061 1227 2174 1301 petant
2195 1217 2335 1284 lentot-es

336 1302 399 1369 sibi
422 1304 573 1383 oblatam,
594 1304 812 1386 quantumin
827 1324 862 1368 se
880 1313 938 1383 est,
960 1304 1090 1368 irritam
1108 1301 1197 1369 fauit.
1231 1302 1311 1368 Gae-
1361 1322 1445 1384 quae
1467 1324 1555 1368 nuno
1577 1302 1653 1366 data
1675 1323 1773 1385 opera
1793 1303 1917 1368 omitto.
1954 1301 2049 1383 Quod
2072 1312 2183 1369 autem
2204 1306 2336 1370 venisse

335 1398 443 1453 torum
467 1387 610 1454 notanda
628 1397 678 1453 est
695 1389 818 1471 peeoati
839 1389 972 1470 speeies,
994 1409 1092 1471 quam
1114 1408 1214 1472 supra
1236 1389 1311 1453 atti·
1361 1385 1453 1452 Deus
1475 1387 1602 1466 dieitur,
1625 1387 1658 1452 id
1680 1389 1819 1454 refertur
1842 1387 1883 1453 ad
1905 1391 1993 1472 regis
2015 1408 2156 1465 sensum,
2185 1389 2238 1455 oui
2259 1410 2335 1472 pro·

336 1477 454 1560 gimus.
498 1474 614 1557 Neque
636 1474 724 1539 enim
747 1472 847 1559 (quod
870 1474 962 1556 impii
985 1473 1132 1539 homines
1154 1473 1310 1540 eavillan-
1361 1472 1413 1538 oul
1432 1473 1530 1540 dubio
1553 1473 1715 1558 patefacta
1735 1473 1798 1539 fuit
1816 1473 1878 1538 Dei
1901 1475 2067 1539 maiestas:
2090 1482 2128 1539 ut
2149 1483 2237 1540 eerto
2259 1496 2336 1539 sen·

336 1560 404 1646 tur)
422 1560 590 1626 Abrabam
609 1568 646 1624 ut
663 1558 725 1624 sibi
748 1558 940 1638 eonsuleret,
964 1580 1100 1624 uxorem
1121 1580 1214 1624 suam
1237 1581 1310 1643 pro·
1362 1559 1439 1624 tiret
1458 1559 1618 1624 divinitus
1635 1579 1669 1624 se
1691 1560 1830 1644 eoargui,
1852 1581 1918 1623 non
1936 1559 2004 1624 ludi
2023 1560 2113 1625 inani
2130 1558 2310 1642 phantasia.

335 1647 451 1711 stituit.
498 1643 565 1710 Sed
588 1644 864 1727 quemadmodum
887 1647 978 1728 prius
997 1645 1036 1710 de
1058 1645 1220 1711 servanda
1243 1645 1311 1710 vita
1447 1643 1527 1711 Eece
1545 1649 1685 1710 mortuas
1706 1665 1747 1712 ea.
1792 1643 1990 1728 Quanquam
2012 1646 2105 1711 Deus
2125 1646 2160 1710 in
2191 1647 2337 1711 favorem

336 1732 455 1798 anxius
483 1730 560 1810 luit,
590 1731 691 1796 donee
713 1725 825 1796 semen
847 1731 908 1796 sibi
934 1730 1092 1796 divinitus
1115 1733 1309 1814 promissum
1333 1711 1337 1786 l
1360 1727 1522 1810 Abrahae,
1544 1751 1640 1814 quam
1662 1730 1726 1796 lide
1743 1737 1777 1795 et
1798 1730 1960 1814 praesidio
1982 1751 2041 1796 suo
2063 1729 2201 1815 tegebat,
2224 1752 2338 1815 regem

335 1817 480 1895 baberet,
503 1817 549 1881 ita
566 1838 655 1882 nuno
673 1837 809 1882 uxorem
826 1815 997 1900 gravidam
1014 1815 1141 1894 videns,
1163 1826 1201 1881 ut
1217 1826 1311 1882 tanta
1360 1815 1555 1881 Abimelaoh
1573 1816 1772 1901 aggreditur,
1795 1815 1892 1880 simul
1911 1817 2073 1881 tamenin
2090 1837 2211 1902 genere
2228 1826 2338 1882 osten-

335 1902 560 1969 benbdiotione
582 1903 743 1985 potiatur,
773 1900 813 1966 de
836 1902 949 1966 uxoris
968 1902 1111 1985 perieulo
1134 1923 1200 1968 non
1222 1902 1310 1986 eogi-
1361 1899 1409 1966 dit
1430 1912 1628 1985 quantopere
1658 1901 1719 1968 sibi
1746 1901 1940 1984 displioeant
1969 1901 2137 1967 adulteria.
2182 1903 2227 1966 Et
2248 1912 2338 1969 oerte

336 1995 394 2054 tat.
438 1989 529 2072 Ergo
551 1989 578 2053 si
600 1989 699 2071 probe
721 1988 832 2053 omnia
861 1985 1088 2070 expendimus,
1118 1987 1311 2054 infidelitate
1360 1986 1415 2051 hio
1444 2008 1510 2052 non
1539 1989 1576 2052 fit
1608 1985 1728 2052 diserta
1757 1985 1908 2052 Abrabae
1942 1989 2082 2066 mentio,
2115 1988 2193 2072 quin
2227 1989 2338 2070 potius

251 2135 254 2144 .
335 2076 490 2157 peooavit,
513 2076 622 2138 minus
644 2073 707 2138 Dei
729 2072 954 2158 providentiae
974 2093 1070 2156 quam
1095 2072 1232 2138 debebat
1254 2074 1311 2138 tri·
1360 2071 1491 2137 additur
1512 2073 1694 2138 eommunis
1713 2073 1795 2137 ratio
1817 2073 1858 2138 ad
1881 2071 2037 2138 tuendam
2060 2074 2205 2158 eoniugii
2227 2072 2337 2153 fidem,

335 2160 449 2226 bueus.
495 2159 591 2225 Unde
613 2161 711 2225 etiam
734 2179 905 2224 monemur
926 2180 1025 2242 quam
1048 2167 1157 2223 tutum
1180 2159 1311 2225 nonsit
1361 2158 1513 2224 Morieris
1542 2160 1617 2242 quia
1646 2158 1816 2224 mulierem
1845 2159 1982 2242 rapuisti
2012 2179 2096 2242 quae
2124 2161 2195 2223 viro
2223 2160 2339 2225 innota

359 2245 476 2329 ropriis
498 2244 641 2310 consiliis
663 2242 773 2310 fidere.
817 2246 942 2311 Raetus
970 2265 1110 2326 namque
1132 2254 1183 2310 ost
1204 2246 1310 2310 Abra·
1361 2253 1439 2308 erat.
1485 2244 1659 2310 Diseamus
1681 2265 1759 2328 ergo
1780 2243 1831 2308 bis
1853 2243 1962 2309 verbis
1985 2242 2096 2308 datum
2117 2244 2220 2310 fuisse
2242 2265 2339 2328 prae-

334 2265 399 2396 bas
427 2331 576 2410 effeetus,
605 2330 682 2394 dum
713 2328 754 2395 ad
784 2328 847 2395 Dei
876 2329 1125 2414 promissionem
1153 2330 1310 2396 attendit:
1360 2337 1493 2412 neptum
1521 2329 1668 2394 humano
1697 2329 1825 2413 generi,
1854 2349 1897 2394 ne
1925 2329 1997 2414 quis
2027 2330 2167 2395 alienam
2198 2351 2337 2395 uxorem

335 2416 393 2481 sed
422 2415 508 2500 quod
527 2416 590 2482 Dei
608 2415 766 2481 auxilium
789 2415 951 2498 patienter
971 2437 1037 2481 non
1060 2425 1251 2499 exspectans
1270 2413 1311 2480 ad
1362 2417 1511 2498 attingat.
1557 2415 1602 2479 Et
1623 2421 1710 2480 certe
1732 2435 1830 2497 quum
1854 2415 1936 2480 nihil
1957 2415 2107 2482 sanetius
2120 2414 2163 2480 sit
2184 2416 2337 2500 ooniugio

334 2500 483 2566 illicitam
501 2503 661 2566 rationem
680 2500 832 2579 deflectit,
851 2501 934 2567 eain
947 2510 1041 2585 parte
1057 2501 1311 2585 reprehensione
1361 2500 1397 2565 in
1418 2500 1587 2566 hominum
1612 2501 1695 2579 vita,
1725 2521 1791 2565 non
1819 2501 1940 2565 mirum
1963 2513 2012 2565 est
2029 2501 2057 2566 si
2078 2501 2241 2566 Dominus
2262 2523 2338 2566 mu-

336 2587 457 2671 dignus
478 2597 536 2652 est.
1362 2597 1454 2652 tuam
1480 2585 1567 2651 inter
1594 2586 1681 2652 viros
1703 2595 1735 2649 et
1764 2607 1885 2652 uxores
1910 2586 2008 2652 fidem
2038 2594 2125 2654 oaste
2155 2585 2217 2654 ooli
2243 2587 2336 2662 velit,

421 2671 466 2737 Et
485 2672 574 2738 misit
591 2671 773 2738 Abimdeelr.
819 2671 891 2738 Non
915 2670 1049 2738 dubium
1071 2680 1120 2736 est
1142 2671 1220 2753 quin
1242 2672 1310 2737 Do·
1362 2691 1400 2736 ao
1432 2693 1467 2736 se
1500 2671 1663 2736 vindioem
1696 2671 1763 2737 lore
1799 2671 1988 2748 denunciet,
2028 2673 2153 2755 quoties
2193 2671 2338 2736 violatur

335 2758 446 2822 minus
468 2780 487 2822 a
509 2777 606 2824 servo
628 2777 687 2822 suo
709 2755 837 2823 oonsilii
859 2767 981 2822 temere
1008 2758 1150 2841 suseepti
1171 2777 1310 2840 poenam
1362 2755 1460 2844 (Heb.
1484 2757 1534 2836 13,
1553 2757 1596 2844 4).
1631 2756 1742 2822 Unum
1765 2756 1895 2839 quidem
1915 2756 2081 2823 hominem
2100 2765 2229 2822 tanturm
2247 2779 2338 2824 nune
2462 2823 2465 2828 ,

336 2843 468 2928 exigere
491 2843 639 2908 voluerit.
685 2845 736 2909 Ao
757 2843 839 2908 tales
861 2841 1061 2908 diffidentiae
1084 2862 1162 2909 suae
1183 2842 1311 2907 fruetus
1363 2843 1552 2926 alloquitur:
1575 2842 1631 2909 sed
1653 2863 1718 2907 vox
1738 2843 1802 2908 ista
1823 2863 1998 2926 personare
2018 2845 2055 2907 in
2076 2843 2224 2908 omnium
2245 2844 2337 2908 auri-

335 2929 520 3012 pereipiunt
549 2930 742 3012 quieumque
763 2949 831 2993 non
852 2929 1061 3008 reeumbunt,
1090 2939 1128 2993 ut
1148 2948 1209 3012 par
1230 2936 1310 3008 erat,
1362 2927 1424 2994 bus
1452 2927 1561 3008 debet,
1591 2927 1771 3007 adulteros,
1801 2929 1948 3011 quamvis
1971 2928 2012 2993 ad
2042 2939 2170 3013 tempus
2199 2928 2338 3013 impune

333 3015 371 3079 in
404 3015 468 3079 Dei
530 3013 720 3080 rorideutia.
771 3014 953 3098 Exagitant
992 3012 1124 3096 quidam
1163 3015 1310 3096 protervi
1362 3014 1543 3092 exsultent,
1577 3034 1731 3079 sensuros
1763 3013 1895 3078 tandem
1929 3015 2037 3080 Deum
2067 3014 2224 3081 ultorem:
2258 3015 2338 3098 quia

334 3099 484 3164 homines
508 3033 600 3165 buno
628 3099 751 3166 locum:
784 3100 862 3182 quia
886 3099 971 3164 nihil
999 3101 1110 3164 minus
1138 3108 1308 3165 consenta-
1362 3101 1520 3183 ooniugiis
1541 3098 1714 3184 praesidet.

335 3205 434 3250 neum
453 3184 582 3250 videtur
598 3205 695 3270 quam
714 3185 859 3250 vetulam
878 3185 969 3255 senio
987 3183 1216 3268 deorepitama
1232 3206 1309 3269 rege
1447 3185 1477 3250 4.
1503 3185 1548 3250 Et
1573 3184 1749 3251 Abiurelerb
1772 3204 1836 3249 uon
1862 3186 2175 3268 appropinquaverat.
2221 3182 2338 3266 Quum

336 3271 513 3354 expetitam
535 3291 614 3349 esse,
637 3281 675 3335 ut
696 3291 768 3336 enm
791 3293 808 3336 e
831 3272 940 3336 mariti
962 3270 1035 3337 sinu
1059 3279 1197 3354 raperet.
1243 3269 1309 3336 Sed
1361 3292 1396 3336 se
1428 3271 1494 3335 iam
1528 3270 1696 3336 viduasset
1728 3269 1912 3351 Abraham,
1943 3271 2105 3336 Dominus
2139 3276 2269 3337 mature
2299 3293 2338 3338 se

335 3357 585 3440 respondemus,
625 3357 770 3440 primum
809 3357 927 3422 nesoiri
966 3356 1071 3439 qualis
1109 3356 1209 3421 luerit
1239 3357 1309 3422 eius
1361 3359 1495 3441 opponit
1512 3366 1551 3421 ut
1568 3357 1615 3420 illi
1633 3358 1763 3440 integra
1784 3367 1916 3422 maneat
1933 3377 2024 3421 uxor.
2062 3356 2213 3422 Antehae
2235 3377 2339 3440 quum

335 3441 449 3520 torma,
471 3443 536 3506 nisi
555 3441 639 3526 quod
661 3463 760 3526 supra
789 3451 928 3508 testatus
950 3450 1000 3507 ast
1021 3442 1132 3508 Moses
1151 3442 1309 3526 singulari
1360 3463 1379 3507 a
1401 3442 1574 3508 Pharaone
1597 3441 1769 3508 abduetam
1792 3443 1939 3506 narravit
1960 3443 2085 3520 Moses,
2115 3441 2176 3508 hoo
2197 3443 2336 3508 tacitum

335 3529 536 3611 praestantia
567 3528 677 3594 luisse.
728 3529 819 3593 Fieri
852 3537 961 3592 antem
994 3528 1102 3612 potuit
1133 3537 1171 3592 ut
1202 3535 1310 3593 aetate
1360 3530 1541 3611 praeteriit,
1569 3527 1700 3593 lassans
1721 3548 1764 3591 an
1785 3527 1909 3593 intanta
1936 3528 2053 3593 luisset
2074 3528 2144 3592 eius
2167 3525 2328 3611 pudioitia

334 3634 401 3678 non
423 3611 503 3679 adeo
525 3611 643 3679 detrita
672 3622 768 3680 asset.
812 3612 972 3680 Videmus
1001 3633 1234 3696 saepenumero
1262 3613 1310 3677 fe·
1361 3612 1428 3680 Sed
1449 3613 1526 3696 quia
1554 3619 1634 3678 tune
1661 3633 1787 3696 quoque
1815 3613 1888 3678 eius
1918 3612 2081 3679 viudioem
2103 3634 2138 3679 se
2167 3615 2338 3697 professus

335 3699 441 3765 minas
459 3719 546 3765 anno
570 3698 817 3784 quadragesimo
837 3698 943 3784 magis
965 3719 1101 3784 rugosas
1123 3719 1220 3782 quam
1242 3699 1310 3764 sint
1359 3706 1411 3764 est
1431 3697 1604 3777 Dominus,
1628 3719 1725 3783 quam
1749 3717 1837 3763 nune
1858 3720 1878 3763 a
1899 3699 2017 3782 probro
2039 3706 2165 3764 tutatus
2187 3707 2253 3778 est,
2276 3699 2339 3766 du-

335 3784 418 3849 aliae
440 3786 716 3869 septuagenariae.
754 3784 820 3852 Sed
838 3785 892 3849 hio
914 3783 1003 3850 aliud
1026 3783 1308 3862 eonsiderandum‚
1360 3784 1449 3850 bium
1473 3805 1543 3850 esse
1563 3804 1631 3849 non
1654 3782 1750 3850 debet
1771 3785 1849 3869 quin
1871 3792 2009 3869 utroque
2035 3793 2182 3867 ternpore
2203 3793 2341 3852 servata

336 3869 421 3952 quod
448 3869 579 3935 insolita
601 3871 664 3935 Dei
687 3871 793 3955 gratia
822 3870 996 3936 exoelleret
1018 3869 1128 3946 Sarae,
1152 3879 1309 3936 venustas
1359 3871 1459 3936 fuerit
1480 3871 1549 3935 eius
1571 3869 1751 3954 integritas.
1797 3868 1866 3936 Our
1887 3870 1975 3935 enirn
1998 3890 2086 3936 nuno
2113 3869 2340 3952 prohibuisset

335 3956 423 4020 inter
451 3955 531 4021 alias
556 3957 626 4021 eius
656 3954 756 4021 dotes.
801 3956 892 4020 Fieri
914 3957 1012 4021 etiam
1040 3963 1161 4040 potest,
1191 3964 1229 4020 ut
1251 3977 1309 4021 rex
1360 3977 1471 4041 regern
1494 3955 1601 4020 Gerar
1630 3954 1671 4019 ab
1699 3955 1769 4021 eius
1797 3955 1986 4035 oonoubitu,
2014 3956 2042 4020 si
2071 3973 2144 4020 eam
2174 3957 2265 4038 prins
2294 3957 2339 4023 ab

335 4041 543 4118 Abimeleob,
584 4063 650 4106 uon
690 4055 757 4107 tam
797 4041 961 4125 elegantia
999 4043 1122 4107 formae
1155 4062 1309 4109 aooensus
1360 4042 1523 4125 Aegyptio
1551 4041 1716 4123 eorrumpi
1749 4061 1863 4124 passus
1893 4040 1999 4105 foret?
2033 4039 2194 4108 Videmus
2224 4051 2339 4108 autem

334 4126 436 4191 luerit
452 4147 548 4210 quam
567 4127 652 4210 quod
671 4137 853 4192 matronam
876 4126 1008 4193 videbat
1026 4128 1108 4192 raris
1131 4126 1309 4192 virtutibus
1360 4148 1462 4211 quum
1485 4127 1648 4192 Dominus
1670 4127 1830 4191 auxilium
1852 4148 1947 4192 suum
1969 4126 2096 4204 differt,
2124 4136 2162 4191 ut
2183 4127 2341 4194 fidelibus

334 4213 525 4296 praeditam.
576 4213 747 4278 Postremo
779 4212 958 4278 tenendum
992 4222 1057 4292 est,
1089 4210 1174 4276 hane
1207 4223 1309 4276 totam
1361 4212 1492 4277 nonnisi
1522 4220 1668 4277 extremo
1695 4212 1832 4278 artieulo
1862 4232 1997 4277 manum
2024 4212 2187 4296 porrigat,
2216 4212 2341 4280 elarius

335 4319 406 4362 rem
435 4297 653 4382 gubernatam
676 4297 777 4364 luisse
800 4299 863 4364 Dei
884 4320 1004 4376 manu,
1026 4307 1064 4364 ut
1084 4299 1206 4363 iustam
1228 4297 1310 4363 stul·
1361 4295 1540 4363 ostendere·
1554 4317 1652 4380 quam
1674 4296 1876 4362 admirabilis
1898 4298 1941 4363 sit
1961 4318 2020 4362 sua
2041 4294 2256 4381 providentia.

334 4384 425 4448 titiae
458 4405 536 4448 suus
569 4383 752 4449 meraedem
784 4385 963 4467 suseiperet
992 4383 1171 4449 Abraham.
1223 4382 1311 4464 Quia
1449 4383 1535 4448 Num
1550 4387 1668 4466 qaam
1685 4385 1779 4448 etiarn
1795 4384 1913 4449 waram
1929 4383 2071 4450 umidas?
2089 4382 2186 4464 Quod
2203 4383 2343 4467 quidam

335 4477 446 4534 autem
474 4470 624 4535 ridemus
653 4478 689 4534 ut
717 4469 896 4553 plurimum
926 4470 960 4533 in
989 4469 1053 4534 Dei
1081 4468 1209 4535 iudioiis
1239 4489 1310 4534 oae-
1360 4468 1408 4532 ita
1436 4478 1603 4552 exponunt
1624 4469 1718 4551 quasi
1740 4466 1932 4535 Abimeleeh
1957 4469 2055 4535 taeite
2076 4489 2112 4534 so
2133 4489 2209 4534 oum
2232 4467 2342 4537 Sodo-

334 4556 437 4622 entire
464 4555 521 4638 qui
549 4555 585 4619 in
614 4554 816 4621 naturalibus
839 4576 948 4620 rerum
971 4555 1078 4621 oausis
1101 4555 1200 4620 nimis
1222 4554 1310 4619 aouti
1361 4555 1450 4620 mitis
1472 4555 1627 4631 eonferat,
1650 4552 1749 4619 nimis
1771 4555 1853 4620 forte
1871 4562 2024 4638 argutum
2044 4562 2102 4620 est.
2149 4552 2343 4639 Simplicior

334 4651 427 4720 sunt,
450 4640 544 4706 nobis
567 4641 630 4706 hon
650 4662 753 4706 unum
775 4641 931 4718 suffioiat,
954 4640 1159 4716 Abimoleoh,
1182 4639 1237 4723 qui
1260 4639 1310 4704 di·
1361 4641 1442 4704 mihi
1471 4639 1604 4704 videtur
1632 4660 1762 4705 sensus:
1791 4638 1948 4719 Domine,
1978 4641 2190 4722 quantumvis
2218 4642 2343 4710 aeriter

334 4728 433 4791 rinae
460 4724 625 4792 vindictae
652 4727 802 4792 minister
831 4738 914 4804 erat,
944 4746 1062 4792 arnano
1090 4733 1182 4791 motu
1209 4725 1310 4791 lirissa
1361 4725 1521 4791 adulteria
1542 4725 1669 4808 punias,
1692 4745 1733 4790 an
1752 4745 1787 4790 se
1808 4725 1858 4789 ira
1880 4733 1938 4789 tua
1955 4725 1990 4790 in
2013 4723 2161 4790 homines
2184 4727 2343 4794 innoxios

334 4811 521 4895 impulsum.
615 4839 617 4844 ·
1360 4809 1514 4890 effundet,
1538 4811 1595 4894 qui
1615 4831 1725 4876 errore
1747 4811 1854 4895 potius
1877 4810 1960 4893 lapsi
1976 4819 2054 4876 sunt
2075 4831 2173 4893 quam
2196 4813 2344 4880 seientes

420 4898 450 4962 3.
474 4896 518 4962 at
544 4899 625 4962 venit
646 4897 736 4962 Deus
760 4897 803 4963 ad
825 4896 1001 4962 Abinseleob
1029 4903 1117 4963 noca
1137 4917 1201 4978 per
1228 4917 1309 4963 som·
1359 4917 1397 4963 ae
1419 4897 1565 4962 volentes
1586 4894 1776 4979 peeoarint?
1800 4897 1903 4962 Porro
1924 4895 1972 4962 ita
1989 4917 2024 4962 se
2041 4915 2184 4980 purgare
2207 4897 2345 4964 ridetur

333 4985 431 5048 aiam.
475 4984 540 5051 Hie
563 4983 705 5049 ostendit
723 4983 833 5048 Moses
851 4983 1030 5049 Dominum
1048 4983 1147 5048 itase
1165 4982 1307 5047 medium
1359 4982 1552 5048 Abimeleoh
1585 4982 1679 5065 quasi
1703 4982 1793 5046 ‘nibil
1820 4983 1982 5048 sustineat
2008 4981 2141 5064 eulpae:
2172 4983 2344 5052 Dominus

334 5070 472 5155 gessisse
500 5079 537 5133 ut
565 5090 701 5151 poenam
726 5068 764 5133 de
787 5089 964 5134 servosne
994 5089 1143 5144 sumens,
1174 5076 1308 5151 paterne
1359 5079 1471 5134 tamen
1501 5068 1571 5133 eius
1599 5067 1840 5134 exeusationem
1869 5067 2015 5133 admittit
2035 5075 2069 5132 et
2096 5066 2223 5150 probat.
2269 5070 2345 5136 Sed

270 5189 276 5200 ·
334 5167 445 5219 tamen
478 5153 525 5219 illi
559 5155 758 5240 ignosaeret:
792 5153 1064 5238 quemadmodum
1098 5171 1133 5218 se
1166 5152 1309 5237 quotidie
1360 5153 1539 5219 videndum
1562 5163 1611 5218 est
1640 5150 1799 5236 quomodo
1820 5161 1853 5218 et
1881 5161 2043 5237 quatenus
2065 5173 2099 5218 se
2128 5153 2226 5219 eorde
2251 5155 2346 5222 inte-

334 5261 490 5325 erganos
512 5248 678 5323 temperat,
700 5242 823 5306 sienne
845 5239 1023 5305 admonens
1042 5240 1109 5305 suis
1131 5240 1252 5318 ferulis,
1271 5250 1309 5303 ut
1359 5261 1456 5324 grum
1488 5249 1521 5303 et
1552 5240 1704 5305 manibus
1736 5239 1942 5305 innoeentem
1977 5239 2083 5305 iaetet.
2139 5239 2214 5305 Non
2247 5243 2345 5308 enim

334 5327 541 5391 severitatem
581 5325 752 5391 elementia
788 5337 820 5392 et
859 5326 987 5392 bonitas
1027 5326 1125 5410 longe
1165 5333 1305 5408 superet.
1360 5325 1554 5390 munditiem
1575 5324 1636 5391 sibi
1658 5333 1805 5410 arrogat,
1836 5344 1918 5408 quae
1939 5323 2031 5389 nulla
2051 5343 2184 5408 prorsus
2207 5329 2349 5394 macula
