5000 6208
331 463 392 527 151
710 551 715 559 .
989 453 1357 524 COMMENTARIUS
1378 456 1428 521 IN
1450 454 1663 522 GENESIN.
2259 448 2319 514 152

329 649 408 714 filiis
431 647 498 713 suis
520 646 659 712 ludibrio
677 646 745 712 sint
761 647 816 730 qui
834 647 936 728 patris
954 644 1102 710 coelestis
1123 643 1299 726 imaginem
1352 643 1492 707 fratrum
1520 649 1587 707 tam
1621 642 1724 724 pietas
1755 662 1852 724 quam
1889 642 2046 707 modestia
2077 640 2247 714 laudatur,
2281 660 2321 702 ue

330 735 520 798 deformant.
556 731 641 796 Nam
664 739 760 812 certe,
783 741 941 813 quantum
964 733 1133 806 1000000,
1160 739 1301 792 mentem
1352 726 1438 811 apud
1460 749 1514 793 eos
1536 728 1672 793 vilescat
1690 727 1846 792 maiestas
1868 729 1978 809 patris,
2000 726 2056 792 sed
2079 747 2175 809 quam
2198 724 2249 790 illi
2271 724 2322 788 de·

332 839 425 884 suam
448 819 590 882 obruunt
612 817 745 894 ebriosi,
774 839 871 900 seque
899 818 1026 880 ratione
1054 816 1185 898 privant
1207 814 1301 877 utin
1352 813 1431 878 bent
1452 814 1677 888 reverentiam,
1696 833 1824 895 semper
1846 807 1984 888 foveant,
2008 829 2040 877 et
2060 814 2225 894 integram
2248 831 2320 875 con·

331 902 471 987 pecudes
500 902 708 986 degenerent.
753 903 1002 967 Meminerimus
1026 910 1153 978 autem,
1184 899 1211 963 si
1234 905 1301 963 tam
1353 909 1496 974 servent,
1527 921 1547 963 a
1575 899 1685 982 probri
1713 899 1783 964 eius
1812 909 1985 982 conspectu
2019 909 2171 963 avertunt
2203 896 2321 960 oculos.

331 990 476 1072 graviter
498 989 585 1053 ultus
610 998 660 1053 est
677 989 840 1053 Dominus
862 989 994 1053 unicum
1022 987 1127 1052 sancti
1150 985 1210 1050 viri
1233 983 1302 1066 lap·
1352 983 1461 1066 Atque
1488 986 1533 1049 ita
1558 993 1721 1050 testantur
1748 984 1809 1049 sibi
1837 1006 1912 1050 vere
1942 1005 2038 1048 curae
2066 1005 2136 1048 esse
2168 984 2321 1046 honorem

333 1095 416 1150 sum,
439 1096 503 1139 non
526 1074 635 1139 minus
657 1094 806 1140 severum
824 1073 892 1138 fore
915 1073 1053 1138 ultorem
1075 1071 1232 1137 adversus
1249 1090 1303 1134 eos
1354 1071 1471 1152 patris,
1499 1068 1577 1135 dum
1606 1069 1716 1136 oculos
1742 1090 1817 1135 sues
1850 1070 1963 1135 violari
1993 1079 2127 1152 putant,
2155 1069 2181 1132 si
2210 1078 2323 1149 sponte

331 1162 386 1242 qui
414 1182 449 1226 se
475 1159 617 1243 quotidie
646 1159 828 1236 inebriant,
857 1169 892 1223 00
921 1159 991 1223 0100
1020 1159 1069 1222 rei
1097 1158 1176 1222 satis
1199 1154 1303 1219 multa
1354 1155 1536 1220 nuditatem
1548 1156 1618 1220 eius
1630 1156 1840 1238 adspexerint
1852 1175 1934 1237 quae
1953 1156 2106 1237 probrosa
2121 1165 2207 1218 erat:
2227 1153 2323 1216 simul

332 1245 481 1327 exempla
502 1255 676 1310 versentur
698 1255 774 1310 ante
793 1243 911 1309 oculos.
948 1243 1086 1308 Interim
1109 1242 1224 1319 (iham,
1247 1261 1302 1322 pa·
1355 1241 1453 1305 etiam
1477 1240 1690 1306 verecundiae
1712 1262 1791 1306 suae
1812 1243 1994 1307 consulunt.
2040 1241 2123 1305 Nam
2147 1238 2198 1324 (ut
2220 1239 2325 1319 capite

333 1342 416 1395 trem
432 1331 663 1396 contumeliose
681 1331 894 1408 subsannans,
912 1323 1055 1412 pravum'
1069 1349 1107 1393 ac
1124 1327 1303 1410 malignum
1354 1329 1450 1391 tertio
1472 1327 1594 1392 dictum
1614 1325 1690 1412 fuit)
1718 1325 1797 1391 adeo
1819 1327 2007 1409 pudendum
2035 1328 2145 1391 nescio
2167 1323 2245 1407 quid
2268 1324 2325 1388 ha-

332 1415 502 1498 ingenium
523 1415 642 1500 prodit.
679 1417 808 1481 Scimus
826 1425 977 1498 parentes
999 1413 1178 1480 secundum
1197 1412 1304 1477 Deum
1355 1411 1409 1478 bet
1425 1411 1567 1477 hominis
1585 1411 1723 1489 nuditas,
1743 1420 1780 1476 00
1798 1415 1853 1477 vix
1872 1415 2007 1496 quisque
2024 1410 2188 1492 adspicere
2211 1431 2247 1474 se
2269 1431 2324 1474 au·

333 1513 522 1566 reverenter
552 1500 703 1566 colendos
730 1521 813 1566 esse:
845 1509 941 1583 atque
968 1508 1005 1564 00
1033 1499 1114 1564 00111
1143 1500 1210 1563 0100
1231 1496 1306 1560 libri
1357 1498 1431 1562 deat
1449 1498 1519 1563 sine
1538 1507 1628 1562 teste.
1660 1497 1768 1561 Fratri
1785 1499 1884 1564 etiam
1907 1518 1964 1563 suo
1983 1497 2326 1579 exprobrantimpiam

333 1609 394 1653 nec
419 1587 604 1666 conciones,
635 1587 695 1651 hoc
717 1585 810 1651 nobis
840 1586 968 1651 assidue
990 1585 1092 1650 dictat
1114 1593 1249 1649 natura:
1273 1595 1307 1645 et
1356 1585 1565 1667 proterviam,
1589 1583 1673 1664 quod
1695 1585 1777 1665 patri
1801 1605 1868 1647 non
1888 1587 2094 1666 pepercisset.
2139 1582 2228 1646 Hinc
2253 1603 2327 1646 rere

334 1694 401 1738 000
440 1672 585 1739 omnium
627 1692 788 1737 consensu
828 1681 995 1756 receptum
1045 1682 1109 1748 000,
1152 1670 1305 1753 pietatem
1357 1670 1519 1735 discamus
1550 1690 1645 1751 quam
1677 1681 1771 1752 grata
1793 1670 1863 1733 Deo
1885 1669 1928 1733 sit
1948 1669 2067 1752 pietas,
2096 1668 2189 1732 cuius
2219 1688 2328 1732 exem-

336 1759 435 1824 etiam
463 1778 542 1841 erga
558 1767 710 1840 parentes
728 1765 866 1822 matrem
885 1778 956 1822 esse
973 1759 1118 1821 omnium
1136 1757 1305 1819 virtutum.
1358 1756 1459 1838 plum,
1483 1755 1568 1836 quod
1591 1754 1644 1819 hic
1667 1753 1819 1829 refertur,
1844 1775 1901 1836 pro
1924 1755 2045 1837 insigni
2067 1753 2202 1835 spiritus
2224 1752 2329 1834 elogio

335 1845 486 1926 Nequam
508 1863 586 1925 ergo
609 1852 641 1907 et
664 1845 820 1926 perversi,
843 1843 1045 1924 contortique
1067 1841 1191 1924 ingenii
1213 1861 1307 1922 opor·
1358 1840 1545 1905 habendum
1568 1853 1626 1904 est.
1672 1838 1817 1920 Quodsi
1846 1841 1949 1922 pietas
1977 1860 2055 1922 erga
2084 1850 2250 1904 terrenum
2274 1858 2330 1919 pa-

335 1941 383 1994 tet
406 1930 504 1994 fuisse
526 1929 626 1993 istum
649 1928 763 2004 (lham,
787 1929 930 2011 quinon
949 1926 1044 1991 modo
1066 1949 1108 1992 ex
1129 1927 1232 2010 patris
1255 1923 1308 1988 de
1359 1936 1442 1992 trem
1467 1945 1534 1989 tam
1557 1927 1676 1990 eximia
1698 1935 1730 1988 00
1752 1925 1847 1990 laude
1869 1925 1970 2008 digna
1989 1925 2053 1988 fuit
2074 1924 2188 1998 virtus,
2211 1935 2332 2004 quanto

336 2015 450 2080 decore
472 2013 671 2096 voluptatem
693 2014 794 2095 cepit,
824 2012 880 2077 sed
902 2035 978 2078 eum
1008 2013 1176 2077 traducere
1205 2011 1308 2075 voluit
1360 2012 1474 2077 maiori
1487 2013 1616 2093 pietatis
1628 2011 1735 2075 studio
1750 2008 1885 2076 colenda
1903 2024 1953 2074 est
1970 2031 2062 2075 sacra
2073 2008 2136 2073 Dei
2155 2009 2330 2073 maiestas?

336 2100 423 2183 apud
445 2100 569 2164 fratres.
613 2099 677 2164 Est
698 2109 807 2164 autem
830 2099 891 2163 hoc
915 2120 981 2163 000
1011 2119 1150 2180 parvum
1172 2097 1308 2162 seanda-
1359 2096 1501 2162 Ridiculi
1527 2118 1601 2161 vero
1628 2097 1777 2179 papistae
1806 2097 1862 2178 qui
1892 2094 2027 2160 foetidas
2055 2095 2133 2160 idoli
2163 2096 2232 2172 sui,
2267 2094 2331 2157 imo

335 2185 422 2250 lum:
450 2187 553 2268 primo
582 2183 667 2266 quod
689 2184 784 2249 Neah
811 2184 926 2248 salutis
959 2184 1121 2249 humanae
1150 2183 1308 2258 minister,
1359 2184 1461 2248 totius
1483 2183 1603 2265 impuri
1624 2182 1702 2247 cleri
1724 2184 1904 2264 spurcitias,
1927 2180 2025 2264 pallio
2045 2178 2121 2247 Sem
2142 2193 2174 2244 et
2192 2178 2333 2262 lapheth

335 2284 369 2337 et
391 2270 604 2354 reparationis
626 2269 739 2334 mundi
762 2269 922 2352 princeps,
943 2269 978 2334 10
1001 2281 1068 2332 tam
1087 2268 1180 2352 gravi
1198 2286 1309 2332 senec·
1361 2278 1469 2350 tegere
1499 2270 1625 2332 volunt.
1676 2267 1845 2348 Quantum
1879 2270 1967 2331 inter
1993 2267 2146 2348 probrum
2176 2266 2272 2330 Noah
2302 2279 2333 2328 et

337 2370 409 2422 tute
439 2356 525 2420 domi
556 2354 666 2420 ebrius
703 2355 899 2438 procumbit:
936 2353 1052 2418 deinde
1086 2353 1169 2436 quod
1204 2353 1309 2418 Oham
1360 2351 1573 2420 exsecrandas
1602 2363 1648 2417 tot
1676 2353 1833 2418 scelerum
1868 2353 2039 2418 foeditates
2072 2353 2216 2427 intersit,
2251 2371 2334 2432 quae

337 2442 460 2524 impius
500 2449 534 2505 et
567 2441 745 2505 sceleratus
781 2462 821 2505 ex
862 2440 925 2505 Dei
964 2441 1148 2504 sanctuario
1181 2438 1308 2522 prodiit.
1360 2440 1485 2506 coelum
1513 2449 1545 2503 et
1575 2449 1694 2502 terram
1723 2440 1963 2516 contaminant,
1994 2438 2100 2503 dicere
2129 2438 2332 2518 supersedeo.

340 2526 423 2593 Octo
446 2527 572 2591 animas
594 2527 755 2608 selegerat
776 2524 870 2590 Deus
893 2527 983 2606 quasi
1012 2546 1141 2591 sacrum
1164 2535 1198 2589 00
1219 2525 1308 2606 peni·
1363 2524 1429 2592 Sed
1446 2537 1555 2606 patres
1574 2546 1609 2588 se
1627 2524 1764 2606 probent
1782 2535 1908 2606 eportet
1926 2523 2136 2588 antichristus
2155 2535 2189 2586 et
2207 2523 2334 2588 cornuti

338 2630 393 2679 tus
421 2613 511 2676 omni
538 2611 633 2676 sorde
666 2621 839 2693 purgatum
870 2632 979 2676 semen
1014 2611 1054 2674 ad
1088 2611 1307 2675 renovandam
1362 2610 1600 2692 episcopicum
1624 2607 2335 2690 οο00111000110010,01001010000000101

339 2697 521 2764 ecclesiam:
552 2695 609 2761 sed
638 2710 805 2779 peecatum
831 2696 927 2761 Neah
955 2695 1098 2760 ostendit
1126 2716 1224 2778 quam
1254 2717 1308 2759 ne·
1363 2697 1482 2762 deferri
1504 2696 1628 2760 volunt.

340 2804 430 2850 00000
452 2782 495 2848 sit
523 2783 656 2846 retineri
685 2781 833 2846 homines
863 2781 925 2845 Dei
953 2781 1083 2858 fraeno,
1110 2780 1311 2863 quantalibet
1448 2781 1499 2846 24.
1523 2781 1768 2864 Enperprfaelus
1799 2785 1902 2846 000000
1931 2777 2031 2846 Neela.
2084 2780 2198 2846 Videri
2227 2792 2338 2862 posset

339 2870 462 2935 virtute
484 2867 653 2934 excellant.
693 2867 850 2950 Impietas
871 2865 977 2931 Oham
1000 2867 1090 2933 uobis
1113 2869 1310 2932 demonstrat
1362 2867 1458 2934 Noah
1476 2868 1625 2949 quamvis
1642 2869 1763 2930 iustam
1781 2865 2036 2931 excandescendi
2054 2886 2184 2931 causam
2209 2865 2338 2944 habeat,

227 3017 230 3024 ,
340 2974 437 3039 quam
470 2953 631 3037 profunda
662 2954 705 3017 sit
738 2952 881 3017 malitiae
915 2952 1009 3017 radix
1041 2953 1075 3016 in
1115 2951 1309 3028 hominibus,
1364 2974 1480 3038 parum
1509 2965 1619 3018 tamen
1646 2950 1791 3016 modeste
1813 2964 1847 3014 et
1875 2951 2019 3034 graviter
2041 2974 2076 3016 se
2101 2973 2224 3034 gerere.
2270 2953 2337 3016 De-

340 3060 424 3122 0000
442 3038 570 3104 assidue
594 3038 746 3120 pullulat,
771 3037 835 3102 nisi
852 3039 908 3103 ubi
926 3037 976 3103 vis
994 3039 1129 3121 spiritus
1147 3037 1310 3120 potentior
1363 3041 1434 3106 buit
1456 3039 1572 3103 saltem
1593 3058 1702 3102 coram
1726 3038 1796 3101 Deo
1818 3039 1936 3102 tacitus
1958 3036 2075 3102 deflare
2103 3058 2199 3102 suum
2226 3057 2338 3120 pecca·

340 3135 399 3190 ost.
445 3121 541 3204 Quod
562 3123 646 3188 siin
676 3143 767 3189 sacro
788 3122 852 3188 Dei
882 3123 971 3203 asylo
993 3123 1080 3188 inter
1104 3134 1170 3188 tam
1193 3143 1311 3206 pancos
1365 3137 1452 3189 tum:
1474 3134 1508 3188 et
1530 3123 1651 3204 pudore
1673 3143 1799 3204 quoque
1821 3123 1906 3205 apud
1929 3123 2076 3188 homines
2102 3123 2337 3204 poenitentiam

341 3209 487 3276 diabolus
510 3230 596 3274 unus
617 3219 769 3274 servatus
790 3219 850 3286 est,
871 3231 913 3274 ne
935 3209 1092 3274 miremur
1114 3211 1141 3274 si
1163 3208 1259 3274 hodie
1276 3209 1312 3272 in
1365 3211 1488 3276 testari.
1532 3207 1629 3274 Nune
1651 3209 1742 3291 quasi
1764 3207 1846 3273 nihil
1867 3209 1939 3290 ipse
1965 3207 2151 3290 deliquerit,
2174 3213 2209 3272 in
2233 3210 2340 3274 filium

345 3294 1311 3378 000100100οἱ100000010000000010000001000000001001
1366 3317 1459 3361 suum
1482 3295 1655 3377 plusquam
1679 3315 1791 3357 severe
1820 3295 1980 3359 fulminat.
2026 3295 2126 3376 Atqui
2150 3316 2216 3359 non
2239 3297 2341 3358 refert

342 3382 410 3446 sint
430 3380 522 3444 bonis
544 3379 692 3462 improbi.
736 3380 769 3444 N
771 3401 807 3444 ec
837 3378 972 3444 dubium
992 3387 1042 3444 000
1065 3381 1145 3462 0010
1167 3380 1315 3464 graviter
1368 3382 1421 3447 hic
1443 3380 1553 3448 Moses
1581 3380 1729 3444 convicia
1756 3400 1839 3462 quae
1862 3380 1926 3444 bile
1948 3390 1981 3443 et
2002 3381 2172 3446 iracundia
2195 3382 2339 3462 percitus

341 3465 505 3532 vulnerati
526 3465 651 3529 fuerint
673 3465 774 3529 animi
799 3462 876 3530 Sem
898 3474 931 3529 00
952 3465 1102 3548 Iapheth,
1127 3487 1228 3548 quum
1251 3465 1315 3528 tale
1367 3467 1563 3532 evomuerit:
1587 3465 1644 3529 sed
1667 3466 1851 3547 loquentem
1875 3467 1981 3548 potius
2002 3465 2129 3531 inducit
2148 3466 2341 3548 prophetico

341 3552 476 3617 ludibrii
504 3561 692 3634 portentum
723 3552 757 3614 in
786 3551 887 3615 fratre
917 3571 974 3616 suo
1004 3562 1188 3624 cernerent,
1215 3561 1247 3615 et
1275 3571 1316 3614 ex
1368 3553 1493 3635 spiritu.
1539 3550 1650 3631 Quare
1678 3572 1744 3614 000
1766 3565 1817 3615 000
1843 3551 1927 3633 quod
1957 3551 2155 3628 dubitemus,
2189 3563 2342 3617 sanctum

343 3638 448 3702 altera
470 3647 562 3718 parte
585 3635 725 3719 turpiter
750 3636 843 3700 humi
866 3648 1047 3718 prostratus
1069 3638 1188 3703 iaceret
1212 3645 1315 3720 pater.
1368 3640 1475 3704 virum
1506 3657 1581 3701 vere
1603 3635 1655 3721 (ut
1676 3657 1734 3718 par
1757 3636 1841 3722 erat)
1868 3637 1982 3720 culpae
2009 3657 2087 3702 suae
2109 3659 2208 3702 sensu
2231 3637 2341 3701 humi·

343 3725 426 3787 Tam
447 3721 542 3787 foeda
569 3733 654 3786 certe
682 3722 801 3786 mentis
830 3723 980 3787 alienatio
1002 3722 1035 3785 in
1062 3723 1209 3805 principe
1239 3721 1317 3786 novi
1368 3725 1484 3789 liatum
1507 3743 1594 3798 esse,
1615 3733 1649 3786 et
1670 3723 1769 3804 probe
1792 3732 1959 3805 reputasse
1982 3723 2058 3805 quid
2080 3724 2216 3788 meritus
2240 3733 2341 3787 esset:

342 3808 468 3882 mundi,
491 3819 524 3871 et
547 3816 658 3872 sancto
677 3807 829 3872 ecclesiae
852 3807 1036 3888 patriarcha
1058 3830 1122 3873 000
1145 3809 1240 3871 aliter
1263 3828 1318 3872 eos
1368 3830 1457 3875 nunc
1478 3829 1558 3872 vero
1581 3808 1678 3872 venia
1699 3809 1871 3885 donatum,
1894 3819 1928 3873 et
1948 3809 2068 3874 abolito
2097 3823 2189 3872 reatu
2211 3809 2344 3890 prodire

345 3892 481 3958 reddere
503 3893 659 3958 attonitos
681 3893 787 3974 potuit
808 3913 905 3974 quam
931 3893 960 3958 si
989 3914 1098 3958 arcam
1127 3895 1263 3959 fractam
1286 3905 1318 3957 et
1369 3895 1472 3960 divini
1502 3893 1613 3958 iudicii
1653 3914 1854 3975 praeconem.
1911 3894 1979 3960 Nec
2012 3915 2090 3960 vero
2123 3893 2260 3958 dubium
2293 3905 2343 3958 est

343 3980 466 4044 illisam
488 3978 588 4043 rimas
618 3999 715 4063 agere
736 3999 774 4042 ac
796 3977 935 4042 dissilire
965 3979 1130 4045 vidissent.
1174 3979 1247 4043 Hoc
1268 3986 1317 4042 ta·
1369 3981 1448 4065 quin
1470 3989 1602 4045 sanctus
1624 3983 1690 4054 vir¹
1714 3981 1785 4043 miti
1808 3981 1927 4062 alioqui
1947 3980 2079 4062 ingenio
2101 3978 2287 4063 praeditus,
2311 3991 2345 4044 et

344 4086 421 4129 men
445 4063 634 4129 scandalum
656 4085 722 4128 non
746 4064 872 4127 minore
894 4064 994 4127 animi
1016 4065 1242 4148 magnitudine
1264 4086 1318 4128 su·
1371 4087 1456 4132 unus
1478 4067 1564 4129 inter
1583 4066 1722 4147 optimos
1744 4074 1865 4148 patres,
1900 4087 1973 4131 cum
2003 4065 2211 4130 acerbissimo
2241 4067 2344 4130 animi

345 4157 463 4234 perant
485 4169 582 4230 quam
604 4148 764 4213 modestia
785 4159 911 4232 tegunt.
948 4149 1043 4215 Unus
1062 4149 1170 4215 (iham
1191 4148 1319 4214 ridendi
1369 4153 1479 4217 dolore
1497 4150 1672 4233 protulerit
1688 4150 1774 4215 hano
1790 4153 1986 4216 sententiam
2005 4153 2039 4215 in
2057 4151 2170 4216 filium.
2202 4151 2346 4216 Videbat

346 4236 451 4321 patris
473 4248 506 4298 00
523 4233 705 4300 insectandi
732 4255 845 4299 ansam
868 4235 986 4319 cupide
1008 4235 1136 4318 arripit:
1166 4234 1320 4318 quemad·
1370 4259 1445 4304 eum
1459 4235 1653 4301 mirabiliter
1670 4246 1839 4301 servatum
1856 4258 1927 4302 esse
1945 4239 2030 4301 inter
2047 4257 2166 4318 paucos
2184 4247 2217 4302 et
2236 4238 2345 4302 locum

347 4321 481 4386 modum
503 4318 609 4384 solent
631 4322 832 4402 praeposteri
853 4321 1002 4386 homines
1019 4320 1172 4386 scandala
1191 4331 1321 4404 captare
1371 4320 1900 4388 0000100010001000100101011000
1918 4323 2047 4406 generis
2066 4322 2209 4388 humani.
2247 4323 2346 4388 Nune

348 4428 431 4490 quae
454 4404 494 4470 ad
516 4404 670 4486 peccandi
691 4405 856 4470 licentiam
878 4404 1064 4471 obtendant.
1107 4407 1157 4472 Ac
1177 4418 1266 4471 aetas
1284 4428 1321 4471 eo
1372 4430 1450 4491 ergo
1474 4428 1576 4490 quum
1605 4413 1663 4471 ore
1691 4428 1750 4472 suo
1778 4427 1853 4472 sum
1881 4408 2030 4473 abdicare
2052 4407 2093 4472 ab
2123 4409 2258 4474 ecelesia
2282 4409 2348 4474 Dei

348 4492 460 4557 minus
483 4491 699 4556 excusabilem
729 4490 853 4556 reddit:
884 4512 951 4555 000
979 4493 1066 4557 enim
1089 4504 1158 4557 eret
1180 4493 1322 4558 lascivus
1372 4495 1508 4578 cogitur,
1531 4513 1598 4556 non
1620 4492 1755 4557 dubium
1777 4503 1826 4558 000
1846 4495 1926 4576 0010
1951 4493 2170 4560 maledictioni
2193 4495 2252 4560 filii
2271 4517 2348 4579 gra-

350 4577 467 4660 aliquis
497 4598 596 4659 puer,
625 4577 681 4659 001
709 4576 948 4642 inconsiderate
977 4577 1113 4642 ridendo
1146 4578 1320 4643 stultitiam
1372 4582 1458 4644 viter
1490 4578 1696 4662 ingemuerit.
1753 4577 1818 4644 Sed
1851 4579 1914 4646 hoc
1943 4580 2091 4661 exemplo
2124 4582 2252 4645 moneri
2287 4603 2349 4647 000

350 4685 446 4730 suam
468 4662 634 4745 proderet:
662 4683 784 4727 annum
807 4663 873 4726 iam
895 4663 1108 4727 centesimum
1130 4677 1321 4729 excesserat.
1373 4665 1466 4729 Deus
1493 4664 1611 4742 voluit,
1644 4663 1845 4729 retinendam
1870 4686 1940 4730 0000
1969 4665 2045 4729 fidei
2074 4669 2292 4731 coustantium
2322 4670 2350 4732 si

349 4750 441 4832 Ergo
464 4747 628 4830 probabile
651 4758 701 4812 est
721 4748 768 4812 ita
789 4757 940 4830 proterve
968 4749 1140 4814 insultasse
1162 4750 1263 4831 patri,
1287 4759 1324 4812 ut
1375 4751 1504 4834 quando
1532 4749 1681 4816 videmus
1711 4770 1765 4815 eos
1801 4751 1938 4815 delicere
1966 4753 2020 4834 qui
2054 4750 2147 4816 nobis
2179 4754 2350 4819 coniuncti

351 4835 415 4901 sibi
441 4833 575 4914 impune
608 4833 760 4915 peccandi
791 4833 955 4899 licentiam
988 4836 1176 4916 acquireret.
1228 4834 1325 4900 Tales
1375 4846 1486 4915 erant,
1515 4857 1575 4902 000
1595 4836 1704 4920 frangi
1727 4857 1786 4901 nos
1808 4834 1939 4912 debere,
1967 4839 2034 4900 imo
2056 4837 2102 4901 sic
2130 4839 2351 4904 exercendam

350 4918 611 4986 hodievidemus
628 4919 806 5002 permultos
824 4920 880 5001 qui
899 4920 977 4983 vitia
994 4920 1166 5002 plusquam
1183 4920 1326 4986 studiose
1375 4945 1445 4989 0000
1467 4942 1565 5005 quam
1584 4920 1674 4987 Deus
1696 4922 1903 4987 severitatem
1926 4919 2069 4999 mandat,
2092 4930 2129 4986 ut
2150 4944 2191 4987 00
2214 4925 2352 4990 visceri-

352 5005 550 5087 conquirunt
571 5005 606 5067 in
630 5006 750 5070 sanctis
768 5017 801 5068 et
818 5006 880 5087 piis
899 5004 1094 5081 hominibus,
1118 5019 1155 5070 ut
1175 5007 1245 5072 sine
1268 5028 1325 5089 pu·
1376 5010 1437 5073 bns
1459 5008 1588 5090 quidem
1618 5008 1736 5072 nostris
1765 5029 1944 5090 parcemus.
1990 5006 2099 5087 Quum
2129 5021 2240 5073 autem
2267 5032 2350 5079 non·

354 5092 432 5157 dore
461 5089 502 5153 ad
528 5111 658 5154 omnem
688 5092 866 5172 nequitiam
897 5112 931 5154 se
964 5092 1151 5175 projiciant:
1186 5093 1250 5156 imo
1284 5114 1326 5156 ex
1377 5094 1439 5158 nisi
1459 5095 1522 5158 Dei
1539 5095 1696 5158 instinctu
1715 5105 1780 5157 tam
1800 5094 1915 5157 duram
1937 5094 2130 5158 sententiam
2152 5098 2352 5177 pronunciet

353 5176 523 5242 hominum
554 5176 642 5238 vitiis
671 5176 1018 5258 quaeruntquomodo
1040 5197 1076 5242 re
1105 5177 1266 5243 obdurent
1285 5178 1326 5243 ad
1376 5179 1486 5257 Noah,
1516 5200 1557 5242 ex
1586 5198 1709 5260 poenae
1737 5181 1906 5244 atrocitate
1938 5178 2090 5262 colligere
2126 5179 2219 5246 decet
2251 5203 2351 5264 quam

354 5261 419 5326 Dei
441 5271 675 5342 contemptum.
1378 5265 1602 5330 abominabilis
1625 5264 1668 5329 010
1689 5263 1761 5330 1)οο
1782 5266 1902 5347 impius
1929 5275 2104 5346 parentum
2126 5275 2351 5349 contemptus:

440 5346 493 5411 23.
515 5344 560 5410 ut
584 5345 721 5410 tuleram
752 5345 824 5412 Sem
851 5353 878 5413 et
907 5346 1049 5430 Iapheth,
1094 5347 1159 5414 Η10
1187 5347 1326 5414 duorum
1379 5362 1417 5416 ut
1434 5372 1562 5417 sacrum
1581 5363 1717 5415 naturae
1735 5348 1879 5415 ordinem
1899 5351 2066 5433 pervertit,
2091 5359 2123 5414 et
2142 5353 2352 5434 maiestatem
