4988 6192
142 415 198 480 465
777 403 1146 474 COMMENTARIUS
1168 406 1217 472 IN
1240 405 1453 472 GENESIN.
2049 408 2113 474 466

141 608 238 686 Atque
266 601 311 666 itu
340 599 542 664 demonstrat
580 594 616 660 in
648 614 787 677 persona
822 594 919 659 unius
951 593 1093 660 hominis
1143 616 1267 679 quoque
1290 594 1392 660 altore
1414 602 1550 678 spectat,
1574 615 1649 659 nam
1668 612 1767 678 quum
1784 597 1913 680 signum
1932 599 1975 664 ιιι
1993 601 2116 684 gratia·

141 693 235 758 Deum
262 685 428 752 eeclesiam
458 701 551 748 suam
581 700 679 763 quam
706 680 806 745 semel
834 680 1004 762 amplexus
1035 687 1092 760 est,
1143 704 1215 747 rum
1234 681 1380 759 aetionis,
1403 682 1548 764 sequitur
1566 680 1663 746 Iacob
1684 681 1762 748 illuc
1781 691 1956 748 venturum
1975 705 2045 752 osse
2063 688 2115 753 in·

140 793 292 858 nunquam
315 771 472 848 deserere,
494 768 574 850 quin
596 766 735 831 salutem
759 765 828 832 eius
850 773 1010 847 procuret.
1034 763 1094 830 Se·
1142 767 1310 842 columem,
1333 773 1369 832 ut
1391 767 1506 832 merito
1528 766 1589 832 Dei
1613 767 1751 850 gratiam
1773 767 1922 834 celebret.
1973 770 2113 856 Asylum

139 864 196 928 ries
221 869 327 924 tamen
356 853 501 921 notanda
529 862 595 917 ost:
623 871 728 934 neque
756 851 844 916 enim
867 850 958 917 Deus
980 852 1091 916 statim
1143 865 1251 920 eutem
1269 855 1304 917 in
1316 852 1434 918 Bethel
1453 853 1561 934 potius
1579 873 1676 935 qnam
1695 853 1771 917 alibi
1790 854 1890 938 eligit,
1916 863 1950 920 ιι
1967 859 2113 942 assignat

137 945 275 1031 apparuit
296 963 391 1009 servo
413 960 482 1017 suo,
505 940 562 1004 scd
586 957 699 1021 passus
717 946 767 1001 ιιι
788 957 935 1002 moerore
956 944 989 1001 ιι
1006 937 1092 1002 cums
1143 938 1244 1018 Deus,
1266 940 1344 1022 quia
1365 941 1433 1021 ipse
1454 939 1515 1004 loei
1538 950 1686 1020 aspectus
1715 938 1754 1003 ad
1783 940 1993 1006 eximendum
2016 952 2117 1010 terro-

138 1031 311 1115 ingentibus
322 1027 415 1111 prius
427 1023 579 1108 torqueri,
592 1023 830 1105 utpatientiam
843 1023 992 1101 disceret,
1012 1021 1090 1088 sola·
1143 1047 1212 1090 rem
1234 1025 1410 1108 plurimum
1429 1022 1568 1100 valebat,
1592 1045 1692 1107 quum
1711 1025 1867 1090 memoria
1888 1036 2050 1110 repeterat
2067 1030 2114 1096 vi·

136 1119 271 1200 tinmque
293 1114 335 1180 ad
356 1120 538 1178 extremam
560 1109 784 1174 necessitatem
806 1107 943 1173 distulit.
995 1107 1093 1174 (Iertae
1144 1132 1213 1176 sam
1234 1111 1302 1176 illic
1324 1109 1385 1175 sibi
1407 1109 1506 1175 tuisse
1530 1109 1592 1174 Dei
1614 1110 1761 1193 gloriam.
1811 1112 1914 1177 Porro
1942 1134 2041 1196 quum
2070 1115 2112 1181 ad

137 1201 326 1268 miserrimus
354 1208 434 1264 tunc
460 1203 531 1260 crat
558 1203 663 1259 status
690 1193 796 1259 Iacob.
857 1193 941 1259 Nam
980 1213 1093 1259 omnes
1143 1195 1377 1282 gratitudinem
1395 1196 1486 1262 Deus
1507 1215 1641 1261 servum
1664 1217 1761 1261 suum
1784 1195 1942 1276 hortatur,
1967 1199 2002 1264 in
2025 1200 2115 1268 buno

136 1288 267 1370 undique
288 1283 399 1350 infesti
420 1303 493 1347 esse
514 1287 675 1364 poterant,
698 1293 734 1343 ut
756 1286 912 1363 quotquot
934 1289 1029 1344 erant
1045 1279 1093 1344 vi·
1144 1284 1243 1348 finem
1267 1303 1302 1346 ιι
1324 1282 1505 1346 beneficum
1534 1301 1604 1347 esse
1625 1281 1775 1346 fidelibus
1800 1282 1962 1360 admonet,
1991 1294 2029 1350 ut
2049 1287 2114 1370 ipsi

134 1377 218 1440 cinae
239 1379 362 1453 gentes,
384 1368 519 1433 totidem
540 1366 701 1430 mortibus
723 1373 808 1430 esset
829 1368 996 1431 obsessus:
1027 1374 1094 1430 stu·
1144 1368 1289 1434 vicissim
1312 1368 1383 1432 eius
1400 1367 1525 1451 gratiae
1546 1367 1655 1431 omnia
1676 1388 1710 1432 se
1732 1367 1849 1434 debere
1871 1379 2058 1453 agnoscant,
2081 1380 2115 1438 ιι

134 1458 221 1542 pidus
245 1475 324 1523 vero
351 1475 418 1520 non
447 1460 518 1518 arat
538 1452 617 1535 quin
640 1471 699 1516 sua
720 1451 864 1533 pericula
881 1450 1092 1534 perspexerit.
1144 1475 1178 1520 so
1198 1454 1233 1517 in
1256 1474 1295 1518 aa
1316 1451 1510 1519 celebranda
1531 1461 1713 1518 exerceant.

134 1545 218 1610 Inter
238 1543 319 1608 istos
346 1559 498 1606 curarum
521 1545 631 1602 aestus
656 1538 770 1601 iactari
798 1545 947 1602 sanctum
975 1536 1094 1614 virum,
1229 1539 1258 1604 2.
1283 1537 1327 1603 Et
1347 1538 1429 1603 dicit
1450 1537 1583 1604 Ioleoob
1603 1537 1747 1620 familiae
1767 1557 1850 1604 suae.
1905 1540 1971 1608 Hic
1994 1540 2115 1608 descri-

134 1630 266 1712 adeoque
286 1625 459 1692 tormentis
488 1623 626 1689 eruciari
649 1641 763 1706 passus
783 1631 833 1687 est
854 1621 963 1705 Deus,
992 1621 1094 1688 donce
1144 1623 1233 1690 bitur
1253 1645 1350 1708 quam
1372 1632 1521 1706 prompta
1542 1623 1641 1688 fuerit
1662 1623 1844 1689 obedientia
1865 1625 1971 1692 Iaeob.
2000 1626 2115 1712 Neque

133 1713 262 1798 quadam
290 1711 540 1778 resurrectionis
579 1707 686 1790 speeie
715 1709 808 1791 quasi
842 1709 1092 1773 semimortuum
1145 1712 1232 1776 enim
1255 1710 1367 1775 audito
1387 1709 1460 1774 Deo
1482 1709 1627 1792 ambigit,
1650 1708 1701 1773 vel
1724 1729 1832 1774 seeum
1857 1710 2000 1794 disputat
2021 1713 2114 1798 quid·

133 1801 260 1866 sanavit.
312 1798 447 1880 Quoties
474 1795 563 1860 hnne
592 1795 699 1860 locum
729 1803 762 1858 et
792 1793 914 1858 similes
944 1794 1092 1877 legimus,
1145 1817 1220 1862 nam
1242 1795 1330 1860 factu
1352 1815 1434 1878 opus
1456 1793 1511 1858 sit:
1541 1794 1598 1858 sed
1624 1803 1721 1876 prout
1749 1796 1857 1862 iussus
1887 1809 1951 1876 est,
1982 1799 2023 1865 ad
2051 1801 2116 1868 iter

132 1885 217 1951 nobis
238 1885 272 1949 in
295 1897 439 1948 mentem
465 1882 590 1960 veniat,
620 1878 861 1961 providentiam
890 1879 964 1959 Dei,
994 1879 1093 1944 etiam
1144 1902 1281 1964 propere
1310 1901 1344 1946 ιι
1365 1887 1540 1962 comparat.
1591 1879 1638 1946 Ut
1667 1891 1776 1945 autem
1806 1883 1956 1949 ostendat
1984 1909 2019 1952 ιι
2042 1889 2114 1956 Ι)ιο

131 1991 223 2054 quum
250 1970 394 2034 maxime
424 1966 564 2032 dormire
586 1964 732 2040 videtur,
758 1985 817 2047 pro
847 1965 952 2031 salute
980 1972 1095 2030 nostra
1144 1987 1267 2050 parare,
1290 1987 1357 2032 non
1380 1975 1509 2030 tantum
1531 1985 1610 2031 vasa
1632 1965 1769 2050 colligit,
1793 1967 1850 2032 sed
1873 1970 1969 2034 simul
1993 1983 2115 2058 purgat

131 2057 292 2122 excubare.
340 2054 415 2120 Non
445 2053 525 2119 dicit
547 2051 657 2117 Moses
686 2058 845 2132 quantum
872 2051 1029 2133 temporis
1057 2050 1092 2114 in
1145 2052 1277 2118 domum
1299 2071 1393 2116 suam
1415 2050 1518 2116 idolis.
1563 2051 1647 2116 Nam
1671 2051 1698 2115 ιι
1720 2049 1827 2116 Deum
1851 2056 1999 2136 cupimus
2021 2059 2114 2127 nobis

131 2143 289 2207 anxietate
322 2139 473 2205 detentus
499 2138 599 2202 tuerit
624 2136 737 2213 Iacob,
771 2135 828 2202 sed
862 2158 902 2201 ex
935 2145 1093 2202 contextu
1144 2160 1215 2205 ιιιι
1243 2138 1437 2222 propitium,
1470 2135 1614 2202 tollenda
1641 2143 1720 2202 sunt
1744 2139 1854 2203 omnia
1879 2141 2114 2224 impedimenta

129 2227 275 2312 colligere
296 2226 389 2302 lieet,
420 2243 626 2308 summopere
653 2222 752 2288 fuisse
781 2223 972 2305 perplexum
994 2242 1094 2304 quum
1143 2244 1228 2307 quae
1249 2225 1356 2306 ipsum
1379 2241 1399 2285 a
1420 2221 1513 2287 nobis
1535 2221 1769 2305 quodammodo
1791 2224 1995 2294 submovent.
2032 2230 2114 2297 an-

130 2313 285 2379 Dominus
307 2332 383 2377 eum
405 2310 573 2376 recreavit.
604 2308 707 2373 Porro
722 2306 901 2373 notandum
919 2315 979 2386 ast,
1001 2325 1094 2389 prae·
1145 2320 1251 2375 terum
1273 2308 1352 2374 hine
1372 2307 1588 2391 perspicimus
1624 2328 1778 2391 quorsum
1816 2310 1964 2378 tenderet
1985 2314 2113 2385 furtum

128 2399 252 2481 cipuum
273 2396 479 2475 medicinam,
502 2415 567 2478 qua
586 2393 715 2459 levatus
738 2403 797 2472 ιιι,
819 2395 915 2460 sitam
938 2393 1038 2458 fuisse
1058 2391 1093 2456 in
1145 2395 1310 2474 Rachelis,
1328 2415 1433 2475 noque
1451 2395 1538 2458 enim
1557 2393 1669 2472 voluit,
1690 2394 1861 2460 utdiotum
1880 2406 1939 2476 est,
1956 2410 2115 2482 patrema

128 2486 232 2550 uerbo.
275 2484 451 2566 Loquutus
473 2489 523 2545 ιιι
544 2479 725 2544 Dominus:
756 2478 825 2545 Dur
848 2500 912 2544 uon
934 2478 1094 2544 miraculo
1145 2482 1376 2565 superstitione
1394 2478 1568 2558 retrahere,
1592 2477 1648 2546 sed
1667 2479 1701 2544 ιιι
1719 2481 1789 2547 ιιιι
1808 2481 1925 2547 vitium
1943 2488 2113 2554 successit:

128 2591 197 2635 eum
220 2568 391 2634 transtulit
411 2567 447 2631 in
466 2566 562 2631 aliam
581 2573 718 2649 partem,
741 2574 780 2629 ut
794 2565 884 2630 omni
905 2563 1093 2630 discrimine
1144 2589 1248 2651 neque
1275 2586 1441 2631 venenum
1468 2565 1529 2632 heo
1557 2563 1642 2649 apud
1663 2587 1698 2631 ιι
1719 2567 1890 2648 continuit,
1918 2569 1974 2636 sed
1996 2574 2116 2657 sparsit

126 2657 233 2720 statim
255 2651 440 2720 eximeret?
464 2651 533 2717 Dur
551 2672 616 2716 non
638 2651 738 2716 etiam
760 2651 883 2734 absque
904 2650 1002 2716 verbo
1024 2669 1093 2714 ma·
1144 2653 1181 2718 in
1204 2661 1303 2718 totam
1327 2651 1492 2716 familiam.
1545 2649 1600 2718 Sic
1621 2652 1762 2733 pessima
1783 2655 1973 2739 contagione
1995 2659 2116 2726 inlecta

128 2761 203 2805 num
225 2741 273 2807 illi
295 2739 460 2825 porrexit,
489 2745 522 2802 ιι
543 2757 614 2803 com
639 2737 742 2802 secuit
762 2737 907 2802 omnium
928 2735 1093 2814 ferociam,
1145 2739 1206 2804 luit
1228 2738 1284 2802 illa
1306 2745 1419 2803 sancta
1448 2736 1571 2803 domus.
1622 2736 1719 2803 Unde
1748 2737 1846 2803 etiam
1875 2751 1965 2823 patet
1991 2753 2114 2826 quanta

127 2828 258 2910 nequis
280 2827 313 2891 ei
332 2845 449 2890 nocere
471 2759 637 2887 ιιιιιιιιιι
665 2820 732 2888 Sed
752 2822 863 2887 Moses
885 2843 948 2886 non
971 2821 1094 2886 frustra
1145 2826 1189 2888 sit
1210 2823 1382 2889 hominum
1406 2822 1580 2905 adimples
1598 2832 1630 2889 et
1648 2822 1781 2889 vitiosos
1803 2825 1911 2890 cultus
1932 2831 2112 2912 propensio,

123 2911 157 2976 in
187 2913 250 2979 liae
282 2919 376 2996 parte
404 2909 535 2974 insistit.
589 2907 674 2974 Nam
706 2906 785 2974 hino
818 2907 972 2973 docemur
1005 2904 1092 2970 unde
1145 2907 1275 2993 quando
1293 2908 1459 2974 domestici
1480 2907 1586 2985 laceb,
1609 2906 1724 2990 quibus
1750 2930 1833 2991 pura
1855 2912 1970 2996 religio
1992 2915 2114 2983 tradita

123 3019 249 3065 summa
275 2999 312 3063 in
339 2995 434 3062 malis
461 2993 582 3060 nostris
603 2993 744 3078 petenda
772 2993 815 3059 sit
836 2992 1028 3059 consolatio:
1060 2998 1093 3057 et
1145 3003 1223 3076 crat,
1246 3005 1313 3059 tam
1336 2993 1452 3078 cupide
1474 2993 1583 3059 oblata
1604 2992 1691 3060 idola
1714 2995 1883 3078 arripiunt.
1935 2999 2004 3066 Nec
2033 3021 2113 3068 vero

123 3084 217 3149 simul
240 3084 340 3149 etiam
362 3082 424 3147 hoo
446 3101 517 3146 ιιιι
538 3079 751 3163 praecipuum
772 3078 861 3145 vitae
882 3085 1013 3144 nostrae
1035 3097 1091 3142 ex·
1143 3101 1277 3165 prorsus
1305 3081 1427 3145 inscius
1456 3081 1519 3145 fuit
1539 3079 1653 3146 Iacob:
1681 3077 1738 3145 sed
1765 3081 1919 3148 credibile
1940 3092 1992 3151 est
2014 3087 2112 3153 nimis

122 3170 282 3248 ercitium,
304 3165 448 3254 pondere
471 3188 513 3232 ex
534 3185 590 3231 ore
613 3165 762 3230 Domini:
785 3174 822 3230 ut
839 3172 927 3231 corto
945 3163 1092 3248 persuasi
1144 3167 1243 3234 luisse
1263 3165 1426 3243 uxorium,
1447 3175 1487 3230 ιι
1507 3185 1565 3231 ιιι
1588 3162 1792 3250 indulgentia
1813 3177 1937 3251 pestem
1961 3171 2045 3237 domi
2064 3181 2114 3240 ta·

122 3257 237 3331 simus,
260 3253 400 3320 simulac
420 3251 558 3318 salutem
581 3251 746 3334 promisit,
774 3250 895 3334 optime
923 3249 1091 3316 nobiscum
1144 3254 1227 3318 citus
1249 3251 1359 3317 aleret
1386 3251 1432 3316 Ilt
1453 3259 1539 3318 certo
1557 3271 1624 3316 una
1641 3269 1719 3318 voce
1741 3261 1807 3317 tam
1830 3275 1865 3320 se
1886 3255 1994 3340 ipsum
2016 3279 2113 3342 quam

122 3341 181 3424 egi,
201 3363 264 3408 nec
281 3340 467 3406 dubitemus
482 3359 542 3422 per
558 3335 682 3402 modias
699 3345 821 3402 mortes
838 3335 998 3404 incedere.
1017 3336 1093 3400 Alia
1143 3338 1286 3422 reliquos
1315 3338 1462 3421 coarguit
1488 3356 1525 3404 ac
1552 3335 1695 3414 damnat,
1724 3336 1812 3404 idola
1839 3361 1960 3410 vocans
1989 3343 2112 3414 alienos

120 3427 216 3491 etiam
239 3425 377 3493 visionis
399 3424 461 3489 ιιιι
481 3425 574 3501 ιιιιο,
596 3431 634 3486 ut
643 3421 741 3487 Iacob
762 3443 827 3487 non
856 3421 951 3486 modo
971 3422 1092 3505 reipsa
1144 3424 1229 3490 deos.
1282 3422 1377 3489 Unde
1404 3423 1492 3487 enim
1519 3422 1581 3487 boe
1603 3421 1786 3504 discrimen,
1809 3425 1873 3491 nisi
1896 3430 1971 3512 quia
1993 3431 2113 3498 sciebat

121 3513 266 3591 sentiret,
290 3511 400 3576 Deum
428 3531 499 3576 esse
528 3528 624 3574 suum
649 3508 875 3573 liberatorem:
905 3506 962 3574 sed
991 3507 1091 3574 verbo
1141 3511 1198 3576 uni
1221 3510 1293 3576 Deo
1315 3529 1350 3576 ιι
1369 3505 1485 3575 debaro
1503 3529 1573 3574 esso
1590 3508 1777 3575 addictum?
1801 3511 1914 3578 Tacita
1931 3515 2019 3580 enim
2036 3519 2113 3585 sub-

119 3598 345 3678 praemonitus
357 3594 513 3679 quidquid
534 3604 649 3678 postea
663 3602 836 3676 sequutum
861 3602 919 3670 est,
940 3593 1012 3659 Deo
1034 3593 1092 3658 tri·
1142 3605 1194 3662 est
1212 3593 1327 3660 relatio
1349 3595 1435 3660 inter
1452 3595 1561 3660 Deum
1573 3594 1726 3660 Abrahae
1744 3603 1776 3662 et
1798 3596 1877 3663 elios
1898 3620 2011 3666 omnes
2033 3624 2113 3686 quos

120 3683 216 3748 bnere
247 3683 396 3748 disceret.
452 3681 538 3746 Nam
565 3685 604 3744 ut
633 3678 720 3743 tardi
747 3699 862 3745 sumus
888 3698 926 3744 ao
946 3677 1089 3757 hebetes,
1141 3682 1203 3747 sibi
1225 3679 1370 3746 mundus
1392 3701 1560 3764 perperam
1584 3681 1741 3764 fingebat:
1771 3703 1835 3747 non
1864 3683 1949 3768 quod
1968 3687 2002 3751 in
2025 3688 2112 3753 arbi-

118 3767 203 3833 nnda
226 3766 432 3853 experientia
453 3766 588 3830 minime
610 3765 731 3831 sufficit
758 3763 799 3828 ad
822 3764 1005 3830 testandam
1027 3766 1091 3831 Dei
1142 3769 1203 3833 trio
1232 3767 1386 3835 Abrabae
1419 3776 1504 3832 esset
1536 3773 1679 3832 statuere
1711 3767 1859 3850 quisnam
1893 3790 1991 3837 verus
2025 3783 2112 3841 ιιιιι

118 3855 269 3936 gratim
293 3852 357 3919 nisi
379 3850 510 3918 accedat
531 3849 612 3916 fides
633 3872 676 3916 ex
698 3849 809 3916 verbo.
1140 3851 1248 3918 Deus:
1272 3852 1329 3918 sed
1351 3852 1427 3936 quia
1444 3852 1491 3916 illi
1510 3850 1648 3918 soDeus
1666 3852 1870 3935 patoleeerat,
1893 3876 2010 3922 nomen
2031 3880 2110 3943 quo·

204 3940 347 4006 Ascende
374 3939 410 4003 io
432 3936 549 4003 Batai.
601 3935 800 4019 Quanquam
828 3935 892 4000 Dei
919 3937 1090 4003 consilium
1140 3959 1202 4021 que
1225 3937 1357 4020 abipso
1379 3937 1522 4003 mutuari
1545 3937 1657 4002 voluit.
1708 3936 1877 4022 Ignauiam
1912 3963 1989 4026 ergo
2018 3965 2110 4012 suam

114 4033 165 4088 ιιι
186 4045 322 4090 servum
349 4043 487 4089 souma
516 4030 619 4087 morte
644 4023 676 4086 in
699 4023 801 4086 vitam
824 4022 966 4106 erigere,
987 4022 1090 4089 videri
1139 4025 1262 4090 fatetur
1283 4023 1389 4104 Iacob,
1412 4023 1495 4106 quod
1518 4022 1603 4088 idola
1623 4024 1657 4087 in
1681 4022 1813 4089 domum
1831 4047 1923 4091 suam
1942 4027 2111 4096 admiserit

117 4117 225 4176 tamen
248 4111 358 4194 potuit
378 4111 485 4192 ipsum
509 4105 630 4173 babere
651 4104 807 4186 ludibrio,
836 4129 913 4173 nam
943 4111 1089 4192 exceptio
1140 4111 1256 4195 quibus
1278 4109 1437 4174 divinitus
1459 4109 1568 4174 clausa
1589 4109 1696 4174 fuerat
1718 4111 1823 4176 ianua.
1869 4110 1954 4178 Nam
1973 4115 2108 4182 ubicun-

115 4195 150 4259 in
171 4193 332 4280 promptu
353 4203 438 4261 erat:
472 4194 523 4259 Tu
545 4192 675 4275 quidem
697 4193 858 4276 praecipis
878 4193 1029 4272 Domine,
1053 4206 1090 4261 ut
1141 4217 1202 4279 que
1225 4195 1362 4279 affulget
1382 4195 1452 4262 ueri
1475 4195 1538 4260 Dei
1559 4195 1710 4278 cognitIo,
1733 4217 1862 4262 necesse
1884 4207 1935 4263 ιιι
1956 4201 2110 4284 quidquid

115 4282 303 4360 ascendam,
324 4281 381 4348 sod
402 4279 475 4346 viae
496 4299 609 4344 omnes
626 4291 705 4344 sunt
722 4278 915 4344 obstructae.
946 4280 1088 4345 uantum
1140 4289 1270 4366 praeter
1290 4299 1408 4364 puram
1430 4281 1500 4346 eius
1522 4279 1671 4345 notitiam
1689 4281 1749 4346 sibi
1768 4280 1927 4348 fabricant
1949 4284 2107 4370 homines,

113 4367 200 4431 enim
223 4367 309 4432 milri
331 4364 518 4432 incendium
535 4365 720 4430 conflarunt
740 4363 809 4444 filii,
830 4373 869 4430 ut
889 4385 932 4429 ne
953 4365 989 4429 in
1010 4366 1090 4431 late·
1139 4366 1253 4451 procul
1279 4367 1446 4432 facessere.
1501 4363 1567 4432 Sed
1595 4386 1694 4449 quum
1723 4366 1777 4431 vel
1800 4369 1912 4433 uxoris
1940 4368 2107 4441 blanditiis

114 4450 180 4517 bris
203 4453 338 4535 quidem
367 4459 456 4518 tutus
478 4471 637 4516 maneam.
691 4449 758 4515 Vix
788 4450 926 4535 digitum
956 4471 1088 4517 movere
1139 4454 1264 4536 sopitus
1282 4452 1380 4517 fuerit
1390 4451 1496 4530 Iueob,
1514 4451 1568 4517 vel
1587 4453 1694 4517 earnis
1706 4453 1833 4518 incuria
1850 4454 1991 4520 officium
2010 4478 2106 4527 suum

113 4536 233 4604 audeo:
262 4537 340 4621 quid
367 4538 471 4622 igitur
497 4538 555 4602 fiet
583 4536 611 4600 si
639 4555 714 4601 cum
741 4556 863 4621 magna
885 4536 981 4601 turba
1002 4559 1089 4604 nune
1138 4538 1246 4604 facere
1267 4536 1457 4622 neglexerit,
1480 4559 1567 4604 nunc
1591 4546 1681 4601 motu
1704 4539 1838 4620 periculi
1860 4541 2107 4625 expergiscitur,

111 4633 222 4688 eastra
243 4644 378 4690 movere
399 4619 576 4706 incipiam?
606 4641 716 4685 annon
743 4642 815 4686 meo
844 4621 982 4704 strepitu
1003 4641 1089 4690 nova
1137 4633 1177 4688 ut
1198 4623 1303 4708 magis
1323 4623 1472 4688 intentus
1494 4623 1536 4688 ιιι
1557 4618 1597 4688 ad
1620 4624 1729 4689 Deum
1751 4645 1831 4706 pure
1852 4625 2033 4693 colendum.
2068 4629 2107 4697 Si

111 4709 145 4772 in
168 4731 222 4775 me
246 4709 323 4776 odia
344 4705 551 4793 provocabo?
583 4704 649 4772 Sed
672 4706 732 4773 hoc
753 4705 849 4772 modo
870 4707 992 4790 optime
1014 4729 1087 4792 pro·
1137 4710 1200 4776 hoe
1220 4707 1338 4776 accidit
1359 4716 1472 4774 sancto
1499 4709 1713 4791 patriarchae,
1736 4717 1857 4792 quanto
1874 4713 1978 4797 magis
1999 4713 2034 4778 in
2055 4737 2108 4784 ra·

112 4792 188 4860 bata
205 4796 273 4860 fuit
294 4793 374 4861 tides
395 4793 500 4871 Iacob,
523 4792 609 4876 quod
630 4793 735 4858 sciens
757 4791 864 4858 Deum
888 4792 950 4858 sibi
973 4792 1087 4859 ducem
1137 4796 1199 4861 bus
1225 4795 1390 4879 prosperis
1411 4792 1586 4860 metuenda
1614 4794 1706 4860 nobis
1729 4805 1779 4859 ιιι
1801 4817 1903 4878 prava
1925 4799 2033 4865 carnis
2054 4823 2106 4869 se·

110 4888 145 4945 et
165 4881 356 4964 praesidem
377 4879 504 4945 itineris
527 4899 605 4956 ιιιι,
628 4878 699 4943 ιιιι
717 4879 871 4961 auspiciis
892 4880 994 4944 fretus
1017 4900 1087 4945 ιιιι
1137 4881 1269 4948 curitas.
1303 4879 1477 4946 (laetorum
1496 4879 1523 4946 si
1545 4879 1673 4962 quando
1695 4880 1770 4946 talis
1792 4879 1972 4965 obrepserit
1993 4893 2107 4971 torpor

109 4969 267 5032 accinxit.
317 4967 422 5032 Porro
451 4984 518 5030 non
545 4964 737 5046 simpliciter
765 4965 905 5048 imperat
926 4965 1087 5032 Dominus
1136 4975 1170 5032 ιι
1190 4965 1367 5050 neglectus,
1394 4965 1510 5030 saltem
1532 4964 1675 5031 excitent
1703 4987 1762 5032 nos
1789 4975 1823 5032 et
1850 4969 2018 5035 stimulent
2044 4993 2103 5056 pa·

109 5051 188 5135 quid
205 5053 385 5130 fierivalit,
404 5051 461 5117 sed
474 5049 585 5116 addita
605 5048 821 5134 promissione
838 5070 970 5116 servum
989 5072 1085 5118 suum
1136 5060 1249 5118 ternae
1272 5051 1336 5117 Dei
1357 5051 1600 5135 castigationes,
1621 5059 1658 5115 ut
1685 5051 1841 5136 quidquid
1870 5053 2023 5119 vitiorum
2047 5057 2103 5124 de·

107 5140 297 5204 confirmat.
351 5138 438 5203 Nam
470 5158 569 5220 quum
604 5137 639 5202 ιιι
672 5137 861 5202 memoriam
894 5135 1018 5202 reducit
1050 5159 1085 5203 se
1134 5137 1219 5205 sidio
1246 5147 1450 5203 contractum
1479 5136 1554 5216 erit,
1585 5135 1696 5202 sedulo
1723 5158 1910 5222 purgamus.
1954 5139 2025 5206 Iam
2049 5143 2103 5211 bic

108 5223 256 5290 eundem
279 5243 349 5290 esse
371 5223 479 5289 Deum
501 5223 558 5305 qui
580 5221 670 5304 prius
692 5223 845 5307 apparuit
865 5243 963 5306 quum
986 5225 1085 5306 trepi-
1134 5224 1259 5290 relucet
1277 5225 1438 5289 immensa
1452 5222 1515 5288 Dei
1530 5221 1668 5301 bonitas,
1690 5226 1746 5306 qui
1763 5223 1894 5289 domum
1915 5224 2013 5293 Iacob
2032 5227 2102 5295 ido·

107 5309 171 5378 dus
189 5310 331 5395 fugerat,
349 5309 401 5375 his
419 5309 528 5375 verbis
545 5307 673 5374 inclusa
690 5307 929 5392 estpromissio.
959 5307 1082 5374 Eodem
1133 5309 1174 5377 lis
1202 5309 1376 5394 pollutam,
1405 5329 1465 5393 pro
1493 5309 1633 5375 sacrario
1661 5316 1770 5374 tamen
1797 5309 1917 5376 babere
1946 5311 2102 5396 dignatus

212 5411 327 5467 σαιυιιιι
340 5425 433 5480 opera.
473 5408 533 5466 Vel·
548 5406 671 5465 XXIII.
1862 5411 1898 5466 30
