5000 6208
393 442 458 512 295
1048 441 1420 511 COMMENTARIUS
1442 442 1491 508 IN
1513 441 1726 510 GENESIN.
2321 443 2372 511 296

393 631 603 715 deprecante,
630 630 777 715 placatus
805 651 885 716 erga
913 630 1047 697 domum
1077 629 1278 698 Abimclech.
1323 630 1363 696 Id
1414 629 1576 696 indeserta
1590 629 1783 696 Beereeiatr.
1815 629 1865 695 15.
1884 627 1929 694 Et
1947 628 2119 711 defecerunt
2136 649 2238 711 aquae
2254 630 2371 712 neure,

395 728 504 782 autem
522 724 677 782 testatum
694 737 766 782 csse
784 717 935 800 oportuit,
954 726 1102 782 sanatam
1121 717 1362 783 iuisscdcmnm
1414 721 1443 782 et
1467 716 1599 798 proncit
1624 735 1760 797 puerum
1787 716 1891 782 utimr
1918 733 2016 780 unam
2047 715 2202 781 arborum.
2256 717 2306 782 16.
2336 718 2372 784 iit

394 800 585 868 Abimelech
607 802 650 868 ad
670 803 742 868 cius
764 823 891 886 preces,
915 809 952 868 ut
973 802 1031 868 tali
1052 803 1208 869 beneficio
1231 802 1364 869 devinc-
1415 801 1507 879 abiit,
1537 805 1566 868 et
1592 803 1672 868 sedit
1695 822 1713 867 e
1739 803 1876 884 racione,
1909 800 2076 884 mando
2103 821 2136 866 ce
2163 807 2313 884 quantum
2337 810 2372 870 nt

394 895 445 954 tos
466 885 528 952 sibi
551 887 685 954 haberet
707 888 769 954 loci
790 888 922 954 incolae.
967 887 1141 955 Caeterum
1163 908 1286 971 poenae
1308 909 1364 972 ge·
1414 889 1517 954 iactus
1566 906 1677 952 arcus:
1725 890 1802 970 quia
1843 888 1940 954 dicit:
1990 885 2063 951 Non
2112 887 2218 953 uidebo
2260 891 2372 970 quando

394 993 457 1038 nus
478 970 564 1055 quod
585 974 791 1057 exprimitur,
814 982 914 1040 totam
933 973 1066 1040 domum
1088 974 1232 1041 sterilem
1254 975 1363 1053 fuisse,
1412 973 1560 1038 morietur
1595 991 1697 1052 perer:
1752 979 1780 1038 et
1828 973 1908 1039 aedit
1944 993 1960 1037 e
2002 973 2137 1056 repient,
2183 979 2211 1038 et
2258 975 2372 1040 etenum

391 1058 616 1142 quaestionem
659 1080 791 1125 movere
827 1067 942 1143 potest.
1002 1059 1087 1125 Nam
1127 1061 1156 1126 si
1194 1067 1363 1143 postquam
1414 1078 1513 1125 aucun
1542 1077 1648 1136 suam,
1677 1064 1705 1122 et
1727 1059 1819 1138 (tevit.
1867 1059 1916 1123 lt.
1946 1057 1990 1122 Et
2017 1058 2140 1124 audiuit
2167 1058 2258 1126 Deus
2287 1081 2373 1127 accan

394 1142 531 1228 gravida
553 1152 623 1209 erat
642 1142 732 1223 Sara,
754 1147 790 1210 in
812 1153 933 1211 terrum
953 1144 1060 1211 Gerar
1082 1145 1240 1213 concessit
1257 1144 1364 1211 Abra·
1407 1144 1512 1228 piceni,
1534 1149 1562 1209 ct
1581 1144 1728 1210 ciantamt
1747 1144 1876 1227 arundus
1896 1143 1960 1210 Dei
1980 1144 2022 1210 ad
2043 1141 2157 1228 Honor
2176 1146 2215 1210 de
2235 1145 2373 1226 coelicet

394 1229 488 1294 ham:
519 1236 552 1294 et
583 1239 756 1313 antequam
789 1238 981 1298 nasceretur
1013 1230 1122 1310 Isaac,
1162 1238 1267 1296 totam
1300 1231 1362 1297 hoc
1413 1231 1497 1297 diait
1518 1230 1563 1294 ei:
1587 1229 1671 1312 Quid
1693 1229 1752 1296 titi
1774 1236 1819 1296 eat
1840 1229 1978 1314 Haqar?
2006 1249 2046 1294 ue
2074 1231 2201 1296 timeas:
2229 1233 2306 1314 quia
2324 1254 2371 1298 au·

394 1314 478 1397 qaod
501 1316 649 1381 narravit
670 1315 780 1382 Moses
801 1316 972 1401 impletam
994 1324 1060 1383 cst:
1088 1317 1143 1400 qui
1164 1317 1237 1383 ficri
1281 1324 1365 1383 otest
1414 1315 1494 1382 dicit
1514 1314 1605 1382 Deua
1633 1335 1732 1382 uocem
1755 1316 1852 1396 pareri
1873 1337 1911 1382 ea
1935 1314 2004 1382 loco
2026 1315 2080 1380 uti
2099 1320 2152 1382 est.
2198 1317 2249 1384 18.
2275 1317 2371 1402 Scupi,

318 1413 322 1424 ’
393 1408 519 1552 atta
541 1401 1047 1555 ΜΜΜΜΜΜΜ
1061 1402 1238 1468 ¹
1258 1339 1364 1555 ΜΜ.
1414 1400 1698 1570 §.tunna
1716 1405 1784 1552 Μ
1803 1421 1901 1553 ’Μ
1916 1403 2258 1567 natanta
2267 1409 2372 1557 ΜΜ

393 1555 493 1638 inisse
522 1579 743 1656 perspectum,
777 1594 842 1640 non
872 1575 957 1640 male
1008 1510 1363 1658 uadmbitgiesponsic.
1414 1573 1498 1652 eius,
1526 1577 1556 1637 et
1575 1573 1655 1638 uidit
1674 1578 1805 1653 panum
1826 1593 1942 1655 aquae,
1972 1575 2173 1654 etpmreait,
2199 1580 2227 1638 et
2246 1576 2372 1658 implent

391 1655 509 1724 Nescio
531 1665 640 1724 tamen
657 1678 699 1723 an
720 1659 853 1726 inversa
872 1658 974 1726 faerit
1021 1659 1150 1726 'toriae
1171 1662 1280 1727 series.
1320 1661 1365 1726 lit
1414 1662 1513 1724 auen
1534 1678 1629 1740 aqua,
1651 1663 1804 1739 etpotum
1825 1655 1910 1724 dedit
1923 1679 2033 1741 puero.
2070 1659 2121 1725 20.
2145 1658 2190 1724 Et
2207 1661 2274 1743 fuit
2295 1662 2373 1728 Deua

395 1751 488 1810 certe
511 1742 572 1809 hcc
599 1742 681 1809 forte
710 1743 815 1828 magis
847 1744 1013 1829 probabile
1041 1745 1147 1812 videri
1174 1757 1271 1830 queat
1298 1746 1363 1811 iam
1414 1763 1484 1811 cum
1508 1763 1624 1826 puero,
1652 1748 1681 1809 et
1708 1746 1803 1808 aean
1828 1741 2037 1828 habitavitque
2063 1746 2098 1810 in
2120 1747 2254 1826 msera,
2277 1749 2373 1830 etsuit

395 1835 474 1894 tunc
497 1827 664 1895 Abraham
689 1829 723 1895 in
752 1837 839 1895 terra
861 1830 969 1898 Gerar
997 1830 1160 1898 habitasse
1186 1852 1287 1915 quum
1315 1831 1365 1897 illi
1414 1829 1568 1895 iaculator
1598 1830 1794 1913 capitiarius.
1846 1829 1898 1894 21.
1939 1831 1983 1898 Et
2013 1829 2163 1897 innuen
2194 1832 2228 1895 in
2264 1833 2371 1899 deceno

394 1914 574 1997 promissas
596 1914 659 1982 fuit
677 1913 786 1982 hauc:
814 1915 872 1983 sed
901 1925 1028 2000 partem
1061 1917 1146 1984 hanc
1170 1939 1252 2000 quae
1274 1918 1364 2000 prius
1417 1913 1554 1996 Parnm,
1587 1919 1615 1980 et
1646 1915 1761 1995 aceepit
1787 1915 1816 1980 ei
1849 1920 1947 1982 mater
1978 1919 2048 1984 eiua
2078 1937 2207 1983 uuorun
2234 1919 2272 1983 de
2302 1925 2373 1984 arra

391 2000 514 2068 omissa
545 1999 666 2081 inerat,
699 2002 832 2066 aMosc
863 2022 952 2067 nnnc
983 2002 1083 2070 tuisse
1110 2003 1281 2068 insertam.
1326 2001 1364 2069 Si
1414 2001 1559 2085 Aepppti.
1592 2000 1643 2065 22.
1662 1998 1786 2066 Deinde
1800 2001 1863 2083 fuit
1878 2006 2011 2085 nrnpore
2026 2001 2088 2083 ilia,
2109 2004 2192 2069 nuit
2209 2003 2372 2072 Annaei

336 2087 340 2098 ’
391 2085 1183 2240 iiiidssiii‘tiissi”iiiiii‘iiii
1202 2087 1365 2240 iiiiii?
1414 2084 1905 2240 23222Ψέ.θῇἕῆ
1915 2088 2373 2257 ttutittfttttt

392 2255 477 2339 quad
512 2256 565 2322 hic
594 2256 726 2323 demum
759 2266 873 2324 nmrat
900 2261 1024 2338 Moses,
1059 2225 1148 2344 priris
1180 2260 1363 2344 contigisse.
1415 2258 1519 2340 itaque
1545 2259 1621 2323 iura
1646 2256 1725 2322 mihi
1747 2277 1809 2339 per
1837 2258 1942 2326 Deum
1970 2261 2020 2326 irio
2046 2262 2077 2328 si
2107 2263 2255 2327 nnntituc
2284 2262 2374 2343 fueris

392 2341 465 2426 Ego
492 2349 601 2408 mman
625 2341 702 2426 quia
720 2342 762 2409 ad
780 2342 854 2409 fidei
877 2345 1132 2413 aedificationem
1155 2365 1269 2429 parum
1285 2346 1366 2411 facit
1415 2343 1502 2418 miri,
1521 2342 1544 2430 ¹)
1566 2343 1678 2424 ctdtic
1699 2362 1782 2423 ntea,
1803 2349 1832 2409 et
1851 2347 1954 2426 nepoti
1974 2367 2055 2414 meo:
2074 2348 2243 2414 anundum
2264 2348 2373 2414 misni

392 2427 549 2511 temporis
571 2428 704 2507 notatio,
723 2437 896 2514 utramque
917 2431 1104 2515 opinionem
1126 2431 1162 2496 in
1184 2430 1291 2498 medio
1313 2453 1365 2498 rc·
1415 2430 1554 2496 cordiam
1575 2448 1670 2511 quam
1689 2429 1750 2511 feci
1772 2434 1867 2495 unum
1886 2430 1984 2511 facies
2004 2452 2138 2511 mecum,
2160 2437 2188 2498 et
2209 2454 2280 2499 nrm
2300 2440 2375 2499 terra

391 2509 514 2596 linquo.
1415 2516 1451 2579 in
1471 2535 1535 2596 qua
1549 2515 1771 2598 pereprinatua
1791 2534 1831 2582 es.
1875 2516 1927 2582 24.
1950 2518 1996 2584 Et
2017 2515 2374 2602 cannamomum

1415 2600 1535 2668 iurabo.
1570 2600 1621 2666 25.
1640 2599 1685 2664 Et
1705 2601 1875 2682 increpavit
1894 2601 2060 2671 Abraham
2080 2606 2186 2686 ipsum
2207 2602 2374 2672 Annaea

1410 2692 1540 2768 propter
1551 2691 1679 2769 prdeum
1695 2706 1796 2768 aquae
1812 2707 1901 2768 quem
1917 2697 2090 2772 rapuerant
2103 2693 2188 2758 serui
2198 2689 2374 2757 Atimeted.

1417 2773 1468 2837 26.
1491 2772 1536 2836 Et
1562 2772 1646 2838 dicit
1665 2771 1857 2838 Abinnieci:
1887 2776 1960 2841 Non
1988 2779 2061 2844 uoci
2087 2779 2293 2861 patefecerit
2318 2776 2374 2852 iac,

742 2854 893 2923 OAPU'P
914 2855 1013 2924 XXI.
1415 2879 1509 2940 neque
1530 2857 1623 2922 mam
1639 2863 1673 2922 tu
1694 2858 1842 2924 indicasti
1863 2861 1951 2940 midi,
1972 2883 2068 2946 neque
2088 2865 2183 2929 etiam
2199 2885 2254 2948 epo
2275 2861 2376 2928 audin
2461 2935 2462 2940 .

1410 2948 1635 3025 praeterquam
1654 2942 1752 3008 tonte
1797 2943 1848 3010 27.
1867 2945 1913 3014 Et
1933 2952 2051 3030 accepit
2071 2949 2235 3015 Abraham
2250 2948 2375 3030 pendat

479 3023 507 3088 1.
532 3022 634 3090 Porro
662 3024 781 3092 luove
805 3027 947 3094 uisitauit
975 3025 1081 3094 Sarnis
1107 3032 1364 3111 quenadmodum
1415 3034 1445 3095 et
1459 3027 1558 3108 banea,
1579 3028 1707 3094 etdedit
1726 3029 1791 3110 ipsi
1807 3029 1990 3114 namnet,
2012 3041 2277 3117 etpercrueceruut
2296 3033 2376 3101 amic
2461 3041 2462 3044 ’

392 3108 489 3174 dicit:
505 3113 533 3175 et
547 3110 620 3192 fecit
630 3110 822 3194 Ieiouuipai
834 3111 940 3180 Sarni
954 3115 1210 3196 quenadmodum
1221 3118 1365 3199 maninus
1413 3115 1532 3198 foedus.
1576 3114 1628 3180 28.
1651 3113 1696 3179 Et
1721 3117 2018 3187 manandum
2045 3127 2158 3205 septem
2179 3143 2281 3207 annas
2295 3139 2375 3202 petu-

392 3198 466 3260 arat.
499 3194 529 3264 2.
551 3195 663 3278 Itaque
678 3198 850 3278 eoncupitet
860 3201 985 3282 peperit
997 3199 1103 3266 Sarni
1119 3201 1185 3285 ipsi
1200 3201 1365 3269 Atratum
1414 3220 1487 3266 rum
1507 3219 1658 3267 seorsum.
1701 3200 1753 3266 29.
1776 3199 1821 3266 Et
1841 3202 1925 3269 dicit
1944 3207 2123 3275 Aiiunieci
2143 3209 2186 3274 ad
2206 3207 2375 3274 Airnitam:

389 3279 494 3360 fitium
515 3282 550 3346 in
571 3287 719 3350 serenate
739 3284 816 3363 eius,
838 3284 873 3350 in
894 3290 1027 3366 tempore
1053 3287 1134 3368 quod
1161 3289 1212 3354 itti
1239 3290 1365 3355 dicuat
1418 3285 1502 3368 Quid
1523 3291 1597 3350 cunt
1616 3291 1728 3368 septem
1749 3307 1848 3370 annae
1863 3291 1944 3357 r'ctae
1959 3313 2040 3376 quas
2059 3295 2201 3361 statuisti
2220 3289 2376 3361 seorsum?

393 3363 491 3433 Dera.
542 3365 572 3431 3.
603 3367 648 3434 Et
673 3370 792 3435 uacanit
812 3369 977 3435 Atratum
1004 3390 1111 3438 namen
1137 3374 1201 3456 filii
1228 3375 1282 3441 sui
1308 3375 1364 3456 qui
1414 3371 1466 3438 30.
1486 3371 1531 3438 Et
1551 3372 1647 3438 dicit:
1668 3371 1750 3454 Quia
1770 3378 1885 3452 septem
1906 3395 2007 3460 acuns
2027 3381 2131 3463 capies
2148 3401 2164 3446 e
2179 3400 2281 3446 manu
2300 3397 2376 3443 mec:

392 3455 485 3518 nnn
505 3456 572 3517 crat
593 3453 638 3531 ei,
667 3473 758 3535 quun
779 3456 905 3537 peperit
925 3457 955 3522 ei
979 3453 1092 3537 Sarni,
1116 3458 1218 3526 Istae.
1263 3461 1294 3526 4.
1317 3459 1364 3526 Et
1414 3462 1448 3524 ut
1476 3459 1520 3524 cit
1550 3457 1630 3523 miii
1664 3458 1700 3522 iu
1731 3458 1938 3528 testimonium
1977 3467 2059 3549 quad
2088 3466 2222 3548 foderim
2253 3470 2377 3548 punam

391 3537 587 3604 manunt
608 3537 774 3604 Atratum
796 3540 891 3608 Ietae
910 3541 1017 3622 fitium
1043 3563 1152 3624 cuum,
1177 3547 1280 3622 ilium
1301 3551 1364 3612 octo
1413 3544 1503 3610 tunc.
1546 3543 1598 3608 31.
1622 3543 1745 3610 ideirco
1775 3550 1897 3614 umatus
1917 3553 1962 3614 eet
1989 3552 2074 3619 larua
2092 3553 2161 3634 ipae
2181 3548 2377 3619 Beer-cetui:

391 3623 522 3701 dianam,
544 3623 800 3706 quenadmodum
810 3633 1013 3710 praeceperat
1029 3629 1058 3693 ei
1074 3628 1173 3698 Deua
1211 3631 1240 3697 5.
1260 3630 1364 3698 Atra·
1412 3631 1490 3712 quia
1510 3628 1555 3694 iii
1575 3630 1756 3694 iurauerant
1775 3629 1871 3698 amba.
1916 3634 1969 3702 32.
1990 3637 2214 3706 Percusseruut
2233 3657 2306 3722 erpo
2323 3635 2378 3718 [oe-

392 3707 1364 3796 nmmumnnunmmamonmmannommrenn
1413 3717 1474 3782 due
1501 3713 1754 3782 inBeersetoi:
1784 3721 1813 3782 et
1839 3723 2194 3800 armabuntur,
2223 3719 2378 3790 etPtiaot

393 3792 490 3893 Istae
513 3794 601 3875 uilius
626 3815 712 3862 auus.
762 3798 792 3863 6.
820 3797 865 3862 Et
891 3799 973 3864 dicit
1000 3799 1122 3867 Saron:
1149 3801 1266 3869 Binum
1292 3803 1365 3886 fecit
1407 3802 1557 3883 princeps
1577 3802 1729 3866 mercitua
1745 3802 1826 3880 ntus,
1849 3810 2010 3874 etreumsi
2030 3816 2105 3877 cunt
2124 3811 2161 3875 in
2180 3815 2302 3876 terram
2324 3805 2379 3872 Pe·

391 3879 471 3944 mutu
492 3879 599 3946 Deum
619 3882 720 3946 munis
740 3884 796 3964 qui
816 3884 968 3963 annum,
995 3887 1108 3952 ridebit
1133 3887 1220 3955 miii.
1268 3889 1297 3954 t.
1320 3888 1364 3953 Et
1412 3887 1541 3953 tisttim.
1578 3885 1628 3951 33.
1655 3886 1699 3952 Et
1710 3887 1872 3969 plantavit
1890 3912 1999 3960 mmm
2015 3895 2049 3961 in
2069 3895 2267 3976 Beer-aetatu,
2290 3893 2378 3960 atin-
2460 3947 2461 3967 .

392 3964 490 4064 dimit:
515 3965 593 4048 Quis
613 3969 791 4034 nundasset
811 3969 960 4036 Abrahae
986 3972 1100 4038 iuuare
1126 3974 1211 4055 fitius
1234 3973 1365 4040 Sorai?
1413 3973 1533 4040 uocauit
1554 3972 1598 4037 iti
1618 3992 1728 4039 nomeu
1750 3972 1880 4042 Iehovae
1900 3977 1966 4045 Dei
1987 3983 2113 4049 saecuti.
2158 3981 2210 4047 34.
2234 3981 2279 4046 Et
2300 3976 2379 4044 traii-

391 4070 470 4132 quia
493 4053 605 4134 peperi
634 4052 739 4130 titium
770 4055 806 4119 in
837 4061 986 4122 raanan
1017 4058 1094 4124 eiua.
1139 4059 1168 4124 8.
1196 4059 1241 4125 Et
1271 4061 1365 4126 erevit
1413 4060 1490 4124 tavit
1511 4057 1676 4124 Atratum
1698 4059 1837 4124 interra
1861 4061 2025 4134 Pdictirim
2046 4069 2113 4134 dica
2132 4069 2255 4136 mutus.

385 4155 485 4218 puer,
517 4142 545 4203 et
576 4137 749 4205 acaunus
768 4144 827 4205 est:
857 4146 885 4207 et
913 4142 987 4223 iecit
1006 4141 1171 4210 Abraham
1191 4146 1365 4212 minimum

391 4241 539 4306 manuam
560 4224 595 4288 in
616 4224 668 4290 die
688 4243 752 4306 pua
771 4225 944 4292 ablactatus
964 4232 1010 4292 est
1031 4227 1134 4294 Istuc.
1172 4230 1202 4296 9.
1222 4231 1266 4296 Et
1285 4232 1365 4298 uidit
1500 4230 1528 4294 1.
1553 4228 1598 4308 Et
1618 4227 1734 4296 Ietoaa
1760 4230 1901 4300 saiand
1922 4235 2038 4306 Sarni.
2081 4238 2157 4304 Hoc
2183 4239 2293 4323 capite
2321 4256 2380 4301 non

394 4306 501 4373 Sarni
530 4307 636 4409 filium
667 4309 782 4395 Hayur
812 4314 862 4378 Ae
941 4311 947 4326 '
991 4363 999 4391 ,
1032 4335 1121 4396 quun
1145 4318 1270 4398 peperit
1300 4318 1366 4400 ipsi
1414 4323 1544 4381 tantum
1560 4315 1654 4381 Isaac
1671 4316 1828 4384 nativitas
1850 4319 2059 4392 describitur:
2081 4325 2140 4392 sed
2162 4325 2241 4410 quia
2264 4327 2300 4390 in
2317 4324 2380 4390 eius

457 4479 463 4492 1
556 4443 565 4473 ,
738 4447 744 4462 .
772 4483 778 4496 1
820 4449 826 4463 .
878 4397 995 4464 tdinit
1016 4401 1059 4466 ad
1075 4398 1364 4468 Annamatia
1413 4400 1620 4468 incunabulis
1652 4402 1764 4470 vivam
1798 4405 1952 4476 ecclesiae
1984 4430 2063 4477 suae
2118 4411 2264 4477 icturam
2296 4408 2380 4474 Deus

390 4478 647 4579 numdandum
675 4487 704 4546 et
728 4482 833 4562 fitium
861 4500 945 4548 nuc:
971 4485 1049 4566 auia
1070 4505 1130 4551 nou
1160 4485 1365 4554 haereditmit
1413 4487 1588 4570 proposuit,
1607 4487 1850 4555 memorabilem
1868 4513 1994 4579 quoqne
2012 4497 2075 4564 hac
2092 4431 2132 4562 dc
2150 4518 2187 4563 re
2213 4495 2379 4563 historiam

388 4564 480 4646 fitius
496 4565 630 4632 mundae
646 4566 743 4633 iuius
758 4587 829 4634 arm
843 4569 910 4650 fitia
926 4588 998 4648 meo,
1021 4589 1090 4636 nrm
1108 4571 1211 4638 Ietae.
1251 4574 1301 4640 11.
1320 4573 1365 4640 Et
1413 4574 1513 4639 refert
1529 4572 1648 4640 Moses.
1683 4573 1852 4660 Principio
1873 4589 1982 4647 antem
2006 4581 2085 4649 dicit
2102 4582 2212 4648 Deam
2232 4583 2381 4648 visitasse

391 4649 554 4732 displicui
573 4671 625 4717 rec
644 4652 734 4720 vaide
754 4654 790 4718 in
810 4654 911 4720 auctis
928 4654 1101 4736 Abraham,
1116 4663 1246 4741 propter
1259 4660 1364 4741 fitium
1414 4658 1514 4736 Sara,
1542 4657 1627 4726 sicut
1653 4663 1855 4744 promiserat.
1900 4664 1987 4747 Quia
2012 4669 2119 4734 omnis
2148 4669 2321 4754 generatio
2344 4685 2379 4730 ex

392 4755 496 4802 cuum,
542 4736 592 4802 12.
615 4735 659 4802 Et
685 4738 770 4804 dinit
788 4738 882 4806 Deus
906 4741 951 4805 ad
970 4739 1150 4809 Atratum:
1172 4743 1223 4809 Ne
1250 4745 1363 4828 displi-
1413 4744 1476 4809 Dei
1498 4744 1605 4827 gratia
1625 4745 1715 4825 fluit,
1747 4749 1831 4814 sicat
1858 4749 1998 4820 habetur
2016 4754 2050 4819 in
2073 4754 2221 4833 Psalmo,
2244 4753 2314 4820 Dei
2332 4752 2381 4817 be·

392 4826 459 4922 neat
478 4822 513 4886 in
527 4821 633 4921 'aedis
653 4825 717 4889 tuis
735 4843 831 4924 nuper
845 4845 961 4925 puero,
990 4831 1134 4928 etarper
1154 4829 1271 4897 annua
1291 4837 1364 4897 tua.-
1412 4831 1568 4897 neficiam
1596 4851 1667 4898 esse
1694 4833 1839 4901 fractam
1866 4839 1990 4906 ventris
2019 4839 2107 4927 (Psa.
2132 4841 2210 4916 127,
2239 4839 2293 4990 3ζε
2322 4855 2381 4903 nor
2459 4849 2460 4872 ³

391 4907 591 5006 enormitas
610 4927 692 4990 quae
711 4908 828 5008 dmerut
848 4910 905 4976 tutu
927 4911 1026 4993 Sara,
1056 4915 1133 4981 ouda
1154 4935 1255 4982 ucamn
1276 4918 1363 4984 nuuc:
1413 4914 1523 4983 abere
1545 4915 1709 4986 Dominus
1731 4939 1799 4997 ecs,
1822 4921 1938 5005 quibus
1958 4925 2102 4992 sobolem
2124 4927 2182 4993 dat
2202 4933 2236 4991 ct
2276 4925 2382 4998 'bene

392 5013 470 5092 qnia
497 5013 534 5058 m
563 4991 840 5092 iadacaocaiutur
866 4995 923 5062 tibi
949 5017 1060 5065 curun.
1114 4999 1163 5067 13.
1193 5000 1239 5066 Et
1267 5003 1363 5068 etiam
1413 5003 1546 5070 visitare
1585 5001 1714 5070 dicitnr.
1760 5004 1834 5072 Etsi
1871 5009 1959 5074 enim
1999 5012 2191 5078 naturaliter
2229 5010 2383 5078 videntur

391 5077 495 5160 rituum
511 5077 648 5177 annuae
661 5100 697 5178 m
713 5085 831 5164 pernen
845 5101 973 5164 panon,
991 5085 1068 5166 quia
1084 5105 1186 5154 aerum
1203 5092 1292 5154 tuum
1308 5093 1361 5155 est.
1413 5089 1504 5173 gigni
1531 5087 1640 5156 scens
1661 5111 1702 5156 ex
1731 5112 1790 5158 suo
1818 5094 1958 5178 quisque
1985 5117 2123 5182 genere:
2152 5097 2247 5164 nulla
2276 5107 2383 5164 tamm

391 5163 615 5316 {effundentia
635 5169 892 5318 mgrssmebait
908 5166 1082 5248 Abraham,
1105 5177 1135 5238 et
1150 5173 1222 5239 tuiit
1235 5193 1362 5255 panau,

555 5268 665 5331 W·
794 5253 1364 5340 itaaanetposunsunertume-
1679 5335 1685 5348 ·
1797 5298 1802 5312 ·
1924 5302 1928 5314 .
2043 5305 2108 5335 .‚
2218 5303 2225 5316 .
2356 5302 2363 5314 .

394 5354 467 5402 ΝΜ
477 5335 556 5414 Μ,
572 5339 757 5417 dantium:
769 5337 1012 5422 ddimisitoom,
1029 5347 1059 5408 et
1063 5346 1366 5426 pemaniteterraait
1414 5369 1470 5433 sur,
1483 5293 1774 5436 iiidginarbeagerlffa
1790 5313 1821 5353 η
1839 5314 1962 5370 ΝΜ
1978 5301 2105 5359 mm
2125 5302 2188 5372 Μ’
2203 5319 2226 5356 ⁸¹
2247 5302 2384 5370 ‘mum'
