5022 6192
84 391 87 398 Ι
152 447 213 513 125
798 445 1167 514 COMMENTARIUS
1191 447 1241 512 IN
1268 445 1482 513 GENIlSIN.
2073 443 2137 507 126

152 636 207 714 11,
230 635 249 698 l
271 633 364 699 illum
386 633 529 700 iustitiae
552 653 634 719 quae
656 633 834 700 secundum
857 635 954 700 fidem
977 643 1042 714 est,
1071 634 1117 698 fa·
1170 641 1223 699 tus
1247 644 1284 700 ut
1312 644 1382 702 erat
1408 636 1442 699 in
1475 636 1544 700 loco
1577 636 1712 712 referto,
1745 633 1853 700 statim
1887 639 1960 717 post
1992 631 2137 696 triduum

151 721 215 785 ciat
244 719 427 786 haeredem.
473 718 576 799 Quasi
605 741 685 786 vero
714 739 779 785 non
808 719 965 802 prodierit
994 741 1034 784 cx
1056 720 1118 784 hoc
1169 741 1303 785 enecare
1324 728 1454 804 poterat
1475 721 1629 803 quidquid
1647 721 1713 786 illio
1731 720 1945 785 animantium
1962 717 2034 783 fuit.
2071 716 2139 781 Ve-

147 805 239 871 sonte
260 804 415 888 quidquid
436 806 607 886 virtutum,
633 814 666 871 et
686 805 841 889 quidquid
865 805 960 870 laude
982 805 1118 890 dignum
1170 806 1264 870 niant
1285 807 1376 871 nobis
1398 809 1432 871 in
1453 815 1596 871 mentem
1618 815 1686 871 tam
1716 827 1849 890 graves,
1879 813 1912 868 et
1932 802 2138 885 multiplices,

149 891 185 956 in
211 899 323 958 sancto
345 890 415 957 viro
433 891 504 956 luit.
548 892 671 956 Venire
693 891 780 956 enim
802 892 835 956 in
859 905 1001 955 mentem
1025 890 1120 955 debet
1170 899 1203 956 et
1224 891 1371 956 diuturni
1392 895 1498 958 sancti
1520 893 1581 956 viri
1604 891 1787 971 conflictus,
1816 900 1851 955 ut
1878 891 2016 956 sciamus
2039 909 2139 970 quam

149 976 267 1059 quibus
302 978 522 1042 tentationum
558 978 718 1042 machinis
759 975 886 1042 assidue
926 997 1118 1042 concussum
1169 977 1300 1042 heroica
1327 978 1426 1042 fuerit
1454 979 1559 1044 virtus
1587 977 1628 1042 ad
1658 987 1839 1043 extremum
1873 975 2021 1058 prosequi
2053 973 2139 1055 quod

147 1063 249 1127 fuerit
270 1063 340 1127 eius
360 1071 480 1144 pectus.
516 1062 666 1127 Primum
690 1063 762 1145 ipsa
784 1062 885 1127 moles
903 1083 997 1128 arcae
1014 1064 1120 1145 potuit
1170 1062 1261 1127 Deus
1283 1063 1506 1128 mandaverat.
1552 1062 1641 1130 Dicit
1662 1061 1791 1145 quidem
1813 1083 1877 1128 uno
1905 1061 2006 1126 verbo
2028 1059 2138 1124 Moses

147 1147 286 1213 obruere
314 1167 427 1212 omues
456 1150 525 1212 eius
546 1168 676 1225 sensus,
699 1159 798 1212 utne
827 1146 966 1232 digitum
989 1146 1119 1230 quidem
1169 1149 1276 1229 ipsum
1299 1147 1429 1214 iecisse:
1459 1151 1515 1214 sed
1537 1149 1743 1233 cogitandum
1767 1158 1818 1213 est
1838 1157 1959 1231 quanto
1981 1145 2068 1211 istud
2090 1147 2138 1210 fa·

148 1233 190 1298 ad
213 1254 294 1316 opus
311 1231 528 1298 inchoandum
546 1233 681 1298 tolleret.
718 1232 851 1314 Quanta
870 1234 1020 1299 arborum
1043 1253 1118 1299 con·
1169 1252 1243 1297 cere
1264 1234 1413 1317 superius
1434 1234 1576 1300 humana
1601 1236 1722 1300 virtute
1749 1235 1867 1299 luerit:
1898 1240 1935 1296 ut
1959 1239 2139 1315 praestaret

147 1323 254 1403 gerice
275 1316 438 1384 caedenda
462 1319 532 1398 fuit,
555 1319 616 1383 sibi
636 1327 819 1401 proponant
846 1319 995 1384 lectores:
1018 1339 1118 1401 quan·
1169 1320 1294 1384 centies
1315 1319 1398 1385 mo'ri
1422 1340 1518 1402 quam
1549 1321 1711 1403 suscipere
1735 1329 1802 1384 tam
1830 1318 2025 1383 laboriosum
2047 1338 2138 1400 opus,

147 1415 203 1470 tue
227 1405 326 1469 luerit
352 1413 503 1469 vecturae
538 1403 643 1480 labor,
674 1413 796 1487 quanta
825 1404 997 1470 dilficnltas
1024 1425 1119 1487 coag·
1170 1406 1233 1468 nisi
1263 1405 1385 1487 aliquid
1413 1407 1512 1472 altius
1546 1408 1709 1490 praesenti
1737 1407 1807 1469 vita
1832 1413 2016 1486 spectasset.
2061 1401 2138 1467 Sin·

146 1488 327 1554 mentandi.
371 1489 443 1554 Iam
465 1511 518 1554 res
535 1490 570 1554 in
592 1488 724 1573 longum
751 1500 880 1572 tempus
902 1488 1118 1554 differebatur.
1171 1490 1284 1574 gulare
1313 1511 1390 1575 ergo
1425 1491 1627 1558 obedientiae
1662 1490 1847 1573 exemplum
1881 1489 1973 1555 nobie
2001 1488 2056 1552 hio
2083 1487 2138 1552 ds·

147 1574 310 1641 Sanctum
332 1575 419 1638 enim
437 1577 544 1640 virum
568 1575 655 1640 ultra
677 1597 780 1641 annos
806 1585 936 1641 centum
958 1577 990 1639 in
1010 1575 1119 1639 labore
1170 1577 1338 1642 scribitur:
1362 1578 1438 1659 quia
1455 1578 1550 1643 Noah
1566 1586 1672 1642 totum
1690 1598 1725 1643 se
1743 1577 1813 1642 Deo
1832 1576 2032 1658 permittens,
2051 1572 2138 1639 debi-

145 1661 375 1728 molsstissimo
397 1662 545 1744 occupari
569 1663 719 1744 oportuit.
756 1661 824 1726 Nec
842 1681 919 1726 vero
937 1660 1119 1744 putandum
1170 1669 1241 1725 tum
1264 1661 1314 1726 illi
1335 1663 1492 1729 honorem
1514 1661 1664 1727 reddidit.
1709 1663 1839 1727 Scimus
1859 1661 1894 1724 in
1919 1661 1981 1725 hac
2002 1668 2140 1725 naturae

147 1755 198 1812 est
220 1755 289 1810 tam
312 1744 479 1828 stupidum
508 1747 607 1811 fuisso
629 1747 705 1828 quin
730 1747 881 1811 venerint
902 1746 951 1810 illi
970 1747 1006 1810 in
1027 1767 1118 1812 men·
1170 1748 1332 1830 pravitate
1353 1769 1449 1831 quam
1473 1749 1614 1832 prompti
1635 1749 1701 1814 sint
1722 1748 1870 1812 homines
1892 1744 1932 1810 ad
1954 1745 2140 1828 quaerenda

146 1841 216 1897 tem
239 1830 399 1896 eiusmodi
420 1830 593 1896 obstacula.
629 1829 723 1896 Adde
742 1831 826 1915 quod
844 1834 900 1896 vix
921 1831 1118 1915 sperandum
1171 1833 1306 1915 effugia,
1331 1842 1365 1898 et
1385 1835 1545 1917 ingeniosi
1568 1836 1607 1899 ad
1631 1831 1923 1898 comminiscendos
1950 1839 2139 1914 praetextus

146 1918 211 1983 luit
243 1936 397 2000 passuros
429 1936 501 1981 esse
533 1917 604 1981 eins
636 1918 756 1983 saeculi
789 1916 936 1982 homines
975 1925 1012 1981 ut
1043 1937 1118 1982 cum
1172 1937 1213 1981 ne
1235 1919 1306 1992 Deo
1327 1929 1473 2001 pareant.
1518 1919 1629 2000 Quare
1651 1919 1813 1984 discamus
1834 1928 1868 1983 et
1889 1937 1948 1982 nos
1965 1939 2023 1999 per
2044 1937 2140 1982 omne

145 2023 260 2068 eorum
284 2001 464 2087 ignominia
485 2001 547 2067 sibi
569 2002 722 2084 privatim
743 2003 881 2068 salutem
905 2004 1117 2086 promitteret.
1171 2023 1275 2086 genus
1307 2005 1540 2086 impedimenta
1573 2025 1797 2088 perrumpere,
1835 2023 1895 2068 nec
1925 2002 2032 2067 locum
2064 2001 2141 2067 dare

146 2089 245 2154 Prius
275 2087 315 2152 de
347 2088 482 2152 immani
519 2108 629 2152 eorum
663 2089 860 2154 truculentia
893 2088 1016 2154 dictum
1049 2089 1117 2152 luit.
1171 2090 1282 2171 pravis
1305 2091 1569 2173 cogitationibus,
1596 2111 1735 2175 quaese
1757 2089 1820 2154 Dei
1842 2087 2139 2172 verboopponunt,

145 2174 288 2239 Minime
309 2193 387 2258 ergo
409 2173 543 2238 dubium
565 2182 615 2238 est
636 2174 713 2255 quin
736 2173 884 2239 homines
902 2173 1063 2238 modestos
1086 2182 1120 2236 et
1170 2175 1341 2256 atquibus
1366 2188 1492 2240 mentes
1520 2186 1648 2241 nostras
1675 2175 1841 2258 implicare
1870 2181 2006 2240 conatur
2024 2173 2139 2251 Satan,

145 2260 311 2344 simplices
328 2262 398 2324 sine
416 2278 515 2323 carisa
532 2258 675 2341 quotidie
693 2260 895 2324 lacesserent.
931 2259 1023 2324 Haeo
1039 2279 1120 2324 vero
1170 2280 1212 2323 ne
1235 2269 1371 2342 pergant
1393 2282 1457 2343 quo
1480 2262 1571 2326 Deus
1594 2271 1696 2328 vocat.
1731 2261 1830 2326 Hunc
1848 2259 1934 2324 enim
1954 2257 2015 2324 sibi
2040 2260 2139 2324 bono·

144 2345 329 2429 plausibilis
356 2343 537 2409 insultandi
560 2345 684 2410 occasio
711 2346 788 2423 luit,
820 2344 905 2428 quod
928 2345 1023 2409 Noah
1044 2365 1118 2428 pas·
1170 2366 1238 2409 rem
1262 2345 1374 2411 haberi
1395 2349 1537 2412 maxime
1559 2349 1684 2429 flagitat
1706 2347 1812 2424 Deus,
1838 2354 1877 2410 ut
1898 2366 1973 2409 eum
1996 2346 2140 2410 sinamus

144 2431 208 2496 sim
233 2429 363 2494 arbores
386 2429 548 2494 caedendo
571 2439 692 2495 terram
709 2430 857 2508 nudaret,
880 2449 918 2495 ac
934 2430 1008 2495 illos
1030 2429 1118 2494 frau-
1170 2451 1229 2512 pro
1252 2430 1344 2496 nobis
1366 2452 1490 2516 sapere.
1534 2436 1644 2516 Atque
1674 2433 1754 2497 haec
1782 2452 1861 2498 vcra
1883 2439 1934 2495 est
1961 2429 2037 2496 fidei
2063 2450 2139 2513 pro·

145 2515 241 2581 daret
273 2516 374 2581 variis
405 2514 592 2580 commodis.
644 2515 790 2600 Vulgare
822 2517 1030 2599 proverbium
1053 2522 1117 2580 est:
1170 2515 1273 2594 batio,
1302 2537 1400 2598 quum
1431 2539 1498 2583 uno
1526 2518 1597 2584 eius
1623 2517 1776 2582 mandato
1803 2517 1963 2594 contenti,
1995 2515 2035 2580 ad
2058 2535 2139 2597 opus

144 2602 199 2666 De
239 2601 355 2666 umbra
390 2601 476 2666 asini
508 2608 675 2684 protervos
708 2602 856 2666 homines
890 2612 924 2666 ct
960 2603 1118 2686 iurgioeos
1171 2622 1231 2665 uos
1253 2603 1467 2688 accingimus,
1496 2625 1556 2670 neo
1585 2625 1720 2669 cursum
1749 2604 1960 2678 reflectimus,
1983 2600 2138 2684 quidquid

143 2687 288 2770 litigare.
333 2685 422 2766 Quid
444 2687 545 2770 igitur
566 2706 624 2769 pro
647 2693 694 2752 tot
722 2689 877 2752 arborum
906 2687 1031 2752 umbrie
1053 2688 1117 2752 lac·
1170 2687 1328 2753 obstaculi
1349 2688 1440 2754 nobis
1466 2689 1594 2772 ingerat
1616 2688 1733 2766 Satan,
1764 2687 1907 2754 sedalis
1935 2687 2011 2752 fidei
2039 2707 2139 2769 supra

144 2781 239 2837 turos
269 2777 414 2854 putasset
435 2772 531 2836 Noah
559 2793 673 2838 saevos
700 2772 772 2839 illos
795 2771 971 2858 cyclopes,
1000 2774 1055 2856 qui
1077 2772 1118 2836 ad
1170 2775 1329 2838 mundum
1361 2775 1541 2840 evehimur.
1595 2775 1764 2858 Exprimit
1802 2775 1898 2838 etiam
1931 2774 2040 2838 Moses
2070 2793 2138 2836 non

143 2878 279 2922 omnem
298 2857 483 2923 violentiam
503 2859 687 2936 exercitati,
705 2857 880 2924 ferociendi
897 2878 1009 2924 ansam
1023 2857 1118 2923 undi-
1170 2878 1236 2922 una
1265 2867 1394 2925 tantum
1423 2860 1457 2924 in
1485 2869 1579 2942 parte
1608 2859 1701 2925 Noah
1733 2860 1878 2943 paruisse
1902 2858 1992 2935 Deo,
2023 2857 2138 2924 sedin

143 2963 210 3026 que
233 2942 429 3025 captabant?
460 2941 526 3009 Sed
553 2943 614 3008 hoc
637 2942 677 3008 ad
710 2944 976 3010 inflammandam
1005 2964 1118 3009 eorum
1170 2943 1320 3010 omnibus
1341 2945 1441 3011 fuisse
1458 2945 1672 3012 obedientem.
1698 2945 1805 3026 ,Quod
1827 2945 2002 3029 diligenter
2020 2954 2138 3009 notan-

142 3029 270 3094 rabiem
294 3029 504 3111 praecipuum
524 3029 594 3108 fnit,
617 3029 701 3112 qnod
719 3028 780 3095 sibi
802 3030 929 3109 asylum
946 3029 1117 3105 fabricans,
1169 3026 1247 3093 dum
1266 3041 1330 3095 est:
1353 3033 1429 3114 qnia
1446 3031 1521 3096 inde
1542 3033 1684 3097 maxime
1707 3032 1809 3096 oritur
1831 3029 1996 3096 horribilis
2013 3031 2047 3093 in
2069 3029 2140 3095 vita

142 3132 263 3178 omnes
286 3114 386 3180 exitio
408 3113 580 3179 addiceret.
625 3115 723 3180 Oerte
744 3116 807 3181 nisi
829 3115 963 3180 cohibiti
979 3115 1120 3181 fuissent
1168 3129 1281 3178 nostra
1303 3118 1463 3182 confusio:
1487 3116 1571 3200 quod
1588 3137 1654 3182 nou
1673 3138 1843 3200 possumus
1861 3117 1931 3181 sine
1948 3115 2138 3198 exceptione

141 3199 285 3264 robusta·
303 3200 367 3264 Dei
387 3219 505 3279 manu,
530 3201 650 3265 centies
674 3201 874 3283 lapidassent
896 3211 1044 3266 sanctum
1068 3201 1118 3265 vi·
1170 3221 1229 3265 nos
1250 3203 1284 3265 in
1306 3212 1413 3267 totum
1436 3203 1508 3268 Deo
1531 3203 1704 3278 subiicere,
1733 3202 1790 3266 sed
1820 3215 1912 3284 parte
1945 3201 2054 3284 aliqua
2082 3198 2137 3264 de·

140 3303 238 3351 rum:
261 3284 426 3367 probabile
447 3295 555 3350 tamen
578 3295 644 3362 est,
661 3306 728 3351 non
750 3307 851 3369 usqne
873 3307 910 3350 eo
935 3307 1117 3369 repressam
1169 3287 1271 3351 functi
1298 3288 1433 3353 affectus
1455 3297 1582 3354 nostros
1606 3289 1676 3354 cius
1697 3287 1797 3353 verbo
1829 3307 1926 3371 saepe
1953 3288 2136 3352 miscemus.

141 3371 249 3435 luisse
280 3371 507 3454 intemperiem
539 3372 617 3454 quin
657 3371 887 3437 scommatibus
914 3383 946 3437 et
970 3371 1118 3436 ludibriis
1169 3371 1242 3436 Hoc
1264 3381 1372 3438 autem
1392 3375 1525 3438 nomine
1547 3373 1698 3438 laudatur
1719 3373 1903 3438 obedientia
1923 3369 2027 3451 Noah,
2051 3371 2138 3454 quod

140 3455 289 3522 subinde
310 3476 384 3521 enm
406 3459 614 3536 incesserent,
637 3457 779 3540 adeoque
799 3456 984 3522 lacerarent
1005 3457 1119 3521 multis
1168 3459 1298 3541 integra
1318 3457 1435 3538 fuerit,
1463 3481 1530 3523 non
1561 3457 1707 3523 dimidia:
1737 3466 1774 3522 ut
1802 3459 1885 3524 nihil
1913 3478 2027 3524 eorum
2055 3477 2138 3540 quae

139 3541 292 3624 probris,
324 3550 357 3606 et
389 3541 550 3608 atrocibus
579 3543 677 3608 minis
704 3543 907 3625 impeterent.
952 3542 1024 3608 Imo
1052 3565 1118 3607 non
1168 3544 1331 3611 Dominus
1352 3546 1500 3624 iusserat,
1521 3545 1785 3627 praetermiserit.

139 3627 291 3692 arbitror
308 3627 501 3694 abstinuisse
513 3648 631 3693 manus
651 3629 691 3692 ab
709 3649 806 3712 opere
824 3628 993 3694 turbando.
1029 3629 1119 3712 Ergo

138 3713 297 3795 quamvis
327 3713 478 3778 alacriter
505 3713 695 3778 mandatum
729 3714 790 3778 sibi
823 3734 905 3796 opus
944 3735 985 3798 ag
1026 3735 1118 3779 essns

137 3799 244 3876 foret,
267 3798 374 3882 potuit
395 3807 504 3864 tamen
526 3800 699 3882 quotannis
721 3800 795 3882 plus
816 3799 986 3865 millies-la
1010 3820 1118 3865 ascero

138 3885 218 3948 eius
248 3885 443 3963 constantia,
473 3885 537 3948 nisi
563 3884 659 3950 valde
686 3886 798 3951 firmas
830 3885 952 3969 egisset
982 3885 1116 3951 radices.
1528 3884 1679 3952 OAPUT
1701 3885 1779 3952 VII.

139 3968 199 4034 Ad
223 3968 305 4034 haec
332 3990 432 4052 quum
455 3989 508 4034 res
530 3981 614 4036 essct
636 3991 694 4053 per
715 3993 751 4036 se
777 3972 1000 4055 impossibilis,
1032 3972 1118 4036 unde

137 4055 247 4119 nnius
269 4055 346 4120 anni
369 4055 523 4120 annona?
547 4056 633 4120 unde
655 4064 703 4120 tot
724 4057 919 4122 animalibus
940 4055 1118 4140 pabulum?
1270 4058 1297 4122 1.
1321 4055 1365 4122 El
1391 4056 1474 4122 dlall
1495 4055 1609 4123 lebovc
1634 4057 1678 4122 ad
1700 4055 1809 4121 Noah:
1839 4055 2006 4140 Ingredere
2033 4059 2081 4134 la,
2110 4060 2139 4121 el

138 4141 321 4222 Reponere
347 4139 479 4206 iubetur
499 4140 585 4223 quod
615 4143 675 4206 toti
699 4142 855 4222 familiae,
885 4143 1063 4225 pecoribus,
1086 4150 1121 4207 et
1169 4144 1269 4209 amalr
1289 4144 1399 4209 demas
1417 4146 1472 4206 lua
1498 4162 1623 4208 orcam:
1652 4143 1728 4224 qaia
1749 4147 1776 4206 le
1797 4143 1864 4207 eidi
1891 4142 2006 4205 iustam
2034 4160 2136 4205 coram

137 4226 226 4291 ieris
249 4225 367 4296 bestiis.
397 4226 513 4292 avibus
536 4226 673 4310 deniquo
694 4227 729 4291 in
752 4228 876 4292 victum
898 4227 1008 4294 decem
1030 4249 1118 4292 men·
1169 4249 1217 4294 me
1233 4229 1268 4293 la
1285 4233 1381 4293 aelam
1391 4228 1462 4292 isla.
1485 4228 1515 4292 2.
1535 4227 1684 4293 Ecomai
1699 4225 2136 4306 animcllmaadoecpr'csllbl

138 4313 233 4377 sium
264 4311 413 4376 sufficiat.
457 4311 531 4378 Hoc
555 4333 632 4377 vero
658 4313 848 4390 ridiculum,
878 4323 1047 4396 postquam
1078 4313 1119 4378 ab
1169 4319 1292 4396 septeno
1321 4318 1457 4396 septena,
1486 4314 1592 4378 airam
1611 4319 1641 4378 cl
1667 4311 1820 4394 fermllam
1848 4312 1932 4377 elus:
1957 4316 1985 4375 et
2007 4331 2046 4375 esc
2067 4311 2136 4375 arri

138 4395 350 4481 agricultura
381 4395 548 4464 traductus
580 4407 650 4462 erat
682 4398 722 4462 ad
757 4418 850 4464 arcae
880 4400 1049 4478 fabricam,
1072 4399 1118 4463 illi
1168 4399 1246 4464 moli
1266 4399 1348 4482 pacd
1366 4419 1427 4463 aon
1447 4399 1599 4464 mandam
1619 4403 1671 4474 est,
1701 4398 1783 4474 Mac,
1805 4399 1909 4462 viram
1932 4403 1959 4462 el
1981 4396 2136 4479 femellam

138 4480 298 4546 mandari
320 4492 357 4547 ut
384 4482 544 4565 duplicem
573 4493 770 4566 proventum
792 4484 973 4567 colligeret:
1005 4485 1060 4548 sed
1083 4487 1118 4548 in
1168 4487 1244 4551 elas.
1289 4485 1318 4550 3.
1342 4485 1451 4549 Ellam
1479 4504 1517 4549 ar
1543 4484 1664 4550 calmill
1691 4483 1766 4548 coeli
1793 4487 1933 4564 septena,
1960 4481 2134 4547 masadam

137 4567 270 4652 pabulo
299 4568 486 4633 animalium
514 4568 617 4634 multo
645 4569 720 4651 plus
749 4578 820 4634 erat
848 4571 977 4654 negotii.
1029 4571 1118 4654 Ergo
1168 4576 1196 4637 cl
1215 4571 1386 4653 fretellam:
1416 4575 1450 4633 at
1477 4571 1583 4635 oleam
1616 4573 1805 4635 meracam
1835 4587 1937 4632 semea
1962 4569 1998 4632 ia
2025 4587 2134 4648 super-

137 4654 309 4736 suspicari
340 4665 466 4736 poterat
495 4655 602 4718 Deum
632 4655 694 4719 sibi
723 4654 869 4721 illudere.
913 4656 1117 4721 Postremum
1167 4657 1236 4738 dele
1259 4657 1360 4721 ommis
1390 4659 1499 4720 lerrae.
1543 4656 1573 4720 4.
1600 4656 1683 4736 Quia
1703 4659 1776 4735 post
1804 4655 1871 4718 dics
1896 4652 1997 4718 addae
2023 4658 2135 4734 septem

138 4751 223 4805 erat
252 4747 290 4803 ut
316 4739 469 4804 animalia
496 4760 592 4804 omne
613 4760 717 4823 genus
748 4748 971 4825 congregaret.
1015 4740 1117 4821 Quasi
1168 4762 1220 4824 epo
1236 4743 1348 4822 pluam
1368 4760 1465 4820 saper
1484 4745 1600 4806 terram
1619 4739 1829 4822 quadraginta
1851 4739 1931 4814 dica,
1954 4744 1982 4802 el
1998 4739 2134 4819 quadra·

136 4845 228 4890 vero
251 4822 292 4888 ad
313 4843 444 4890 manum
462 4825 597 4890 haberet
613 4825 789 4910 sylvestres
808 4826 939 4903 belluas,
959 4827 1012 4890 vel
1033 4827 1118 4892 cicu-
1166 4829 1254 4911 plata
1274 4833 1382 4904 metes,
1405 4831 1433 4890 el
1457 4825 1556 4892 delebo
1584 4845 1701 4891 omnen
1725 4823 1929 4890 adamatam
1949 4844 2044 4905 quam
2063 4824 2133 4905 feci,

135 4931 224 4976 rare
245 4920 370 4994 posset:
399 4917 436 4974 nt
457 4912 490 4974 iu
513 4911 678 4994 ergastulo
700 4911 769 4992 lupi
791 4933 865 4976 cum
888 4913 994 4995 agnis,
1017 4913 1119 4995 tigres
1169 4913 1372 4993 asaperficic
1398 4917 1507 4978 terrae.
1551 4913 1580 4977 5.
1604 4911 1647 4976 El
1673 4911 1744 4993 feeit
1766 4909 1859 4976 Noah
1886 4911 2052 4974 sectandum
2072 4928 2135 4974 ora·

134 5017 224 5064 cum
247 4995 426 5078 leporibus,
448 4995 557 5061 leones
576 5017 649 5060 oum
673 4995 788 5066 bobus.
812 5005 965 5078 tanquam
987 5017 1064 5062 oves
1084 5000 1118 5062 in
1167 5001 1224 5062 alc
1244 5019 1322 5080 qaae
1337 5002 1540 5080 praeceperat
1560 4999 1588 5062 ei
1606 4996 1727 5063 lehara.
1770 4996 1800 5061 6.
1826 4994 1921 5078 Noalr¹
1944 5000 2045 5060 amm
2066 5001 2134 5061 aral

135 5103 209 5147 suo
231 5081 359 5147 stabulo
379 5080 575 5148 habitarent.
620 5081 686 5148 Sed
714 5083 849 5146 tentatio
877 5081 1021 5146 omnium
1044 5103 1119 5165 gra-
1167 5089 1375 5150 seaemlomm
1404 5103 1557 5148 aramum
1577 5083 1699 5166 maredo
1719 5081 1872 5147 diluvium
1892 5082 1956 5163 fait
1976 5101 2133 5162 aquaram

135 5169 287 5234 vissima
308 5167 384 5244 suit,
407 5166 491 5249 quod
513 5169 599 5231 vitae
628 5166 787 5250 petendae
814 5187 912 5233 causa
933 5167 1062 5233 iubetur
1083 5169 1119 5233 in
1168 5173 1411 5250 superterram.
1457 5169 1485 5234 7.
1509 5168 1552 5232 at
1572 5171 1732 5250 impressus
1756 5165 1856 5244 Noab,
1877 5173 1905 5231 el
1923 5167 1985 5247 filil
2005 5168 2081 5242 elas,
2104 5172 2133 5231 el

134 5252 336 5336 sepulcrum
355 5252 565 5332 descendere,
598 5261 631 5318 et
652 5273 687 5318 se
715 5253 802 5316 ultro
832 5254 962 5335 privare
990 5263 1120 5320 aerest
1168 5275 1248 5318 acor
1269 5257 1350 5332 eius,
1378 5259 1538 5320 etarcrca
1561 5253 1788 5334 mammolas
1816 5273 1885 5316 eam
1905 5273 1939 5317 eo
1959 5253 1993 5315 r'a
2016 5272 2132 5328 aream,

132 5340 266 5424 spiritu
288 5337 397 5402 vitali:
418 5337 505 5403 solus
522 5340 608 5404 enim
630 5353 809 5404 stercorum
832 5339 949 5416 foetor,
972 5339 1118 5405 obstrue·
1164 5345 1293 5421 propter
1316 5360 1416 5421 equas
1442 5340 1566 5406 dduoii.
1611 5340 1640 5405 8.
1663 5337 1718 5403 Ea
1746 5339 1878 5403 animali
1899 5337 2023 5417 mando,
2046 5343 2073 5403 el
2093 5359 2135 5403 ea
