4988 6192
391 388 457 454 407
1049 381 1420 453 COMMENTARIUS
1443 386 1494 454 IN
1515 386 1729 455 uuuustu.
2320 383 2379 450 408

391 593 511 639 mam:
538 575 614 657 quia
642 575 715 640 dedi
744 572 892 639 ancillam
918 593 1019 640 meam
1040 574 1109 638 viro
1130 595 1205 641 uuo.
1249 573 1293 639 Et
1313 595 1363 640 vo·
1407 575 1519 657 posuit
1538 593 1589 641 cos
1610 576 1700 641 iusta
1716 575 1849 658 paudus
1871 574 1991 641 Lobuu.
2032 573 2085 640 41.
2108 571 2187 638 Μ
2209 577 2326 649 autem,
2348 573 2380 638 iu

391 661 474 726 eavit
502 679 612 724 uouuu
643 660 711 725 eim
739 658 899 726 lassabar.
951 658 1000 725 19.
1030 658 1075 724 Et
1104 661 1237 743 muecpit
1262 660 1364 726 adbuc
1414 662 1499 727 uuus
1526 662 1608 728 coitu
1636 663 1789 744 peccudum
1813 662 2066 742 primitivonum,
2094 657 2228 742 ponebat
2249 651 2381 722 Iabucob

392 744 489 826 Lesb,
510 746 677 828 etpepcrit
694 744 798 828 fitium
819 749 940 810 sactum
961 744 1026 827 ipsi
1047 745 1192 812 Iabocob.
1228 746 1280 812 20.
1304 745 1365 812 Di·
1413 746 1521 831 umgas
1541 747 1576 812 iu
1597 747 1695 813 ocutis
1715 747 1870 830 paredum
1890 747 1925 812 iu
1953 745 2130 838 mantibus,
2157 749 2192 810 ut
2210 744 2324 810 coirem
2343 743 2380 809 ab

390 832 439 895 uit
460 850 531 914 erpo
552 830 658 897 Lentu:
679 829 808 896 Dotavit
827 851 876 920 me
898 830 987 896 Deus
1008 830 1074 896 dote
1094 830 1190 897 buca:
1222 833 1286 898 vice
1306 831 1364 898 bac
1413 833 1529 917 cupas.
1579 832 1631 897 42.
1657 832 1713 898 Ad
1740 833 1892 898 serotinos
1918 851 1990 898 vero
2020 832 2118 898 codrus
2143 829 2299 913 pecudum
2326 847 2380 895 um

391 914 543 981 habitabit
569 936 687 982 mecum
707 917 759 981 vir
778 935 880 982 uuus:
908 917 985 1000 quia
1005 918 1118 998 peperi
1138 918 1168 982 ci
1188 936 1245 983 sec
1264 917 1364 1000 filios:
1409 917 1556 1000 poucbat:
1587 923 1616 984 ct
1647 923 1736 984 aaut
1767 919 1905 984 scrotum
1935 917 2039 1001 ipsius
2065 916 2192 982 Labau:
2220 914 2381 999 primitivo

392 999 437 1066 Er
456 1003 575 1068 oooavd
596 1021 706 1068 uomeu
726 1003 795 1068 eius
807 1001 949 1068 Zebuborr.
983 1002 1035 1067 21.
1054 1001 1099 1066 Et
1114 1008 1224 1084 postea
1241 1003 1365 1087 peperit
1414 1006 1517 1068 arderet
1549 1003 1652 1086 ipsius
1685 1003 1830 1072 Iabaevb.
1882 1002 1933 1068 43.
1968 1001 2071 1073 Oreoit
2101 1002 2153 1067 vir
2184 1019 2255 1085 erpo
2286 1019 2380 1083 supro

389 1086 508 1169 fitium:
541 1092 569 1152 et
593 1089 711 1154 vocavit
737 1107 845 1154 uomere
867 1089 934 1154 cius
956 1087 1076 1153 Dinob.
1119 1089 1171 1154 22.
1197 1089 1298 1156 Porro
1318 1109 1365 1155 re
1413 1087 1555 1155 modum:
1585 1089 1771 1172 fueruntque
1798 1089 1829 1155 ei
1851 1089 1986 1171 pecuedes
2006 1089 2128 1156 'muitum
2150 1092 2178 1152 et
2205 1085 2339 1152 oucibus
2358 1089 2382 1150 et

391 1173 536 1239 cordatus
557 1177 603 1239 est
620 1173 711 1240 Deus
733 1172 865 1250 Raobet,
886 1177 915 1239 et
936 1174 1097 1240 exaudivit
1117 1195 1187 1242 earu
1208 1175 1314 1253 Deus,
1336 1178 1365 1240 u
1414 1175 1498 1240 servi
1519 1179 1547 1240 et
1568 1175 1678 1242 canuti
1698 1180 1726 1242 et
1746 1176 1842 1242 asim.
2010 1227 2011 1232 ,

392 1259 518 1340 aperuit
549 1258 674 1324 vulvam
705 1259 804 1325 itlius.
848 1259 899 1324 23.
929 1259 974 1324 ct
1009 1261 1154 1342 surrepit,
1188 1266 1215 1326 et
1242 1262 1364 1344 peperit

390 1343 503 1425 titium,
521 1349 550 1410 et
569 1345 670 1410 divit:
687 1345 813 1410 Amavit
830 1345 920 1411 Deus
933 1344 1085 1428 probrum
1105 1366 1216 1412 uuum.
1250 1346 1301 1412 24.
1322 1345 1366 1410 Et
1502 1345 1531 1411 1.
1553 1344 1598 1409 Et
1617 1344 1696 1410 vidit
1718 1343 1844 1411 Raebeei.
1890 1345 1955 1412 Hie
1976 1339 2094 1429 incipit
2118 1365 2255 1410 narrare
2276 1343 2380 1409 Moses

391 1431 513 1497 vocarit
543 1451 653 1496 uomeu
684 1432 752 1496 eius
780 1429 909 1512 Ioseph,
942 1431 1086 1498 tuendo:
1112 1431 1223 1498 Addat
1249 1432 1365 1498 Iebovu
1415 1429 1600 1497 domesticis
1626 1429 1746 1515 iurgiis
1775 1429 1969 1498 distractum
1996 1430 2097 1496 fuisse
2120 1430 2227 1496 Iacob.
2273 1427 2380 1510 Quan-

391 1515 471 1581 mibi
497 1515 601 1596 fitium
621 1515 730 1581 otium
775 1516 827 1581 25.
851 1515 930 1581 Fuit
950 1520 1054 1582 auum
1076 1537 1173 1600 guum
1194 1520 1365 1600 peperisset
1414 1535 1513 1600 quam
1536 1524 1645 1582 eutem
1663 1516 1826 1582 Dominus
1843 1516 1884 1584 de
1903 1535 1941 1580 eo
1962 1537 2100 1600 poenam
2123 1516 2281 1594 sumebat,
2304 1514 2380 1599 quod

393 1599 514 1668 Raebet
535 1601 656 1684 Ioseph,
678 1601 762 1667 disit
783 1601 929 1674 Iabaeob¹
942 1604 985 1668 ad
1005 1601 1132 1668 Lubau:
1153 1602 1287 1668 Dimitte
1307 1624 1363 1682 ure,
1414 1622 1533 1667 uxores
1561 1601 1657 1678 duas,
1690 1609 1724 1667 et
1755 1602 1931 1686 praecipuo
1964 1622 2090 1668 sorores
2122 1599 2286 1678 ducendo,
2321 1619 2381 1664 non

393 1691 420 1751 ct
441 1685 490 1751 ibo
512 1687 555 1752 ad
575 1684 673 1753 locum
694 1705 814 1766 uterum·
834 1693 862 1752 ct
883 1689 926 1754 ad
946 1692 1062 1754 ueram
1080 1708 1189 1755 meam
1233 1689 1285 1754 26.
1308 1688 1365 1755 Da
1414 1686 1532 1752 ieviter
1553 1697 1733 1771 pemasset,
1757 1689 1819 1752 fuit
1840 1696 1952 1753 tamen
1974 1696 2114 1772 paterna
2134 1685 2323 1770 castigatio:
2353 1696 2381 1750 et

392 1792 505 1838 uxores
522 1792 616 1850 meos,
639 1777 667 1838 et
687 1772 799 1840 liberos
816 1793 906 1852 uuas,
921 1778 1053 1855 propter
1069 1795 1150 1856 quos
1166 1775 1281 1841 eervim
1296 1775 1363 1853 tibi,
1414 1772 1507 1839 Deus
1528 1775 1613 1857 ipse,
1631 1781 1686 1838 ·ut
1714 1772 1790 1838 filiis
1811 1774 1879 1839 suis
1906 1773 2086 1839 elementer
2109 1773 2277 1859 ignoscere
2300 1771 2383 1849 solet,

392 1863 420 1923 et
441 1857 499 1937 ibo,
521 1862 556 1922 tu
576 1859 658 1924 euin
679 1859 760 1924 uasti
780 1860 944 1924 sevodium
960 1879 1062 1925 meum
1079 1880 1139 1941 guo
1158 1861 1275 1926 servivi
1296 1860 1362 1926 tibi.
1415 1879 1549 1924 manum
1571 1856 1807 1942 quodammodo
1828 1859 1994 1924 sustinuit.
2028 1858 2125 1926 Unde
2147 1859 2245 1923 etiam
2265 1859 2382 1923 factum

393 1943 444 2010 27.
463 1941 598 2010 Etdieit
613 1943 656 2010 ud
669 1964 740 2010 eum
750 1943 878 2009 Lobau:
897 1944 944 2024 Si,
962 1965 1085 2027 quaeso,
1104 1947 1211 2012 iuveui
1226 1946 1364 2030 pretium
1414 1952 1465 2009 eet
1487 1953 1525 2009 ut
1547 1965 1612 2010 non
1634 1944 1745 2010 statim
1768 1944 1950 2029 resipuerit,
1973 1945 2031 2009 sed
2052 1963 2140 2011 nova
2161 1943 2280 2009 delicta
2301 1941 2383 2008 addi·

391 2030 426 2094 iu
459 2029 557 2095 ocutis
588 2030 670 2110 tuis,
701 2027 860 2115 (oupertus
891 2049 963 2095 sum
988 2032 1069 2114 quod
1102 2030 1257 2097 benedixit
1286 2031 1365 2096 mibi
1416 2029 1501 2094 derit
1520 2029 1693 2113 prioribus.
1734 2031 1847 2095 Primo
1870 2037 1979 2095 autem
2002 2027 2043 2095 de
2064 2029 2191 2096 Rachel
2213 2025 2383 2095 dicendum

392 2114 507 2181 Iebvvu
521 2120 652 2197 propter
672 2112 721 2201 te).
766 2114 818 2181 28.
841 2115 938 2182 Dicit
958 2136 1042 2200 erpo:
1064 2113 1178 2182 Iadica
1198 2117 1365 2183 mercedem
1415 2123 1480 2182 eet:
1505 2114 1594 2196 Quia
1615 2115 1735 2182 sororis
1752 2123 1941 2198 contemptu
1958 2121 1992 2181 et
2009 2114 2118 2181 dolore
2140 2115 2298 2180 exsultat:
2322 2114 2383 2178 Do·

391 2206 478 2266 tuam
499 2199 592 2280 mibi,
615 2206 642 2266 et
663 2201 748 2266 dabo.
793 2202 844 2267 29.
868 2200 912 2266 Et
931 2202 1015 2267 dicit
1036 2203 1079 2268 od
1100 2222 1188 2268 eum:
1212 2203 1263 2268 Tu
1284 2203 1365 2267 nosti
1415 2201 1525 2267 minus
1547 2200 1631 2266 hano
1651 2221 1787 2284 pravam
1809 2201 1966 2266 laetitiam
1988 2201 2170 2284 compesuit,
2192 2199 2384 2265 benedietio·

392 2286 526 2369 qualiter
553 2287 718 2352 servierim
739 2285 810 2363 tibi,
844 2291 872 2351 et
892 2287 982 2370 quote
1000 2287 1064 2369 tuit
1079 2307 1177 2370 murs
1196 2292 1285 2353 tuum
1305 2307 1365 2353 me·
1416 2308 1491 2352 nem
1514 2306 1606 2352 suam
1628 2288 1664 2351 in
1687 2287 1790 2352 iream
1811 2286 1990 2368 inclinans,
2015 2295 2053 2352 ut
2074 2286 2221 2370 aequalis
2243 2287 2288 2350 sit
2308 2285 2385 2350 utri-

393 2390 478 2438 uum:
529 2371 580 2437 30.
616 2371 699 2454 Quia
724 2371 883 2453 pauidum
913 2373 994 2454 quod
1023 2373 1088 2457 suit
1118 2373 1174 2438 tibi
1206 2379 1277 2438 aute
1308 2393 1364 2453 me,
1416 2393 1519 2456 usque
1541 2371 1692 2438 venditio.
1730 2372 1836 2437 Audit
1853 2372 1976 2438 olnram
1998 2374 2118 2438 sororis
2140 2371 2384 2438 contessionem:

394 2457 488 2524 erevit
509 2459 545 2522 iu
572 2457 816 2536 multitudim
846 2462 874 2522 et
893 2457 1049 2524 benedixit
1066 2455 1224 2526 Dommus
1244 2459 1301 2524 tibi
1321 2459 1366 2524 ud
1416 2467 1449 2524 et
1466 2466 1606 2541 quatuor
1623 2457 1767 2522 filiorum
1786 2458 1976 2524 nominibus
1994 2467 2155 2536 monetur,
2174 2456 2284 2522 Deum
2302 2455 2387 2520 illius

393 2545 579 2627 ingressum
600 2543 697 2624 pedis
717 2545 795 2608 mei:
825 2548 955 2608 etumrc
976 2545 1102 2627 quaudo
1127 2545 1248 2627 facium
1269 2545 1365 2610 etiam
1416 2543 1587 2610 misertum
1610 2564 1696 2622 osse,
1727 2550 1764 2608 ut
1790 2545 1897 2628 gratia
1918 2564 1978 2609 sua
1999 2543 2203 2622 sublevaret,
2236 2563 2321 2628 quae
2340 2543 2385 2606 in·

393 2649 446 2714 epo
466 2629 572 2694 domui
591 2627 702 2694 ruem?
740 2628 791 2695 31.
815 2628 858 2693 Et
879 2629 977 2695 dicit:
1002 2629 1084 2711 Quid
1105 2630 1184 2696 dubo
1199 2630 1280 2694 tibi?
1302 2629 1364 2695 Re·
1417 2628 1517 2728 digne
1539 2629 1581 2695 ab
1610 2629 1798 2695 bominibus
1827 2627 1978 2712 despecta
1998 2637 2078 2695 erat.
2119 2629 2257 2694 *Invidia
2282 2637 2387 2693 tamen

393 2713 517 2796 spmcdit
533 2713 688 2780 Iabooob:
711 2714 783 2780 Nou
799 2715 890 2780 dubis
906 2715 986 2781 mibi
1001 2715 1181 2798 quidquam,
1204 2717 1234 2781 si
1253 2716 1365 2798 seceris
1416 2721 1532 2794 uritur,
1554 2735 1616 2780 neu
1632 2713 1719 2780 serre
1735 2720 1844 2799 potest
1865 2713 2044 2799 quidquam
2060 2716 2096 2781 in
2114 2735 2152 2780 ea
2170 2735 2241 2780 esee
2258 2713 2389 2781 uxoriae
2479 2789 2480 2794 ἵ

392 2799 472 2865 mibi
493 2799 563 2878 boc,
593 2803 741 2877 revertar,
768 2819 914 2883 pascum,
935 2802 1071 2883 pecudes
1091 2807 1164 2866 tuas
1184 2801 1363 2868 custodium.
1418 2800 1597 2885 dignitatis.
1630 2800 1790 2866 Videmus
1801 2799 1884 2884 'quid
1902 2800 2002 2866 iaciat
2019 2801 2161 2867 ambitio.
2195 2801 2287 2866 Dum
2304 2800 2388 2864 enim

393 2885 444 2951 32.
467 2886 620 2951 Trumeibo
631 2905 694 2968 per
710 2906 815 2952 mures
827 2887 961 2968 pecudes
977 2891 1051 2954 tuas
1068 2885 1164 2966 bodie,
1187 2887 1365 2952 ruuoveudo
1418 2885 1577 2952 excellere
1607 2888 1732 2969 appetit
1753 2884 1894 2964 Rachel,
1928 2907 1969 2952 ne
1990 2887 2095 2953 sorori
2116 2885 2251 2969 quidem
2272 2884 2388 2970 parcit:

393 2972 467 3038 iude
483 2992 570 3038 omuc
585 2991 683 3053 pecus
698 2991 836 3054 parvum
851 2973 980 3062 puuvtis
994 2974 1112 3054 parvis
1131 2991 1315 3054 vespam,
1337 2976 1366 3038 ct
1417 2991 1455 3036 ac
1476 2991 1593 3056 parum
1622 2972 1714 3038 abest
1742 2971 1822 3056 quin
1851 2970 2053 3039 iracundiam
2080 2991 2174 3039 suam
2203 2979 2337 3037 evomat
2356 2969 2390 3034 in
2479 2975 2480 3016 t

392 3067 570 3138 respersum
597 3057 732 3122 maculis
753 3057 841 3123 betia
869 3064 897 3122 et
918 3078 1037 3124 omuem
1064 3079 1180 3143 cpuum
1200 3059 1311 3141 rusum
1331 3058 1385 3138 iux
1417 3058 1535 3136 Deum,
1558 3057 1635 3142 quia
1651 3057 1881 3124 foecunditatis
1899 3055 1989 3124 dono
1997 3074 2072 3124 eam
2093 3057 2234 3124 ornavit.
2268 3057 2391 3121 demu-

393 3143 509 3241 ovibus,
527 3147 741 3241 etrespereiem
751 3143 883 3243 maculis
901 3143 984 3222 totis,
1003 3149 1033 3210 et
1048 3164 1226 3228 respersum
1239 3144 1367 3227 punctis
1416 3142 1497 3208 latio
1514 3142 1603 3209 enim
1616 3164 1686 3208 non
1703 3165 1744 3208 ex
1760 3143 1986 3243 iniuriisnota
2007 3153 2073 3210 est:
2095 3143 2153 3210 sed
2175 3144 2260 3244 quia·
2275 3144 2390 3241 socium

391 3233 1102 3382 tttttttttutttttttbb.
1118 3229 1237 3400 Ἠ
1252 3227 1369 3382 biviis
1418 3229 2088 3398 itt.“tttfrtstttttttttt
2101 3237 2324 3398 ,tutto
2337 3247 2393 3376 tt

395 3400 439 3465 ud
471 3399 639 3465 muvcdem
669 3419 770 3466 meam
808 3419 912 3466 eorum
948 3406 991 3466 te:
1029 3403 1185 3484 quidquid
1216 3421 1278 3467 uou
1308 3401 1389 3472 erit,
1418 3411 1505 3466 sorte
1522 3409 1693 3467 contentae
1710 3399 1861 3466 invidet?
1884 3400 1989 3466 Porro
1998 3401 2119 3467 *Moses
2130 3399 2228 3466 -huno
2244 3398 2395 3466 morbum

390 3485 518 3569 punctis
533 3487 649 3567 parvis
669 3493 862 3567 respersum,
892 3492 921 3551 et
944 3487 1077 3554 mucidis
1097 3488 1173 3554 tatis
1193 3505 1369 3570 respersum
1418 3487 1453 3552 in
1481 3485 1627 3552 Raehele
1655 3485 1848 3566 ostendens,
1884 3485 2036 3552 omnibns
2064 3486 2210 3552 infixum
2235 3507 2313 3552 esse
2343 3481 2395 3548 ad·

395 3572 430 3638 iu
450 3572 571 3652 mpris,
601 3577 630 3637 et
650 3571 760 3654 mufum
781 3573 816 3639 iu
844 3571 965 3651 ovibus,
992 3573 1078 3655 furto
1108 3572 1245 3639 abbatum
1267 3573 1327 3638 erit
1347 3593 1369 3637 a
1419 3580 1547 3650 monet,
1581 3581 1618 3638 ut
1646 3571 1784 3656 quisque
1813 3579 1961 3638 nostrum
1985 3571 2108 3638 evulsis
2130 3572 2201 3638 eius
2223 3570 2398 3646 radicibus,

395 3677 451 3723 me.
484 3655 537 3723 34.
559 3656 648 3723 Turta
665 3657 748 3723 dicit
762 3655 887 3724 Lubuu:
907 3657 987 3724 Ecce
1003 3659 1126 3724 utimum
1142 3659 1186 3724 eit
1202 3657 1370 3724 secuudum
1419 3655 1461 3723 ad
1483 3679 1519 3723 se
1540 3657 1748 3742 purgandum
1777 3657 1940 3742 invigilet.
1985 3657 2032 3724 Ut
2060 3664 2172 3723 autem
2205 3657 2398 3723 medeamur

394 3742 521 3810 verbum
545 3747 642 3808 urum.
687 3743 738 3808 35.
764 3744 906 3810 Ruuovit
933 3745 1041 3826 itaque
1060 3745 1096 3809 iu
1117 3745 1169 3810 die
1188 3744 1246 3810 itia
1268 3744 1371 3811 uuas
1419 3741 1579 3820 invidiae,
1613 3743 1801 3827 superbiam
1833 3743 2008 3820 facessere,
2042 3763 2080 3809 ao
2113 3744 2220 3809 nostri
2253 3760 2400 3808 amorem

395 3831 532 3894 minores
548 3829 734 3914 supparos,
752 3835 780 3894 et
796 3829 929 3894 mocutis
946 3829 1021 3895 lutis
1038 3849 1203 3910 respersos,
1222 3834 1250 3895 et
1265 3849 1370 3894 omum
1420 3837 1560 3912 oportet:
1603 3829 1700 3894 sicuti
1734 3828 1858 3894 Paulus
1890 3829 1952 3895 hoo
1992 3849 2096 3894 unum
2135 3826 2400 3895 contentionibus
2478 3861 2479 3922 ί

395 3933 510 3996 coprus
531 3915 661 3996 punctis
681 3917 797 3996 porois
816 3935 994 3997 respersus,
1026 3913 1206 3982 dmacubis
1227 3915 1301 3982 batis
1321 3935 1370 3980 re·
1420 3912 1600 3980 remedium
1622 3914 1831 3998 praeseribit,
1857 3935 1900 3981 ne
1921 3912 2000 3999 quid
2017 3935 2082 3998 per
2102 3914 2237 3980 inanem
2259 3914 2399 3999 gloriam
2478 3924 2479 3953 ¹

396 4019 538 4084 meus,
561 4021 648 4066 omue
669 4000 704 4064 iu
725 4021 785 4084 quo
807 4006 874 4065 erat
894 4000 1026 4081 candor,
1050 4006 1078 4067 et
1098 4021 1184 4066 omuc
1204 4000 1314 4084 rufum
1334 4001 1370 4066 iu
1420 4001 1479 4068 fiat
1500 3997 1633 4152 &Philip
1655 4000 1685 4076 2,
1709 3998 1751 4087 3).

397 4085 519 4164 ovibus,
550 4086 682 4152 etdodit
702 4087 736 4150 iu
765 4105 878 4150 marrus
902 4086 1043 4168 libiorum
1070 4106 1208 4152 errorum
1252 4086 1304 4151 36.
1327 4085 1371 4150 Et
1530 4085 1605 4152 ‚Et
1623 4089 1728 4152 iratus
1747 4091 1792 4152 est
1810 4085 1903 4169 furor
1925 4084 2070 4151 Iateacob.
2115 4084 2258 4169 Impedit
2277 4082 2402 4149 amoris

390 4173 501 4255 posuit
528 4173 614 4236 viam
640 4173 738 4236 trium
765 4172 888 4237 dierum
915 4173 996 4237 iuter
1015 4191 1048 4237 se
1069 4177 1097 4237 et
1118 4173 1199 4238 iuter
1220 4171 1372 4237 Iabacob:
1421 4173 1575 4239 mollities
1596 4193 1638 4237 ne
1659 4191 1796 4237 uxorem
1826 4171 1972 4238 offendat
1992 4170 2107 4237 Iaoob:
2137 4172 2187 4236 rei
2215 4180 2333 4236 tamen
2355 4170 2403 4234 in·

397 4255 584 4322 etIabacob
596 4257 743 4340 pascebat
757 4258 892 4339 pecudes
903 4257 1013 4322 Labou
1034 4258 1190 4324 residuos.
1229 4257 1286 4323 37:
1305 4257 1370 4323 Tu·
1422 4256 1565 4344 dignitas
1586 4255 1721 4322 tandem
1743 4278 1819 4322 eum
1841 4257 1946 4342 cogit,
1972 4277 2073 4340 quum
2096 4255 2190 4322 videt
2211 4277 2286 4322 eam
2311 4261 2402 4340 potu·

398 4341 435 4407 bit
457 4348 561 4408 amau
588 4342 649 4408 sibi
671 4341 808 4410 Iabacob
835 4343 958 4426 oirpum
982 4343 1146 4425 populeum
1171 4343 1371 4422 viridem,ct
1421 4343 1529 4409 ianter
1557 4344 1742 4426 insurgere,
1774 4363 1839 4408 non
1868 4343 2021 4409 modain
2050 4362 2212 4424 sororem,
2241 4363 2334 4427 quae
2356 4341 2404 4424 pie

398 4428 643 4513 umppdotiuum,
666 4434 695 4494 et
713 4433 900 4510 oastoueam,
922 4434 950 4494 et
970 4429 1165 4496 demrticavit
1185 4430 1220 4495 iu
1241 4430 1287 4494 eie
1309 4449 1372 4494 cor·
1421 4438 1598 4512 sancteque
1631 4447 1705 4494 cum
1733 4430 1915 4513 gratiarum
1945 4427 2072 4494 actione
2094 4429 2158 4493 Dei
2189 4428 2287 4493 donis
2319 4427 2404 4492 true·

398 4515 472 4580 tices
493 4515 593 4594 albos,
621 4514 856 4580 deuudutiouem
877 4515 1023 4581 candoris
1043 4517 1098 4597 qui
1120 4520 1187 4580 erat
1207 4516 1242 4580 iu
1262 4515 1371 4598 virgis.
1422 4515 1533 4582 batur:
1555 4512 1665 4580 sedin
1677 4515 1785 4579 Deum
1806 4515 2041 4598 ipsum,·auius
2062 4533 2188 4580 meroes
2206 4522 2257 4580 est
2275 4514 2407 4579 fructus

399 4600 450 4665 38.
474 4598 519 4664 Et
539 4601 648 4665 statuit
668 4600 777 4684 virgus
797 4619 878 4681 quos
898 4601 1102 4679 dumisovit,
1124 4601 1159 4666 iu
1178 4601 1312 4681 fluentis,
1336 4601 1371 4665 iu
1422 4599 1565 4682 ventris,
1599 4609 1637 4664 ut
1663 4600 1803 4665 habetur
1824 4599 1911 4666 Psoi.
1943 4600 2020 4678 127,
2051 4599 2080 4665 3.
2126 4600 2217 4683 Ergo
2245 4599 2405 4665 irascitur

397 4685 561 4751 conatibus
596 4705 752 4768 aquarum
783 4683 839 4771 (ad
855 4705 947 4768 'quos
978 4687 1138 4753 ueniebant
1162 4687 1298 4768 pecudes
1329 4685 1372 4751 od
1421 4684 1519 4752 Iacob
1541 4685 1626 4769 quod
1648 4706 1733 4751 uxor
1754 4685 1838 4750 nihil
1860 4686 1983 4752 tribunt
2003 4684 2069 4750 Dei
2090 4684 2344 4768 providentiae,
2371 4703 2405 4749 ac
2477 4697 2478 4720 *

398 4770 563 4836 brumam
595 4772 750 4855 erepiouc
766 4771 930 4854 peccudum,
952 4776 987 4836 ut
1007 4773 1122 4838 scirem
1139 4772 1214 4838 dum
1235 4772 1373 4838 veuireut
1422 4771 1541 4838 liberos
1564 4771 1697 4837 fortuito
1726 4770 1817 4838 nasei
1845 4772 1990 4856 fingens,
2019 4769 2069 4835 illi
2099 4771 2230 4855 generis
2260 4768 2406 4836 humani

398 4857 442 4923 ad
464 4855 529 4921 bibe
574 4876 635 4922 um.
681 4857 732 4922 39.
756 4857 801 4922 Et
826 4857 947 4924 obibam
972 4858 1108 4938 pecudes
1127 4878 1226 4940 prope
1254 4857 1371 4941 cupas,
1422 4878 1535 4924 euram
1558 4878 1595 4923 ao
1617 4857 1888 4942 gubernationem
1910 4857 2037 4940 eripiat.
2078 4855 2182 4922 Forte
2204 4857 2273 4922 iam
2303 4855 2408 4922 tristis

398 4941 612 5023 etpuriebuut
626 4943 760 5024 pecudes
776 4943 883 5008 foetus
900 4942 990 5008 tiueis
1011 4943 1178 5022 distinctos,
1201 4942 1374 5023 etpuoctis
1422 4951 1494 5010 erat
1514 4942 1611 5009 Iaoob
1634 4941 1674 5008 ob
1696 4943 1808 5008 uxoris
1830 4941 2047 5009 sterilitatem.
2084 4942 2183 5008 Nuno
2204 4963 2288 5026 ergo
2313 4961 2408 5010 vero·

393 5029 509 5110 porois
537 5047 709 5109 vesperem,
740 5028 924 5094 ctmaautis
945 5028 1019 5093 tatis
1040 5047 1206 5108 respersos.
1251 5028 1303 5094 40.
1327 5027 1372 5093 Et
1422 5039 1477 5095 tur
1505 5049 1547 5094 ne
1574 5029 1679 5112 ipsius
1707 5028 1849 5094 stultitia
1870 5029 1979 5095 Deum
2008 5028 2114 5114 magis
2142 5037 2339 5112 exasperet,
2374 5034 2408 5091 nt

399 5133 468 5178 oves
488 5115 650 5196 separavit
670 5113 820 5193 Iubucob,
849 5118 878 5178 et
898 5115 1009 5196 posuit
1032 5114 1132 5196 facim
1151 5115 1307 5195 pauidum
1329 5112 1373 5179 ad
1422 5114 1608 5181 durioribus
1637 5114 1777 5198 flagellis
1804 5121 1924 5181 utatur.
1968 5113 2063 5180 Haeo
2092 5122 2207 5180 sancta
2227 5113 2300 5179 tuit
2323 5111 2404 5179 indi·

398 5198 505 5264 foetus
534 5198 627 5264 iiueis
656 5199 829 5265 duanam:
856 5203 883 5263 et
904 5219 991 5263 omue
1019 5200 1127 5282 rutum
1148 5201 1184 5264 iu
1199 5199 1372 5281 pecudibus
1421 5201 1543 5286 gnatio,
1565 5219 1666 5284 quum
1684 5199 1755 5265 Deo
1772 5199 1954 5286 legitimum
1972 5201 2130 5266 honorem
2149 5209 2281 5266 mearat
2300 5199 2407 5274 Iacob,

400 5291 471 5348 erat
494 5282 622 5348 Lubau:
655 5290 683 5348 ct
709 5286 819 5365 posuit
850 5283 913 5349 sibi
938 5304 1044 5368 prepes
1072 5305 1225 5364 moreau,
1255 5290 1283 5350 et
1310 5305 1371 5352 uvu
1422 5298 1456 5352 et
1476 5306 1613 5352 uxorem
1634 5285 1806 5371 easuguns,
1830 5285 1983 5352 admonet
2004 5306 2111 5370 neque
2132 5292 2269 5364 temere,
2299 5305 2411 5371 neque
