5000 6208
387 386 453 455 359
1045 388 1416 459 COMMENTARIUS
1438 389 1488 456 IN
1511 388 1724 490 GENESIN.
2317 391 2374 457 360

436 574 506 659 sb.
528 574 580 640 Eo
600 576 685 658 quod
704 575 869 644 obediverit
889 577 1064 645 Ahalam.
1108 579 1181 645 Non
1204 578 1362 664 intelligit
1412 578 1462 643 bis
1484 577 1637 644 Abrahae
1658 577 1852 662 contigerat,
1885 576 1943 644 scd
1964 576 2120 644 excitavit
2139 597 2251 662 regem
2273 579 2372 662 prolu-

386 657 496 727 Moses
518 660 672 727 Abrahae
698 661 915 729 obedientiam
949 663 1050 731 fuisse
1081 686 1215 732 causam
1244 685 1302 731 our
1331 665 1361 730 ei
1411 683 1508 741 nnm,
1536 663 1592 747 qui
1621 663 1793 729 stultitiam
1806 663 1890 730 'eius
1919 661 2045 746 placide
2073 673 2107 728 et
2134 663 2206 728 sine
2232 662 2373 729 molestia

385 745 482 811 firma
500 753 636 830 rataque
653 747 752 812 fuerit
770 748 835 814 Dei
853 749 1041 832 promissio:
1063 749 1120 816 scd
1138 771 1236 834 supra
1254 751 1362 836 capite
1411 749 1599 833 corrigeret.
1644 749 1817 816 Caeterum
1840 748 1988 832 quamvis
2009 748 2074 813 tale
2096 767 2173 814 suae
2197 747 2372 832 benignita·

387 830 439 896 22.
457 852 488 897 v.
510 833 560 899 18.
579 832 636 897 ubi
658 831 798 900 similem
821 835 927 900 locum
949 836 1133 914 habuimus,
1156 836 1278 903 dictum
1299 837 1362 901 fuit
1411 834 1456 900 tis
1477 834 1664 918 exemplum
1686 846 1848 920 proponat
1871 832 1971 913 Deus,
1994 843 2031 899 ιιι
2051 833 2179 912 fideles,
2201 835 2229 900 si
2251 834 2374 918 quando

389 916 473 1000 quod
496 919 600 1002 gratis
621 919 771 987 fidelibus
792 919 933 1005 largitur
954 922 1062 1000 Deus,
1092 921 1258 988 interdum
1281 923 1361 1006 ipsis
1412 919 1443 984 la
1483 921 1494 984 i
1517 921 1647 999 fuerint,
1670 922 1731 987 sibi
1753 921 1944 987 clementem
1964 927 1997 984 et
2018 920 2197 1003 propitium
2218 918 2290 987 fore
2308 940 2374 984 con·

385 1010 516 1086 praeter
537 1005 689 1071 meritum
713 1005 867 1085 adscribi,
888 1017 926 1071 ut
947 1029 1043 1073 suum
1066 1008 1211 1074 studium
1232 1006 1363 1092 probari
1412 1007 1435 1071 fi
1458 1015 1530 1070 ant:
1547 1007 1710 1074 'securitas
1732 1015 1842 1072 tamen
1869 1005 2016 1074 cavenda
2037 1012 2103 1086 est,
2131 1004 2262 1088 quando
2290 1005 2373 1072 vide·

386 1087 529 1154 Domino
552 1091 708 1170 scientes,
731 1113 766 1157 se
787 1099 873 1158 totos
895 1091 1063 1158 ardentius
1085 1095 1120 1158 in
1143 1095 1214 1159 eius
1236 1093 1359 1160 cultum
1412 1113 1486 1158 mus
1514 1093 1673 1177 singulari
1695 1092 1868 1177 privilegio
1890 1099 2074 1175 exemptam
2098 1110 2118 1155 a
2139 1089 2257 1174 probro
2280 1090 2376 1156 fuisse

385 1171 539 1240 addicant
572 1185 605 1240 ιι
638 1175 840 1260 impendant.
894 1179 948 1244 Ita
979 1200 1068 1244 nnnc
1100 1179 1252 1246 Abrahae
1284 1177 1360 1245 obe-
1411 1185 1560 1244 sanctam
1587 1179 1772 1256 mulierem,
1800 1198 1883 1261 quae
1910 1186 1989 1243 tnnc
2010 1177 2108 1244 unica
2134 1177 2289 1244 ecclesiae
2311 1185 2374 1242 erat

385 1256 542 1325 dientiam
566 1261 781 1343 commendat,
803 1274 841 1328 ιιι
858 1262 900 1328 ad
919 1264 989 1330 eius
1005 1265 1221 1330 imitationem
1244 1266 1359 1331 stimu-
1410 1263 1445 1328 in
1469 1265 1567 1330 terris
1596 1272 1710 1330 mater.
1754 1263 1887 1330 Interea
1914 1263 2074 1330 coniicsre
2100 1261 2177 1328 licet
2197 1283 2238 1327 ex
2261 1259 2374 1329 iudicio

385 1344 473 1410 latur
493 1344 595 1412 Isaeo.
635 1349 781 1414 'I'ametsi
803 1357 913 1415 autem
935 1350 1081 1416 nondum
1104 1358 1198 1417 erant
1219 1351 1360 1435 scriptae
1411 1348 1619 1430 Abimelech,
1649 1349 1746 1433 qiram
1773 1359 1885 1416 sancte
1906 1355 1939 1414 et
1966 1348 2082 1433 pudice
2108 1356 2259 1414 versatus
2283 1348 2375 1414 fuerit

385 1429 491 1515 leges,
514 1439 647 1510 statuta,
675 1434 773 1515 ritus,
796 1443 970 1518 praecepta
991 1443 1026 1501 et
1047 1436 1284 1503 caeremoniae:
1307 1436 1359 1503 his
1410 1435 1519 1514 Isaac,
1542 1435 1578 1500 in
1600 1456 1698 1519 quam
1720 1434 1853 1501 sinistra
1874 1433 2014 1517 suspicio
2035 1433 2150 1500 cadere
2171 1454 2238 1499 non
2260 1434 2375 1518 potuit:

384 1524 496 1581 tamur
527 1518 658 1584 vocibus
687 1539 766 1586 ιιιιιι
788 1528 839 1586 ιιι
861 1522 985 1600 Μοιιι,
1014 1542 1077 1605 quo
1104 1521 1222 1589 melius
1249 1523 1358 1606 expri·
1410 1519 1527 1586 deinde
1548 1531 1672 1604 quanto
1693 1521 1798 1587 maior
1818 1529 1898 1586 tunc
1920 1519 2061 1604 viguerit
2085 1519 2259 1604 integritas
2282 1540 2375 1604 quam

385 1613 490 1668 meret
512 1624 609 1686 qnam
632 1603 743 1671 sedulo
767 1607 868 1672 vitam
891 1627 984 1673 suam
1011 1609 1230 1691 composuerit
1251 1608 1358 1674 Abra·
1409 1615 1521 1673 nostro
1542 1606 1679 1673 saeculo.
1724 1605 1793 1672 Our
1814 1606 1901 1672 enim
1928 1627 1993 1672 non
2023 1604 2157 1670 damnat
2177 1605 2272 1671 Isaac
2295 1626 2375 1671 scor·

384 1685 462 1753 ham
485 1687 524 1754 ad
549 1689 646 1757 unius
668 1691 732 1756 Dei
753 1692 941 1758 arbitrium:
971 1714 1069 1776 quam
1091 1694 1233 1760 studiose
1259 1695 1358 1761 absti-
1411 1692 1566 1759 tationis?
1589 1714 1666 1759 nam
1688 1691 1855 1778 probabile
1877 1692 1954 1770 erit,
1985 1690 2108 1774 aliquid
2129 1691 2244 1775 flagitii
2267 1690 2377 1770 latere,

383 1774 494 1839 nuerit
516 1775 556 1840 ab
578 1775 727 1842 omnibus
748 1778 897 1861 gentium
918 1779 1184 1862 inquinamentis,
1206 1789 1358 1864 atquem
1410 1799 1510 1862 quum
1528 1780 1647 1845 sororis
1666 1798 1782 1844 nomen
1806 1784 1914 1844 astute
1936 1775 2125 1854 obtendens,
2148 1797 2288 1842 uxorem
2310 1797 2375 1843 essa

381 1867 500 1926 exacte
521 1863 663 1927 tenuent
683 1871 810 1930 rectum
828 1864 957 1948 pietatis
978 1884 1122 1944 cursum,
1145 1887 1186 1932 ne
1209 1864 1357 1931 deflecte·
1408 1865 1507 1930 tacite
1531 1872 1674 1949 negaret.
1718 1865 1792 1949 Ego
1820 1863 1922 1948 igitur
1944 1883 2008 1928 non
2031 1861 2142 1927 dubito
2164 1863 2242 1945 quin
2266 1862 2377 1947 religio

385 1954 437 2010 ret
464 1944 505 2011 ad
537 1945 706 2012 dexteram
735 1949 789 2014 vel
821 1949 999 2016 sinistram.
1043 1950 1129 2017 Nam
1158 1951 1211 2018 his
1243 1951 1358 2035 elogiis
1407 1950 1560 2035 vitaeque
1589 1951 1744 2016 honestas
1764 1947 1806 2015 ad
1833 1948 1988 2015 tuendam
2010 1949 2079 2014 eius
2105 1948 2376 2014 existimationem

383 2030 490 2116 legem
523 2052 617 2098 suam
650 2053 746 2117 saepo
779 2032 941 2102 Dominus
977 2029 1119 2102 cc'lebrat
1158 2036 1357 2103 cohibendae
1407 2037 1575 2119 profuerit.
1612 2036 1686 2117 Quo
1708 2035 1858 2118 exemplo
1880 2033 2035 2100 docemur
2051 2033 2098 2099 sic
2116 2033 2289 2099 colendam
2311 2055 2377 2101 esse

383 2115 537 2184 lasciviae
560 2125 691 2184 nostrae
712 2139 823 2185 causa:
847 2143 884 2187 ac
907 2121 935 2187 si
959 2120 1097 2203 diceret,
1120 2121 1203 2188 nihil
1226 2121 1291 2189 illic
1315 2121 1356 2187 ad
1407 2123 1566 2188 iustitiam
1588 2129 1656 2187 tota
1676 2121 1760 2202 vita,
1788 2141 1830 2187 ne
1851 2119 1930 2205 quid
1952 2119 1993 2184 de
2014 2118 2107 2185 nohis
2129 2120 2307 2186 scelestum
2328 2119 2377 2185 vel

383 2201 560 2285 perfectam
602 2204 749 2288 regulam
787 2204 915 2272 deesse:
955 2206 1013 2274 sed
1045 2228 1158 2274 omnes
1190 2208 1356 2274 absolutae
1407 2215 1504 2291 turpe
1536 2206 1694 2290 suspicari
1725 2206 1854 2291 possint
1884 2205 2051 2271 homines:
2090 2203 2176 2270 nihil
2208 2207 2300 2270 enim
2332 2215 2379 2272 ιιι

382 2288 566 2355 sanctitatis
588 2311 741 2356 numeros
763 2311 836 2356 eam
857 2291 1036 2375 complecti.
1075 2293 1201 2361 Sensus
1223 2303 1273 2360 ιιι
1295 2295 1355 2378 igi·
1406 2292 1491 2376 quod
1514 2293 1630 2358 melius
1651 2292 1692 2358 ab
1713 2292 1804 2358 omni
1832 2291 1988 2358 infamiae
2009 2299 2087 2356 nota
2108 2290 2254 2358 vindicet
2283 2311 2378 2374 quam

382 2383 453 2452 tur,
476 2373 645 2440 Abraham
669 2376 737 2441 vita
763 2397 822 2442 sua
849 2378 980 2462 ponitus
1001 2379 1042 2444 ad
1064 2378 1127 2445 Dei
1149 2388 1267 2445 nutum
1290 2380 1354 2444 for·
1405 2381 1476 2446 vita
1493 2378 1609 2464 pudice
1631 2391 1663 2444 ct
1685 2385 1908 2464 temperanter
1931 2389 2011 2443 acta.
2047 2375 2246 2444 addendum
2269 2385 2379 2442 tamen

383 2467 481 2535 mata,
507 2461 541 2525 iu
564 2482 646 2545 puro
668 2464 738 2528 eius
760 2462 850 2528 cultu
872 2463 1064 2530 ambulasse.
1407 2474 1458 2530 est
1479 2464 1561 2531 illud
1582 2485 1709 2550 quoque
1730 2463 1816 2547 quod
1839 2463 1999 2546 posterius
2022 2461 2127 2547 attigi,
2150 2481 2216 2526 non
2237 2462 2284 2527 ita
2307 2463 2378 2526 aul-

470 2545 499 2610 7.
532 2545 579 2612 Ει
608 2548 873 2632 interrogaverunt
904 2551 969 2615 ciri
1002 2549 1059 2616 loci
1091 2550 1189 2618 dlicta.
1239 2551 1355 2616 Refert
1449 2559 1499 2616 ιιι
1528 2560 1561 2616 ιι
1588 2552 1737 2633 profusas
1764 2549 1821 2614 illo
1851 2557 1916 2614 tem
1960 2570 1996 2614 re
2016 2548 2116 2614 fuisse
2143 2546 2316 2626 libidines,
2344 2557 2379 2612 ut

381 2628 502 2710 Moses,
520 2631 619 2696 simili
641 2633 738 2699 modo
760 2654 823 2716 quo
844 2645 969 2718 patrem
989 2635 1168 2715 Abraham,
1190 2644 1356 2702 tentatum
1407 2570 1448 2701 db
1473 2636 1601 2719 hospite
1627 2657 1693 2701 nou
1719 2634 1868 2720 improbo
1900 2634 2029 2717 oliquc
2058 2633 2199 2717 suspicio
2232 2636 2380 2700 animum

381 2715 483 2782 fuisse
504 2715 597 2783 Isaac
619 2719 653 2782 in
676 2720 788 2784 uxoris
811 2728 914 2803 raptu.
954 2721 1024 2788 Neo
1046 2720 1182 2787 dubium
1204 2734 1253 2788 cst
1296 2722 1353 2787 uin
1407 2721 1493 2805 regis
1510 2721 1643 2788 subiret.
1678 2719 1791 2803 Quare
1803 2719 1865 2786 sibi
1883 2719 1978 2786 facile
2037 2719 2179 2799 rsuadet,
2197 2719 2379 2786 Rebeccam

381 2822 440 2884 per
465 2801 555 2868 illius
583 2804 724 2889 vestigia
746 2803 906 2872 deductus
931 2806 1046 2886 fuerit,
1077 2821 1115 2873 ut
1141 2743 1355 2874 similitudine
1407 2829 1543 2874 uxorem
1571 2827 1657 2888 esse,
1685 2828 1751 2872 non
1781 2813 1934 2872 scortum.
2005 2803 2067 2870 nde
2096 2805 2192 2870 etiam
2224 2804 2381 2887 probatur

381 2888 453 2970 ipsa
482 2888 685 2970 admonitus,
718 2911 754 2956 se
787 2893 912 2964 socium
944 2891 1137 2977 adiungeret
1169 2893 1240 2960 eius
1267 2892 1352 2960 fidei.
1407 2894 1529 2960 saeculi
1550 2891 1638 2958 illius
1659 2893 1809 2969 castitas,
1832 2889 1916 2974 quod
1939 2891 2131 2956 familiarem
2155 2890 2261 2956 lusum
2284 2890 2380 2956 Isaac

382 2971 578 3056 Quanquam
602 2975 664 3041 hac
681 2977 716 3041 in
738 2984 832 3060 parte
850 2978 967 3044 vidum
989 2981 1092 3062 patris
1112 2979 1224 3063 lugere
1245 2979 1354 3064 potius
1406 2999 1480 3045 cum
1496 2978 1644 3045 Rebecca
1660 2998 1720 3062 pro
1737 2977 1880 3062 coniugii
1897 2976 2016 3044 indicio
2035 2976 2159 3061 accepit
2175 2973 2381 3042 Abimelech.

381 3057 519 3124 debebat
540 3081 637 3144 quam
658 3061 790 3129 imitari.
836 3062 904 3130 Nec
927 3065 1015 3129 enim
1043 3063 1177 3131 dubium
1200 3074 1252 3131 est
1272 3064 1352 3149 quin
1406 3063 1481 3130 Non
1503 3065 1590 3130 enim
1621 3063 1661 3130 de
1691 3063 1779 3131 coitu
1807 3061 1952 3147 loquitur
1973 3063 2099 3142 Moses,
2128 3061 2186 3130 sed
2209 3061 2249 3128 de
2270 3061 2382 3145 aliquo

381 3145 460 3210 satis
482 3157 616 3225 teneret,
639 3149 754 3214 matris
775 3148 964 3232 pudicitiam
987 3150 1036 3216 bis
1057 3151 1157 3216 fuisse
1175 3151 1210 3216 in
1233 3170 1353 3236 magno
1406 3149 1556 3217 liberiore
1588 3161 1700 3235 gestu,
1738 3149 1795 3234 qui
1826 3148 1881 3215 vel
1913 3147 2090 3215 dissolutae
2121 3148 2291 3226 lasciviae,
2328 3145 2383 3213 vel

381 3229 580 3298 discrimine:
606 3243 640 3298 et
660 3236 811 3318 quamvis
832 3235 1026 3302 mirabiliter
1043 3237 1107 3302 Dei
1126 3257 1224 3302 manu
1241 3244 1354 3320 erepta
1406 3235 1587 3320 coniugalis
1619 3235 1740 3302 amoris
1768 3235 1860 3301 testis
1888 3243 1984 3301 esset.
2034 3235 2132 3302 Nunc
2160 3255 2199 3300 eo
2232 3233 2384 3318 perrupit

380 3316 481 3397 foret,
506 3327 681 3403 utrumque
699 3327 809 3386 tamen
831 3341 910 3386 suae
932 3320 1131 3388 diffidentiae
1153 3341 1274 3405 poenas
1298 3321 1352 3388 de-
1404 3322 1538 3389 licentia
1564 3331 1602 3388 ut
1634 3321 1744 3386 mariti
1777 3320 1952 3387 dissolutos
1986 3341 2126 3387 uxorum
2156 3341 2231 3387 cum
2263 3319 2382 3386 alicnis

381 3400 476 3468 disse.
521 3402 618 3484 Quod
640 3426 717 3490 ergo
741 3427 827 3472 nunc
848 3407 942 3474 Isaac
964 3406 1005 3473 ad
1034 3406 1175 3474 eundem
1200 3407 1354 3493 impingit
1404 3407 1497 3474 lusus
1520 3407 1716 3475 acturam
1738 3414 1907 3492 cogantur.

380 3487 540 3571 lapidem,
570 3490 604 3554 in
627 3511 664 3556 eo
692 3492 841 3558 excusari
871 3513 936 3558 non
963 3502 1071 3576 potest
1099 3494 1169 3560 eius
1197 3492 1353 3560 socordia.
1491 3493 1542 3560 10.
1569 3493 1653 3576 Quid
1673 3493 1728 3560 hoc
1747 3492 1850 3575 fecisti
1870 3492 1982 3560 tobia?
2014 3491 2089 3558 Non
2108 3493 2247 3576 castigat
2262 3491 2383 3557 Domi·

380 3574 557 3659 Expressis
577 3575 707 3659 quidem
729 3578 839 3644 verbis
861 3599 997 3644 uxorem
1020 3599 1086 3645 non
1114 3580 1268 3664 abnegat:
1297 3579 1355 3645 sed
1404 3600 1469 3645 nus
1490 3580 1583 3646 Isaeo
1604 3577 1688 3646 sicut
1709 3587 1781 3644 erat
1801 3579 2014 3662 promeritus:
2045 3579 2126 3644 forte
2149 3579 2315 3663 quianon
2339 3578 2386 3641 ita

378 3659 415 3725 in
438 3679 476 3726 eo
497 3662 642 3744 primum
664 3661 846 3746 culpandus
868 3675 935 3743 est,
958 3663 1043 3748 quod
1065 3664 1246 3732 servandae
1268 3665 1354 3731 vitae
1406 3664 1447 3730 ad
1474 3664 1665 3750 patientiam
1698 3665 1879 3731 instructus
1906 3673 1977 3729 orat
2005 3674 2040 3730 ut
2067 3673 2176 3748 pater:
2211 3683 2314 3746 quare
2344 3682 2385 3728 ne

380 3764 494 3825 causa,
528 3746 569 3812 ad
597 3749 836 3814 simulationem
870 3750 1039 3818 mendacio
1072 3772 1139 3816 non
1172 3750 1354 3817 absimilem
1404 3751 1512 3835 ipsum
1534 3751 1700 3817 exanimet
1719 3751 1833 3816 uxoris
1854 3756 1984 3833 raptus,
2005 3749 2186 3817 clementer
2208 3750 2300 3816 Deus
2324 3769 2385 3812 ιιι-

380 3832 536 3916 eonfugit,
559 3831 676 3899 deiude
697 3833 782 3917 quod
805 3855 940 3900 uxorem
959 3857 978 3901 a
999 3836 1064 3902 lide
1085 3836 1227 3921 coniugii
1249 3837 1354 3903 absol·
1405 3837 1547 3903 tevertit.
1593 3835 1667 3919 Quo
1695 3845 1806 3902 tamen
1834 3836 1909 3920 plus
1939 3835 2156 3902 verecundiae
2185 3836 2301 3902 afferat
2332 3855 2383 3900 re·

381 3938 480 3998 vens,
512 3918 629 3988 alienis
650 3921 831 4003 prostituit:
863 3919 922 3986 sed
950 3924 1124 4004 praecipue
1154 3923 1282 4006 culpam
1305 3921 1356 4008 (ut
1405 3922 1594 4006 prehensio,
1624 3923 1819 4007 magistrum
1840 3929 1874 3987 et
1895 3941 2063 3992 censorem
2085 3920 2136 3986 illi
2158 3920 2300 3988 destinat
2325 3920 2386 3984 ho·

381 4000 464 4090 dixi)
482 4015 668 4089 exaggerat,
688 4005 776 4088 quod
794 4004 978 4072 domesticis
997 4008 1157 4091 exemplis
1173 4017 1356 4075 nonatten·
1406 4009 1528 4075 minem
1555 4008 1738 4090 profanum.
1788 4007 1883 4072 Adde
1914 4006 1999 4091 quod
2033 4027 2099 4072 non
2136 4015 2205 4072 tam
2241 4004 2387 4080 nocendi

382 4087 472 4168 dens,
495 4102 611 4175 sponte
627 4091 718 4156 illam
736 4091 772 4156 in
790 4092 997 4158 manifestum
1021 4093 1193 4160 discrimen
1217 4094 1354 4177 proiicit.
1406 4115 1504 4178 quam
1537 4092 1757 4177 exprobrandi
1789 4093 1897 4158 animo
1929 4093 1997 4158 eius
2031 4092 2208 4159 stultitiam
2230 4090 2386 4175 obiurgat

381 4173 480 4240 Unde
507 4185 643 4259 apparet
671 4185 794 4260 quanta
815 4179 857 4243 sit
885 4193 1021 4244 naturae
1049 4189 1181 4245 nostrae
1203 4179 1241 4244 ad
1270 4180 1355 4246 diffi·
1406 4179 1605 4246 Abimeleoh.
1648 4179 1723 4246 Hoc
1749 4200 1829 4244 vero
1856 4178 1986 4262 penitus
2014 4180 2161 4244 animum
2188 4178 2292 4245 sancti
2318 4177 2386 4242 viri

381 4259 528 4326 dentiam
549 4261 733 4345 propensio,
756 4273 791 4327 et
811 4264 1027 4346 quamfaoile
1048 4267 1145 4331 sitin
1167 4265 1263 4332 rebus
1281 4287 1354 4349 per·
1405 4267 1591 4331 vulnerarev
1617 4264 1740 4343 debuit,
1781 4285 1880 4348 quum
1922 4263 2077 4331 delictum
2116 4287 2214 4331 suum
2254 4261 2386 4329 rideret

380 4345 487 4430 plexis
516 4347 651 4413 consilio
678 4347 820 4414 destitui.
864 4347 976 4431 Quum
1006 4363 1116 4416 autem
1137 4359 1188 4416 tot
1209 4351 1354 4435 pericula
1405 4353 1502 4416 etiam
1525 4371 1694 4417 caecorum
1716 4350 1836 4416 iudicio
1858 4349 2034 4417 obnoxium
2058 4371 2139 4416 esse.
2176 4351 2285 4434 Quare
2312 4372 2386 4416 me·

379 4452 441 4497 nos
462 4433 608 4516 undique
630 4433 858 4514 circumstent,
876 4435 1040 4520 rogandus
1061 4450 1110 4502 est
1130 4438 1294 4504 Dominus
1317 4448 1354 4503 ut
1404 4437 1597 4504 miserimus
1619 4439 1652 4502 in
1675 4438 1745 4503 luce
1772 4457 1869 4520 quam
1899 4435 1992 4502 nobis
2014 4435 2106 4504 Deus
2136 4438 2282 4506 accendit
2310 4458 2387 4504 csse

378 4537 438 4584 uos
460 4518 579 4601 spiritu
600 4539 660 4585 suo
682 4522 866 4600 confirmet,
895 4543 936 4586 ne
958 4533 1087 4588 mentes
1108 4533 1240 4590 nostrae
1262 4534 1352 4591 metu
1404 4521 1654 4590 ambulandum:
1683 4544 1725 4589 ne
1752 4521 1913 4589 increduli
1943 4520 2005 4604 ipsi
2034 4521 2090 4606 qui
2112 4523 2258 4590 tenebris
2283 4525 2388 4609 igno-

378 4612 413 4667 et
452 4603 669 4687 trepidatione
708 4604 860 4671 diffluant
899 4621 931 4672 et
973 4617 1187 4674 evanescant:
1233 4610 1353 4693 alioqui
1403 4609 1532 4675 rantiae
1547 4607 1699 4694 impliciti
1718 4617 1805 4688 sunt,
1829 4617 1997 4692 stuporem
2017 4617 2164 4699 nostrum
2188 4620 2388 4694 coarguant.

378 4687 516 4755 subinde
541 4711 713 4774 perperam
737 4690 861 4774 aliquid
886 4701 1016 4758 tentare
1044 4694 1225 4779 contingat,
1259 4697 1352 4763 cuius
1403 4697 1450 4761 Ilt
1477 4702 1565 4762 certe
1594 4715 1696 4779 quum
1724 4695 1794 4762 voci
1824 4693 1889 4759 Dei
1917 4693 2143 4778 obtemperare
2172 4695 2387 4782 negligimus,

375 4774 498 4854 statim,
520 4783 554 4840 et
574 4783 683 4842 tamen
706 4798 788 4854 sero,
811 4799 870 4844 nos
892 4779 1065 4862 poeniteat.
1404 4780 1493 4866 digni
1516 4802 1630 4847 sumus
1652 4801 1734 4865 quos
1755 4780 1796 4845 ad
1820 4779 1918 4846 boves
1941 4790 1974 4845 ιι
1995 4780 2103 4845 asinos
2126 4781 2265 4868 ableget.
2305 4783 2388 4850 Non

465 4860 494 4926 8.
511 4864 647 4944 Aspexit
656 4861 835 4930 Abimelech
850 4883 907 4929 ree
921 4863 1085 4930 Peumata
1096 4884 1158 4948 per
1172 4864 1351 4947 fenestram.
1404 4867 1551 4950 exagitat
1573 4865 1721 4950 quidem,
1751 4885 1811 4932 nec
1833 4865 2040 4950 persequitur
2057 4865 2252 4936 Abimelech
2272 4878 2389 4934 totum

376 4945 465 5012 Mira
493 4948 557 5012 Dei
590 4948 813 5032 indulgentia,
849 4948 933 5032 quod
962 4971 1028 5014 non
1058 4950 1154 5016 modo
1188 4948 1350 5035 duplicem
1403 4963 1571 5036 peccatum
1600 4952 1710 5033 Isaac,
1738 4951 1922 5018 sedunam
1950 4960 2080 5016 tantum
2110 4954 2226 5038 culpae
2251 4965 2390 5038 partem

377 5033 507 5116 culpam
536 5054 630 5099 servo
652 5055 710 5100 suo
737 5035 907 5118 ignoscere
936 5035 1175 5120 dignatusest,
1203 5037 1351 5103 sedma-
1404 5039 1547 5122 attingit.
1592 5038 1716 5104 Verum
1744 5037 1861 5104 leviter
1883 5058 1947 5103 uno
1977 5037 2038 5104 hoc
2061 5039 2160 5106 verbo
2190 5038 2389 5106 admonitus

378 5139 459 5183 num
477 5119 576 5184 etism
595 5119 643 5183 illi
660 5121 817 5202 porrexit,
841 5132 874 5186 et
893 5121 1036 5187 remedio
1054 5131 1181 5187 mature
1198 5122 1353 5206 adhibito,
1404 5123 1517 5192 debuit
1543 5123 1630 5189 ultro
1658 5144 1694 5190 ss
1722 5121 1892 5202 damnem,
1921 5123 2006 5207 quod
2027 5143 2062 5190 se
2085 5133 2119 5191 ιι
2146 5146 2278 5192 uxorem
2307 5127 2392 5192 Deo

378 5203 463 5286 quod
481 5205 536 5269 ille
555 5204 617 5271 sibi
635 5205 829 5272 accersierat
851 5207 983 5286 malum,
1007 5207 1200 5273 mirabiliter
1221 5210 1351 5276 avertit.
1403 5232 1470 5277 non
1498 5206 1748 5290 commendans,
1774 5209 1887 5294 quise
1911 5209 2084 5294 utriusque
2113 5211 2275 5279 custodem
2309 5212 2390 5278 fors

373 5287 453 5354 Non
484 5309 600 5372 passus
622 5302 671 5357 ιιι
699 5312 835 5358 uxorem
859 5314 876 5358 c
899 5293 1023 5376 gremio
1053 5292 1122 5360 eius
1151 5295 1238 5378 rapi,
1267 5295 1351 5379 quod
1402 5298 1607 5380 promiserat,
1629 5316 1688 5362 sua
1709 5294 1938 5362 incredulitate
1960 5295 2001 5361 ad
2023 5295 2174 5364 illicitum
2197 5298 2392 5365 remedium
