5022 6192
411 393 471 458 111
1085 393 1761 465 oonnnuranrnsmanumsrn.
2332 396 2377 462 ιιι

411 579 520 660 atti
539 582 603 660 tui,
625 588 653 647 et
672 601 753 648 neor
773 588 838 660 teto,
856 589 884 650 et
904 605 1016 652 amores
1036 583 1176 668 ridente
1196 590 1321 652 tuorum
1342 588 1383 650 te-
1456 605 1514 650 nes
1533 583 1596 651 sibi
1616 585 1688 667 ipse
1710 589 1954 668 segregaverat:
1977 580 2050 646 aliis
2071 581 2225 650 manebat
2246 601 2303 646 ana
2320 603 2377 648 eon·

412 685 495 765 aem..
525 666 574 732 19.
587 665 632 732 Et
649 688 688 732 ee
708 671 1002 747 aestumatum
1023 671 1108 737 mni
1127 670 1323 750 ternatim
1344 689 1384 733 ea
1434 605 1522 735 ditio.
1556 668 1595 736 si
1617 669 1688 752 quis
1710 668 1849 746 ebiieiat,
1871 666 1939 732 indi
1986 688 2023 732 os
2043 667 2191 750 assequi
2208 677 2377 734 aameaatur

411 750 552 817 moon
568 754 746 820 introduces
766 756 802 820 in
823 775 939 834 oreom,
957 763 992 822 tet
1008 757 1383 834 murmurantem,
1433 754 1469 820 im
1491 755 1555 820 Dei
1584 755 1660 820 filiis
1688 755 1742 838 qui
1769 755 1910 837 turpiter
1955 753 2118 820 afaeerant
2144 773 2165 818 a
2191 752 2257 818 fide
2285 754 2378 819 stilai

410 837 568 903 medes
588 843 616 903 et
636 839 756 920 fenino
778 847 875 907 erata
922 841 1385 908 matemautensem
1433 841 1598 923 obsequio:
1618 839 1735 906 solutio
1753 839 1857 905 faailis
1875 847 1933 917 est,
1951 858 2017 903 mon
2034 838 2100 902 illis
2117 839 2216 902 tribui
2236 837 2377 914 honorem,

410 922 542 1003 speeiem
558 943 661 1007 mom,
683 931 712 990 et
728 946 768 990 eor
790 927 925 993 nonnuli
944 928 1112 994 medam
1132 927 1263 1010 eperum
1283 945 1383 1001 amen,
1434 925 1491 990 sed
1509 925 1574 992 Dei
1601 927 1728 1011 gratiae
1756 946 1840 1009 quae
1861 924 1967 989 adhue
1989 925 2023 988 in
2044 923 2110 990 illis
2131 922 2280 989 domibus
2299 923 2379 1008 fulge

409 1027 449 1071 em
476 1011 561 1074 omni
584 1010 689 1091 reptili
710 1017 812 1078 terrae
832 1014 999 1079 amandam
1020 1014 1152 1094 mntem
1172 1033 1282 1089 suant,
1309 1011 1383 1078 bina
1433 1012 1500 1077 bat.
1551 1011 1636 1076 Nam
1672 1032 1772 1095 quum
1801 1009 1840 1076 de
1875 1008 1949 1074 liliis
1972 1009 2035 1074 Dei
2064 1009 2206 1092 loquitur
2234 1009 2378 1092 seriptura

411 1111 450 1156 ee
476 1095 617 1160 manitas
638 1097 851 1180 ingredientur
872 1099 915 1164 ud
935 1103 978 1179 te,
1007 1103 1042 1164 ut
1067 1099 1381 1165 nonannoeane.
1434 1096 1608 1180 aliquando
1642 1097 1681 1162 ad
1716 1105 1883 1162 aetermam
1917 1095 2107 1160 alentionem
2140 1095 2289 1179 respieit,
2319 1113 2381 1178 qnae

411 1179 462 1243 21.
487 1179 532 1244 Et
559 1185 596 1279 fu·
621 1201 697 1281 cepe
725 1181 781 1248 tter·
810 1204 849 1250 eo
877 1185 961 1250 marri
981 1203 1050 1252 eaeo
1070 1205 1149 1266 quoe
1170 1183 1336 1250 aorneditur
1357 1188 1384 1248 et
1434 1203 1500 1248 non
1523 1183 1711 1248 extenditur
1732 1182 1794 1248 misi
1817 1180 1858 1280 ad
1878 1181 2042 1266 legitimos
2062 1179 2235 1245 haeredes:
2259 1179 2381 1279 aliquan

411 1265 869 1433 &wanheim
890 1269 1108 1438 eutlinde&
1126 1270 1385 1440 {ratramnum
1433 1267 1533 1419 lid?
1541 1275 1725 1438 rffildff
1739 1277 1951 1435 mm
1959 1287 2043 1436 {12:⁰2⁰
2042 1265 2383 1430 gbluffneqnffmanffi

414 1434 514 1515 Dares,
536 1438 582 1502 sie
602 1437 683 1519 feeit.
1435 1447 1546 1505 tamem
1568 1441 1714 1506 obtinent
1731 1459 1859 1514 momen,
1883 1437 1984 1504 deuse
2005 1435 2131 1502 abdiaat
2152 1457 2208 1502 eos
2230 1435 2381 1502 Dominus⁴

1435 1523 1508 1590 Ime
1524 1533 1592 1589 tam
1610 1525 1787 1591 honoritiao
1804 1523 1899 1588 htnlo
1915 1521 2184 1609 ingratitudinem
2203 1521 2270 1588 illis
2292 1543 2385 1604 expia

503 1607 530 1671 1.
555 1606 599 1672 Et
625 1608 689 1689 fait
709 1630 806 1691 quum
826 1609 991 1694 coepissent
1011 1611 1149 1678 tarinae
1169 1610 1385 1692 multiplicari.
1435 1610 1637 1688 bratbfoses,
1657 1609 1741 1692 quod
1753 1609 1970 1693 reliatopatra
1981 1607 2290 1690 eoelesti,tenqnam
2302 1620 2386 1672 naas

416 1693 593 1777 Postquam
611 1694 720 1760 deeem
739 1695 942 1779 patriarchas
961 1697 1075 1762 ordine
1096 1697 1387 1778 raaansnitMoses,
1437 1696 1533 1782 fugae
1554 1717 1588 1760 se
1609 1697 1844 1780 prostituerint

417 1779 502 1862 apud
526 1799 605 1861 quos
631 1780 758 1866 integer
779 1781 933 1847 manebat
954 1782 1018 1847 Dei
1040 1783 1160 1860 uultus,
1188 1784 1252 1846 iam
1275 1792 1388 1848 narrat
1522 1782 1553 1846 2.
1580 1782 1666 1864 Quod
1688 1787 1788 1848 meent
1812 1779 1968 1866 poledros.
2009 1779 2084 1844 Non
2106 1778 2242 1844 damnat
2263 1779 2387 1861 praeeire

417 1883 666 1948 eorumquoque
683 1865 795 1933 domos
813 1866 915 1934 fuisse
933 1865 1140 1933 adulteratas.
1169 1868 1262 1932 Haeo
1280 1877 1386 1932 autem
1437 1867 1556 1948 Moses,
1575 1875 1753 1951 speetataur
1771 1867 1872 1932 fuisse
1889 1866 2027 1931 formam
2045 1865 2080 1930 in
2099 1863 2283 1949 deligendis
2298 1864 2389 1928 uxori·

419 1952 565 2016 narratio
588 1951 690 2016 altius
712 1953 888 2035 repetenda
909 1961 972 2033 est,
1000 1974 1098 2037 qnam
1120 1954 1162 2020 ab
1184 1973 1271 2018 anno
1293 1953 1386 2036 qnin-
1437 1951 1514 2018 bus:
1543 1953 1599 2019 sad
1627 1952 1712 2037 qnod
1739 1974 1829 2018 mera
1854 1951 1954 2017 libido
1976 1950 2171 2036 regnaverit.
2216 1951 2281 2015 llst
2300 1957 2388 2013 auhn

418 2036 601 2120 gentedmo
622 2036 728 2102 Noah.
772 2037 868 2117 Nam,
891 2048 929 2104 ut
949 2038 1010 2104 sibi
1031 2039 1204 2105 transitum
1224 2037 1266 2103 ad
1287 2038 1387 2104 histo·
1438 2058 1491 2104 res
1508 2040 1651 2106 semeher
1668 2038 1854 2122 eeniugium
1872 2057 1969 2120 quam
1987 2047 2026 2102 nt
2042 2035 2146 2102 oeulis
2162 2037 2241 2100 ferri
2259 2035 2389 2100 homines

417 2123 500 2188 marn
522 2121 638 2187 diluvii
662 2122 768 2202 faeiat,
791 2133 899 2189 totum
920 2125 1078 2192 mundum
1102 2126 1269 2209 praefatur
1290 2124 1390 2190 fuisse
1438 2124 1579 2190 debeant
1606 2124 1647 2189 ad
1678 2123 1874 2208 voluptatem
1905 2123 2017 2188 eoitus.
2061 2121 2147 2186 Nam
2170 2119 2336 2186 individua
2352 2127 2390 2184 est

416 2216 623 2291 eemuptnm:
653 2216 690 2272 ut
708 2207 793 2273 nihil
815 2208 884 2277 fera
907 2231 947 2275 ax
965 2221 1060 2276 vesta
1081 2209 1294 2294 dissipatione
1315 2209 1388 2275 Deo
1438 2211 1525 2276 vitae
1552 2211 1703 2288 serietas,
1740 2228 1822 2293 quae
1850 2228 1964 2273 ommes
1992 2207 2079 2274 vitae
2108 2213 2221 2290 partes
2244 2206 2389 2272 eandum:

416 2292 585 2358 residuum
613 2293 704 2360 foret
749 2293 844 2376 Quod
874 2304 911 2360 ut
938 2295 1054 2362 melius
1080 2304 1191 2380 pateat
1212 2293 1388 2361 tenendum
1439 2296 1532 2360 siouti
1563 2296 1653 2379 prins
1682 2294 1870 2374 habuimus,
1899 2302 2041 2360 trentam
2064 2313 2135 2357 esse
2154 2291 2339 2367 mulierem,
2362 2299 2391 2354 ut

416 2377 573 2444 memoria
595 2388 645 2444 ast
665 2379 747 2444 illud
772 2381 982 2465 principium,
1011 2391 1091 2448 tune
1113 2379 1272 2447 mnndum
1296 2382 1387 2464 quasi
1438 2383 1480 2448 sit
1501 2383 1573 2448 viro
1594 2381 1746 2446 adiutrix.
1789 2381 1879 2465 Ilrgo
1900 2378 2064 2444 belluinus
2086 2385 2136 2444 est
2157 2378 2321 2462 appetitus
2338 2375 2390 2452 illa,

417 2462 558 2529 divisum
577 2464 674 2530 fuisse
692 2465 726 2530 im
745 2463 826 2532 duas
846 2475 967 2550 partes,
987 2468 1063 2551 quia
1085 2465 1199 2534 domus
1215 2465 1297 2534 Seth
1320 2467 1388 2532 aul·
1438 2487 1539 2550 quum
1568 2465 1728 2533 illeaebris
1754 2465 1876 2531 formae
1898 2467 1944 2530 sio
1966 2464 2126 2548 rapimur,
2153 2474 2191 2526 nt
2213 2484 2297 2546 qaae
2316 2479 2392 2545 prae·

418 2560 489 2615 tum
501 2548 564 2615 Dei
582 2549 714 2615 fovebat
732 2572 849 2635 purum
868 2560 902 2617 et
919 2553 1110 2636 legitimum,
1133 2572 1234 2634 aquo
1252 2553 1308 2618 alii
1331 2551 1386 2618 de·
1438 2555 1534 2637 eipua
1573 2561 1666 2629 sunt,
1705 2551 1835 2616 nullum
1867 2551 1972 2615 laeum
2008 2549 2158 2614 habeant.
2213 2549 2259 2613 Et
2291 2547 2392 2614 alarim

419 2637 590 2702 solverant.
613 2635 688 2700 Iltsi
705 2645 814 2702 autem
833 2635 873 2701 ad
887 2638 949 2702 Dei
968 2639 1208 2704 invenationem
1220 2637 1386 2705 eonditum
1440 2639 1549 2704 Moses
1575 2638 1729 2721 exprimit
1759 2657 1857 2720 qnam
1880 2635 2041 2700 violentus
2061 2634 2161 2698 fuant
2182 2633 2326 2699 libidinis
2344 2633 2393 2696 im·

417 2721 523 2786 fuerat
545 2729 649 2786 totum
672 2741 776 2820 genus
798 2723 976 2802 hominum,
998 2723 1135 2807 ideoque
1154 2744 1292 2808 regnare
1315 2721 1386 2789 ubi·
1439 2739 1547 2807 patus,
1576 2745 1675 2808 quum
1698 2722 1779 2789 diait
1798 2721 1975 2805 sumpsisse
1997 2741 2038 2784 ex
2059 2719 2213 2785 omnibns
2235 2739 2318 2802 quea
2337 2717 2393 2801 plr-

415 2828 480 2890 que
498 2806 634 2872 debebat
655 2827 783 2874 munera
804 2809 933 2893 religio:
956 2809 1033 2892 quia
1053 2819 1163 2875 nmen
1186 2808 1289 2875 maier
1310 2829 1386 2893 pars
1439 2821 1584 2889 euemmt,
1605 2829 1668 2893 quo
1686 2808 1859 2893 signifieat,
1879 2827 1943 2872 non
1962 2805 2111 2871 habitum
2129 2805 2230 2870 faisse
2247 2805 2394 2870 deleatum

416 2915 451 2959 se
475 2892 526 2960 vel
548 2891 590 2957 ad
609 2890 674 2957 Dei
696 2901 930 2977 eontemptum,
951 2895 1005 2960 vel
1028 2895 1070 2960 ad
1091 2913 1211 2978 pravas
1231 2895 1386 2978 superati·
1439 2917 1480 2961 ex
1509 2896 1700 2962 neeamariis
1721 2893 1864 2971 dotibus,
1894 2891 1949 2958 aad
1971 2891 2155 2974 prominens
2180 2899 2318 2974 vagatos
2337 2907 2394 2952 mse

416 2979 521 3044 tiones
549 2979 774 3061 prostituerat:
806 2980 939 3047 deeebat
966 2980 1119 3064 exiguam
1148 2980 1237 3044 illam
1260 2990 1387 3064 partem
1439 2982 1523 3049 filios
1550 2990 1752 3057 mattarum,
1782 3000 1882 3062 quum
1912 2997 1971 3061 pro
1997 2995 2056 3040 sua
2084 2975 2238 3058 eupidine
2268 2979 2393 3041 merent

416 3084 513 3147 quam
531 3063 592 3129 sibi
610 3065 729 3129 eximio
747 3065 919 3150 privilegio
936 3065 1259 3149 adoptaveratDeus,
1278 3085 1386 3150 segre·
1439 3068 1602 3134 Dooemur
1627 3076 1737 3133 autem
1765 3063 1818 3130 bis
1846 3064 1969 3141 verbis,
1998 3060 2166 3126 aoleudam
2196 3082 2270 3127 assa
2290 3071 2395 3142 tempe

417 3160 527 3234 getam
562 3149 602 3215 ab
632 3147 705 3214 aliis
732 3171 872 3217 mamere.
928 3152 1047 3234 Turpis
1079 3171 1157 3236 erge
1185 3150 1386 3237 ingratitudo
1439 3154 1577 3219 rentiam
1605 3153 1641 3218 in
1670 3159 1781 3217 saneto
1803 3151 1969 3232 aoningio:
2000 3155 2034 3211 et
2056 3147 2125 3211 eins
2146 3148 2396 3230 profanationem

417 3235 490 3313 finit,
513 3235 596 3317 quod
619 3236 790 3317 posteritas
814 3235 895 3302 Seth
918 3235 1075 3314 Oainitis,
1096 3248 1130 3301 et
1151 3236 1222 3302 aliis
1244 3237 1387 3321 profanis
1438 3258 1503 3304 non
1525 3239 1598 3304 leva
1619 3238 1742 3304 erimen
1771 3256 1841 3301 esse
1862 3253 1971 3300 eoram
1990 3233 2070 3298 Deo.
2113 3231 2227 3316 Neque
2248 3234 2337 3298 enim
2355 3229 2398 3293 bie

418 3319 567 3404 gentibus
588 3341 623 3385 se
643 3319 846 3404 permiseuit‚
871 3319 947 3405 quia
968 3342 1003 3387 se
1025 3322 1112 3386 ultro
1133 3322 1276 3405 privavit
1297 3324 1385 3387 inae-
1437 3323 1689 3407 reprehenditur
1710 3321 1909 3388 seortatioin
1931 3319 2008 3385 filiis
2029 3327 2226 3398 sanatorum,
2247 3319 2307 3384 sed
2328 3313 2398 3399 quod

418 3403 571 3472 stimabili
594 3403 658 3469 Dei
679 3407 795 3489 gratia.
840 3407 880 3471 ld
902 3407 1001 3471 etiam
1023 3407 1228 3491 saerilegium
1251 3407 1387 3472 minime
1437 3409 1497 3474 sibi
1520 3410 1556 3475 in
1578 3409 1733 3474 uxoribus
1755 3405 1911 3472 duaendis
1932 3403 2071 3469 nimium
2093 3403 2295 3470 indulserint
2315 3403 2398 3470 lieen-

417 3491 585 3558 tolerabile
603 3491 673 3568 fuit,
693 3491 832 3574 positam
855 3491 957 3557 aDeo
980 3490 1126 3558 ordinem
1144 3503 1331 3576 pervertere
1353 3501 1387 3556 et
1437 3494 1510 3560 tiae.
1552 3495 1598 3560 Ite
1623 3503 1711 3561 oerte
1740 3493 1811 3558 fieri
1839 3513 1903 3556 mon
1932 3499 2038 3573 potest
2060 3489 2139 3574 quin
2160 3492 2318 3574 temporis
2337 3509 2398 3552 sue·

416 3575 625 3644 aouiundere.
678 3575 818 3642 Videtur
853 3578 959 3659 prima
985 3580 1091 3660 speeie
1120 3577 1272 3642 frivolum
1307 3597 1386 3658 essa,
1437 3599 1528 3646 sessu
1551 3580 1751 3664 degenerent
1771 3578 1830 3642 filii
1853 3577 1926 3654 Dei,
1949 3595 2050 3659 quum
2073 3575 2121 3639 ita
2141 3575 2256 3642 eodem
2280 3597 2315 3640 se
2335 3575 2398 3657 iugo

418 3663 504 3745 quod
529 3663 686 3727 formosas
716 3661 777 3728 sibi
806 3684 926 3728 uxores
956 3663 1137 3748 delegerint
1164 3663 1223 3729 filii
1254 3662 1318 3730 Dei
1345 3685 1386 3729 ex
1436 3685 1508 3732 aum
1530 3665 1715 3732 infidelibus
1736 3662 1913 3746 impliea'ut.
1945 3664 2055 3742 Atque
2076 3661 2157 3726 haee
2179 3661 2243 3726 fuit
2266 3670 2401 3726 extrema

417 3749 548 3813 filiabus
570 3747 753 3827 hominum,
775 3755 843 3812 tarn
865 3769 978 3816 severa
999 3748 1157 3814 damnari.
1203 3749 1304 3832 Atqui
1325 3751 1386 3817 sei·
1437 3751 1583 3818 vafrities
1612 3751 1738 3816 Bileam
1769 3748 1881 3833 (Num.
1912 3748 1964 3826 31,
1994 3745 2065 3834 15):
2094 3767 2193 3830 quum
2225 3747 2275 3811 illi
2304 3747 2399 3814 ablata

419 3833 538 3898 endum
561 3842 611 3899 est
632 3853 697 3898 non
718 3833 790 3900 leve
812 3853 883 3899 asse
905 3835 1028 3899 eumen
1050 3835 1190 3918 pesitum
1213 3835 1387 3900 aDamiuo
1438 3845 1524 3904 esset
1558 3835 1770 3902 maledicendi
1806 3835 1959 3908 inanitas,
1995 3831 2081 3915 quod
2114 3832 2290 3898 subornari
2319 3831 2400 3898 iussit

420 3919 593 3984 disarimen
621 3919 753 3984 violare.
798 3918 927 3984 Deinde
956 3919 1042 4002 quod
1071 3941 1091 3984 a
1119 3921 1261 4004 profanis
1281 3923 1386 4020 ganti-
1438 3923 1592 3989 mulieres
1610 3919 1839 3998 aMadiamitis,
1862 3941 1943 4004 quae
1961 3917 2117 4002 populum
2131 3917 2194 3983 Dei
2213 3918 2254 3984 ad
2279 3917 2399 4002 impiam

416 4003 810 4087 bussepnratieramtDai
820 4003 1388 4084 onltores,saorumluisseordrnem,
1437 4007 1650 4074 detentionem
1672 4007 1869 4092 pellieerant.
1892 4005 1946 4071 Ita
1966 4023 2068 4086 quum
2090 4004 2126 4067 in
2149 4005 2402 4086 patriareharnm

419 4097 452 4153 et
491 4098 678 4155 reverenter
710 4089 899 4167 eolandnm,
940 4100 980 4154 ut
1011 4090 1120 4174 aliqua
1152 4091 1214 4156 Dei
1254 4089 1389 4157 eealesia
1438 4093 1530 4172 filiis,
1560 4092 1601 4158 de
1627 4091 1742 4176 quibus
1765 4111 1852 4158 uuna
1874 4089 2005 4157 disserit
2028 4087 2147 4170 Moses,
2176 4109 2280 4173 grava
2302 4111 2358 4172 par
2374 4107 2401 4150 se

419 4182 562 4239 exstaret
582 4175 615 4239 in
640 4176 745 4241 terris.
773 4175 893 4254 Tertio,
915 4175 1045 4241 morbos
1067 4175 1169 4242 fnisse
1192 4176 1387 4261 desperatus,
1438 4179 1562 4245 malum
1592 4177 1689 4244 fuerit
1710 4179 1833 4262 gratiae
1856 4177 1918 4242 sibi
1940 4174 2098 4240 divinitus
2120 4174 2261 4241 eollatae
2284 4171 2403 4248 oblivio,

418 4280 519 4342 quum
536 4259 715 4325 remedium
732 4259 891 4325 divinitus
908 4261 970 4326 sibi
988 4260 1171 4326 ordinatum
1188 4271 1387 4345 respuerent.
1437 4265 1516 4330 dum
1555 4285 1616 4330 sua
1653 4263 1788 4331 libidine
1825 4264 1975 4328 feruntur
2014 4258 2056 4324 ad
2093 4259 2211 4326 illinita
2244 4259 2401 4342 wningia:

419 4345 460 4410 In
478 4365 615 4424 summa,
638 4355 819 4410 extremam
841 4344 1085 4429 dissipationem
1108 4347 1388 4431 deaignatllfosss,
1438 4348 1580 4416 deterior
1613 4350 1675 4414 fuit
1713 4350 1867 4426 messeio,
1905 4345 1989 4430 quod
2029 4366 2064 4412 sa
2099 4345 2212 4428 impiis
2247 4341 2403 4412 minuendo

418 4451 518 4515 quum
541 4430 717 4515 degeneres
737 4431 995 4514 esseatpiorum
1018 4431 1090 4511 filii,
1112 4432 1277 4515 quaesibi
1299 4433 1389 4499 Deus
1438 4434 1655 4519 profanarent
1692 4433 1755 4500 Dei
1794 4433 1927 4512 uultum,
1968 4440 2000 4496 et
2039 4452 2059 4496 a
2096 4429 2162 4496 fide
2201 4431 2403 4497 axaiderant:

420 4518 510 4600 quasi
540 4515 737 4598 peauliarem
762 4523 797 4580 et
817 4515 1020 4582 reoonditum
1043 4518 1231 4584 thesaurum
1255 4517 1295 4583 ab
1317 4519 1389 4585 aliis
1438 4521 1534 4587 sieuti
1557 4520 1636 4586 haee
1657 4519 1840 4603 eorruptela
1860 4538 1990 4602 semper
2011 4518 2079 4582 fare
2100 4519 2256 4601 eonsequi
2276 4517 2366 4582 solet

418 4609 656 4686 segregaverat
686 4600 793 4666 Vetus
807 4599 887 4666 illud
904 4613 1123 4668 aommeutnm
1141 4601 1182 4668 de
1199 4603 1387 4689 angelorum
1524 4605 1553 4671 3.
1587 4605 1660 4672 Nor
1694 4603 1874 4686 disceptabit
1910 4605 2045 4686 spiritns
2077 4621 2173 4668 mets.
2232 4603 2313 4667 Etsi
2349 4604 2404 4666 iam

420 4686 594 4752 eouaubitu
623 4706 699 4752 aum
727 4685 931 4765 mulieribus,
958 4707 1019 4752 sua
1039 4687 1240 4754 absurditate
1261 4689 1389 4755 abunde
1438 4691 1529 4774 prius
1546 4690 1688 4756 ostendit
1698 4691 1817 4767 Mose,
1839 4709 1878 4754 eo
1900 4689 2061 4756 scalarum
2082 4699 2116 4753 at
2137 4688 2321 4770 impietatis
2341 4705 2404 4771 prn-

421 4771 587 4850 rsfellitur‚
609 4787 647 4836 aa
664 4771 784 4836 mirum
806 4778 865 4851 est,
887 4771 997 4838 doatos
1018 4774 1105 4840 viros
1128 4783 1193 4838 tam
1216 4773 1334 4840 arassis
1355 4784 1389 4840 et
1438 4797 1585 4861 grassum
1615 4777 1714 4842 fuisse
1740 4774 1915 4854 mundum,
1950 4784 1987 4840 ut
2016 4795 2082 4839 mon
2111 4773 2264 4838 debuerit
2295 4775 2406 4840 diutim

420 4855 613 4940 prodigiosis
647 4855 770 4921 deliriia
791 4856 892 4922 fnisse
918 4857 996 4922 olim
1023 4858 1203 4925 nemnem.
1252 4859 1389 4943 Frigida
1438 4861 1585 4926 tolerari:
1608 4881 1671 4944 quo
1688 4871 1799 4929 tamen
1814 4859 1934 4926 oertins
1953 4870 2063 4943 pateat
2080 4879 2148 4924 mou
2166 4861 2281 4925 minus
2298 4861 2406 4924 iustam

421 4941 519 5006 etiam
540 4939 697 5007 Ohaldaei
726 4941 914 5025 interpretis
939 4944 1116 5022 sententia,
1144 4944 1289 5011 damnari
1313 4964 1388 5027 pro·
1438 4966 1535 5030 quam
1571 4955 1713 5013 atroeam
1749 4947 1849 5012 fnisse
1879 4945 2057 5010 vindietam
2085 4945 2196 5024 illam,
2233 4967 2303 5028 qna
2331 4955 2408 5009 tetus

421 5027 546 5094 misane
574 5026 724 5112 coniugia
751 5027 838 5092 inter
869 5027 953 5094 filios
981 5039 1170 5113 magnatum
1193 5038 1226 5095 et
1247 5028 1389 5113 plebeias
1436 5031 1524 5096 orbis
1546 5040 1596 5097 est
1612 5032 1794 5114 absorptus,
1808 5031 1914 5096 Deum
1938 5032 2046 5114 ipsum
2067 5031 2258 5114 loquentem
2280 5029 2407 5098 indneit,

421 5131 549 5177 uxores.
592 5111 696 5177 Filios
724 5111 834 5195 itaqua
855 5111 919 5178 Dei
940 5134 961 5177 a
980 5111 1109 5180 filiabus
1131 5115 1300 5180 bominum
1322 5135 1388 5180 non
1437 5117 1518 5183 Plus
1535 5116 1622 5181 euim
1643 5117 1816 5200 gravitatis
1838 5115 1935 5182 habet
1957 5117 2129 5196 sententia,
2152 5137 2255 5200 qnam
2279 5135 2339 5184 ore
2357 5135 2409 5181 suo

355 5206 361 5219 ‘
421 5197 495 5262 ideo
514 5195 670 5262 disseruit
689 5196 815 5273 Moses,
837 5197 931 5279 qnasi
953 5195 1118 5265 dissimilis
1140 5200 1238 5265 fuerit
1259 5208 1387 5278 matura,
1437 5201 1631 5351 pronunaiat
1653 5203 1760 5281 Deus,
1791 5202 1896 5286 magis
1924 5202 2124 5285 deploratam
2152 5223 2224 5269 asse
2252 5203 2409 5271 malitium

422 5279 475 5346 val
493 5279 624 5346 diversa
639 5280 745 5364 origo:
768 5280 825 5346 sed
842 5283 918 5363 quia
935 5281 1105 5366 adoptione
1128 5283 1261 5352 flliiDei
1283 5293 1387 5366 erant,
1462 5287 1624 5367 ominum,
1652 5306 1748 5371 quam
1779 5295 1817 5352 nt
1844 5309 1918 5372 spes
1946 5287 2015 5354 ulla
2036 5289 2217 5355 sanahonis
2237 5297 2410 5374 appareat:
