5000 6208
381 473 445 538 323
1034 465 1406 546 COMMENTARIUS
1428 478 1478 544 IN
1501 476 1714 546 GENESIN.
1989 563 1994 572 1
2300 477 2353 543 324
2463 552 2464 559 ἵ

379 661 413 728 id
436 663 475 728 de
497 682 604 742 eausa,
626 683 703 729 mcx
727 663 902 730 videndum
924 665 996 743 erit,
1019 664 1074 729 nbi
1096 685 1198 749 panca
1216 665 1256 731 de
1277 666 1350 730 inre
1399 667 1454 733 lat.
1488 667 1627 733 Fatetur
1643 687 1730 750 crgo,
1748 666 1824 749 qnia
1842 665 1973 732 nonnisi
1991 666 2172 748 precarium
2190 665 2352 748 hospitium
2461 707 2463 739 ι,

380 747 558 896 sepeliendi
585 749 732 834 attigero.
777 749 910 831 Quanta
939 751 1010 816 eius
1029 750 1078 849 rei
1105 752 1256 852 omnibus
1278 771 1348 851 sae·
1399 753 1486 852 inter
1507 752 1595 834 ipsos
1617 752 1729 829 babet,
1763 751 1824 818 sibi
1851 751 1978 851 nullum
2007 760 2118 851 patere
2146 751 2353 850 sepulchrum,

380 855 420 900 cn
434 856 461 898 us
490 840 524 899 et
551 834 638 917 apud
665 856 779 902 omnes
812 834 946 920 populos
978 835 1093 918 relnguo
1125 835 1238 916 fuerlt,
1269 845 1349 902 satus
1399 857 1462 903 nusi
1484 859 1595 903 eorum
1617 857 1780 903 concessu.
1818 835 1907 919 Quia
1924 844 2032 902 autem
2051 857 2130 902 ruvo
2151 849 2353 920 peramarunt

379 929 493 984 notum
511 927 570 985 est.
606 921 791 986 Dissimiles
813 921 944 1005 quidem
964 921 1096 986 fuerunt
1117 924 1348 1000 caeremoniae,
1399 924 1434 988 in
1447 944 1507 989 sua
1518 921 1641 988 ditione
1659 924 1821 989 habitare:
1842 922 2056 988 humanitatis
2073 931 2144 987 erat
2158 922 2354 1005 sepulchrum
2461 929 2464 983 ἰ

380 1013 414 1070 ct
445 1006 547 1072 variis
579 1007 867 1090 superstitionibus
905 1015 1066 1072 certatum
1098 1006 1176 1073 fuit:
1218 1009 1349 1073 interim
1400 1028 1465 1073 non
1484 1030 1605 1092 negare
1622 1011 1770 1074 mortuis.
1807 1007 1845 1074 si
1863 1007 1916 1074 hic
1933 1029 2048 1074 sensns
2067 1008 2198 1088 arridet,
2218 1017 2286 1073 tum
2303 1009 2354 1075 sibi

379 1109 551 1157 commune
573 1092 722 1158 omnibns
744 1093 807 1156 fnit
828 1092 964 1175 sepelire
985 1099 1140 1158 mortuos.
1184 1093 1298 1178 Neque
1316 1092 1350 1157 id
1401 1094 1441 1160 ab
1464 1095 1647 1159 humilitate
1669 1096 1812 1160 favorem
1834 1093 1983 1159 conciliat
2004 1092 2186 1158 Abraham:
2219 1105 2289 1158 tum
2308 1094 2354 1158 be·

379 1177 525 1242 studium
547 1176 599 1243 vel
622 1199 664 1242 ex
685 1179 788 1244 stulta
807 1178 1011 1256 curiositate,
1032 1178 1083 1244 uel
1106 1201 1148 1244 ex
1169 1180 1276 1245 inanis
1298 1199 1349 1244 so·
1399 1181 1499 1263 migne
1527 1200 1636 1246 secum
1660 1199 1679 1243 a
1700 1180 1775 1245 filiis
1804 1178 1898 1243 Heth
1927 1187 2035 1244 actum
2063 1199 2134 1244 csse
2155 1178 2353 1262 praedicans:

379 1261 449 1326 latii
473 1269 567 1342 uoto,
595 1264 648 1329 vel
670 1284 712 1328 ex
739 1265 969 1348 superstitione
994 1265 1173 1348 protectum
1198 1272 1262 1344 est,
1292 1261 1349 1331 sed
1400 1265 1570 1331 stimulum
1590 1266 1657 1331 illic
1674 1284 1716 1329 ex
1737 1264 1834 1330 laude
1856 1262 1956 1342 addit,
1979 1274 2015 1329 ut
2036 1264 2149 1330 eadem
2172 1285 2236 1348 qna
2257 1285 2356 1349 eoepe-
2463 1326 2464 1330 ,

378 1369 422 1413 ex
444 1357 716 1426 nemausense,
749 1370 844 1432 quem
867 1349 959 1414 Deus
986 1349 1156 1415 hominum
1184 1350 1350 1417 mentibus
1400 1359 1478 1416 runt
1500 1351 1695 1416 liberalitate
1717 1352 1766 1415 nti
1787 1360 1935 1434 pergant.
1979 1351 2075 1415 Alter
2102 1371 2229 1434 quoqne
2250 1371 2355 1420 sensus

379 1433 515 1499 indidit:
546 1455 651 1518 neque
679 1455 825 1518 unquam
853 1455 1047 1500 evanescere
1075 1456 1190 1519 passus
1217 1445 1283 1512 est,
1311 1443 1350 1500 ut
1400 1459 1465 1502 non
1489 1437 1574 1502 male
1606 1436 1758 1520 quadrat,
1791 1435 1876 1519 qnod
1905 1435 2089 1515 Abraham,
2123 1444 2160 1500 ut
2192 1437 2354 1520 emptionis

380 1520 441 1585 slbi
463 1520 543 1603 ipsis
565 1528 664 1586 testes
686 1531 797 1587 essent
817 1521 945 1586 futurae
968 1522 1064 1586 vitae.
1106 1521 1174 1587 Nec
1195 1519 1349 1588 credibile
1399 1523 1509 1588 odium
1539 1531 1683 1602 avertat,
1710 1542 1828 1606 cupere
1850 1541 1885 1586 se
1912 1520 2013 1600 dicat,
2043 1542 2108 1586 non
2130 1522 2166 1586 in
2188 1524 2357 1604 praesentis

380 1613 493 1670 estex
514 1607 622 1670 animo
644 1607 792 1690 loqnutcs
813 1627 900 1688 esse,
923 1607 978 1690 qni
999 1608 1035 1671 in
1057 1607 1244 1690 sepulturae
1266 1606 1350 1672 ludi·
1400 1609 1485 1673 vitae
1506 1629 1613 1686 usum,
1636 1629 1701 1673 non
1723 1606 1899 1673 ambitione
1917 1605 1971 1672 vel
1990 1607 2137 1686 avaritia,
2160 1607 2216 1673 sed
2238 1616 2355 1672 tantum

380 1689 487 1756 brium
520 1692 680 1758 immanes
711 1690 868 1775 quasdam
900 1713 995 1759 voces
1027 1694 1201 1760 iactarunt.
1254 1693 1349 1757 Forti
1399 1716 1441 1761 ne
1458 1695 1615 1776 insepulti
1631 1695 1759 1760 iaceant
1777 1693 1913 1757 mortni:
1937 1713 1974 1757 ac
1993 1693 2021 1757 si
2039 1692 2169 1773 diceret,
2190 1693 2263 1776 Ego
2282 1693 2356 1776 apnd

379 1777 511 1858 quidem
537 1778 645 1842 animo
673 1779 889 1860 sepulturam,
919 1800 988 1849 non
1017 1779 1112 1844 aliter
1138 1799 1236 1860 qnam
1266 1779 1348 1843 divi·
1399 1801 1467 1857 vos,
1491 1780 1588 1845 sicuti
1610 1779 1777 1858 hactenus,
1800 1778 1926 1843 versari
1948 1779 2142 1860 peregrinus
2158 1799 2223 1844 non
2244 1799 2356 1857 recuso,

380 1863 451 1941 das,
474 1871 507 1928 ot
527 1861 677 1944 honores,
699 1873 732 1928 et
753 1863 879 1946 reliqua
896 1865 983 1929 vitae
1005 1863 1181 1942 commoda,
1205 1872 1349 1930 contem·
1400 1887 1465 1929 non
1487 1865 1578 1930 inhio
1599 1867 1717 1931 vestris
1738 1861 1887 1947 praediis,
1911 1872 1947 1927 nt
1968 1865 2137 1946 proprium
2155 1863 2278 1947 aliquid
2293 1885 2357 1947 pus·

380 1969 458 2014 nere
482 1968 541 2013 nos
561 1957 701 2031 oportet,
732 1958 770 2014 ut
792 1951 915 2032 privari
936 1970 1038 2033 aequo
1065 1951 1174 2014 animo
1195 1950 1348 2015 lsramus.
1399 1951 1520 2029 sidens,
1544 1949 1584 2015 de
1602 1950 1797 2033 aequalitate
1814 1947 1981 2013 vobiscum
1999 1959 2137 2014 certem:
2160 1950 2242 2014 mihi
2261 1950 2356 2016 locum

378 2033 501 2118 Negari
531 2041 640 2100 tamen
667 2057 734 2099 non
761 2044 883 2117 potest,
917 2037 995 2118 quin
1030 2035 1208 2118 sepeliendi
1238 2055 1349 2100 curam
1401 2036 1521 2102 habere
1542 2036 1663 2102 suflicit
1683 2035 1740 2100 nbi
1762 2057 1796 2101 se
1820 2034 1966 2100 eliamur.

371 2140 489 2210 ,secum
512 2119 595 2184 ierat
616 2120 741 2204 religio.
784 2121 829 2185 Et
849 2129 936 2186 certe
958 2120 1243 2207 (quemadmodum
1267 2119 1349 2207 dixi)
1485 2123 1514 2187 6.
1540 2121 1693 2202 Princeps
1719 2141 1752 2187 es
1813 2120 1907 2185 citu
1934 2121 2034 2185 medio
2061 2122 2168 2185 nosti
2213 2117 2359 2185 Offerunt

380 2204 538 2270 divinitus
561 2205 622 2270 hoc
645 2207 685 2271 ab
707 2206 802 2271 initio
825 2207 952 2290 populis
974 2205 1125 2271 omnibus
1149 2207 1349 2290 insculptum
1399 2207 1543 2273 Hethaei
1564 2207 1745 2290 gratuitum
1768 2205 1977 2289 sepulchrum
1995 2204 2157 2287 Abrahae,
2182 2205 2357 2288 ubicunque

380 2290 459 2369 fuit,
492 2300 531 2356 ut
563 2300 708 2357 mortuos
741 2292 932 2376 sepelirent:
966 2291 1053 2356 unde
1082 2301 1115 2356 et
1144 2302 1256 2358 sancta
1284 2292 1349 2356 illis
1401 2293 1520 2377 eligere
1541 2293 1707 2376 placuerit.
1752 2293 1929 2356 Tcstantnr
1949 2299 2058 2355 antem
2081 2292 2142 2357 hoo
2163 2312 2198 2357 se
2215 2291 2358 2357 Abrahae
2465 2312 2466 2341 ι

379 2377 514 2441 fuerunt
552 2377 732 2461 sepulchra.
790 2378 912 2443 Fateor
950 2398 1016 2442 non
1053 2398 1182 2460 semper
1221 2377 1350 2442 venisse
1400 2379 1575 2444 virtutibus
1602 2378 1689 2443 dare.
1739 2375 1810 2442 Iam
1841 2387 1917 2441 ante
1943 2377 2101 2452 vidimus,
2127 2377 2282 2477 quidquid
2308 2397 2358 2441 ox·

378 2463 526 2545 profanis
554 2461 737 2528 hominibus
766 2463 801 2528 in
830 2471 988 2543 mentem,
1017 2464 1209 2546 superstites
1237 2483 1350 2529 essea
1400 2463 1504 2543 cellit,
1535 2464 1683 2530 divinum
1712 2462 1874 2529 Hebraeis
1910 2463 2027 2528 uocari.
2079 2461 2158 2528 Ideo
2186 2463 2359 2548 principem
2465 2508 2466 2517 ι

378 2557 483 2613 morte
505 2548 647 2628 animas,
676 2555 709 2613 et
730 2568 821 2632 spem
843 2548 940 2613 etiam
968 2550 1214 2615 resurrectionis
1236 2569 1349 2631 corpo·
1398 2549 1464 2615 Dei
1487 2550 1639 2615 hocloco
1667 2548 1815 2633 intellige
1848 2547 2004 2613 eximium
2026 2557 2060 2614 et
2086 2549 2246 2632 singulari
2276 2569 2358 2630 prae·

378 2634 468 2700 ribus
500 2632 658 2716 relinqui,
685 2653 745 2698 nec
775 2655 810 2699 se
839 2644 907 2698 tam
936 2635 990 2717 pia
1018 2633 1227 2700 meditatione
1254 2655 1347 2699 exer·
1400 2636 1529 2700 stantia.
1574 2635 1618 2700 Et
1646 2636 1762 2698 meritc
1790 2654 1885 2716 qnem
1915 2641 2048 2717 propter
2077 2634 2216 2700 virtutes
2246 2633 2359 2710 colunt,

378 2719 500 2797 emisse,
533 2719 659 2802 quoties
691 2727 835 2785 mortuos
865 2721 900 2784 in
933 2720 1116 2803 sepulchris
1149 2721 1346 2786 condebant:
1401 2721 1462 2786 hcc
1479 2721 1661 2804 insigniunt
1682 2719 1802 2804 elogio:
1825 2728 1864 2784 ut
1880 2740 1916 2783 se
1933 2719 2004 2783 Deo
2022 2720 2080 2783 uni
2103 2718 2287 2786 adscribere
2303 2727 2359 2783 ter·

377 2805 434 2870 ssd
454 2826 519 2869 non
537 2806 614 2870 facit
635 2826 747 2870 eornm
769 2806 989 2890 incogitantia,
1011 2807 1090 2889 quin
1112 2826 1223 2872 eornm
1246 2807 1347 2872 oculis
1399 2813 1512 2872 tentnr
1543 2805 1699 2888 quidquid
1728 2807 1888 2870 virtutum
1918 2805 1951 2868 in
1987 2804 2174 2870 hominibus
2210 2803 2360 2870 landast
2465 2863 2466 2882 ,

376 2891 523 2956 subiecta
544 2891 643 2955 luerit
664 2892 772 2975 imago
794 2892 922 2956 futurae
943 2892 1041 2970 vitae,
1063 2901 1101 2956 ut
1123 2899 1233 2956 essent
1254 2893 1346 2956 inex·
1398 2893 1583 2959 reverentia
1605 2892 1741 2974 dignum
1760 2897 1818 2956 est.
1855 2890 1927 2954 Iam
1949 2890 2079 2973 aliquod
2101 2892 2234 2973 pietatis
2257 2911 2360 2956 semen

375 2976 543 3043 cusabiles.
582 2974 749 3042 Abraham
768 2997 847 3042 vero
864 2998 965 3060 qnnm
986 2997 1077 3061 spem
1099 2978 1346 3044 resurrectionis
1398 2979 1433 3043 in
1455 2998 1493 3043 eo
1515 2999 1551 3043 se
1572 2978 1709 3060 profert,
1737 2975 1821 3059 qnod
1849 2975 1974 3041 honore
2001 2975 2179 3060 dignantur
2198 2976 2359 3042 Abraham

375 3063 511 3127 haberet
538 3062 669 3144 penitus
696 3062 832 3127 infixam
854 3062 889 3126 in
912 3063 1009 3128 corde
1030 3083 1105 3143 suo,
1127 3062 1255 3129 visibile
1276 3063 1346 3130 eins
1397 3063 1557 3142 Hethaei,
1591 3083 1686 3146 quem
1717 3061 1801 3128 raris
1833 3061 1969 3144 spiritus
1994 3062 2059 3128 Dei
2088 3061 2183 3127 donis
2212 3069 2360 3127 ornatum

375 3148 559 3232 symbolum
581 3147 705 3225 sedulo,
727 3158 765 3212 nt
787 3147 928 3226 decebat,
951 3148 1059 3214 coluit.
1095 3147 1220 3229 Quanti
1237 3155 1345 3214 autem
1399 3169 1469 3214 esse
1508 3156 1697 3232 agnoscunt.
1752 3147 1888 3214 Profani
1928 3147 2032 3212 anim-
2048 3155 2082 3212 et
2119 3148 2180 3212 leri
2218 3147 2361 3213 homines

374 3235 495 3311 lecerit,
518 3233 762 3317 hincapparet,
789 3233 873 3317 qnod
895 3255 930 3299 se
951 3233 1143 3317 pollutionis
1164 3255 1257 3299 reum
1276 3234 1346 3300 fore
1399 3233 1536 3300 barbaro
1564 3233 1653 3298 fastu
1680 3232 1859 3316 quamlibet
1885 3232 2053 3314 praeclara
2079 3233 2142 3298 Dei
2172 3231 2274 3310 dona,
2303 3252 2361 3296 non

374 3321 519 3403 putavit,
552 3320 580 3385 si
607 3339 722 3403 corpus
756 3321 866 3384 uxoris
898 3331 971 3402 post
1002 3329 1142 3386 mortem
1170 3341 1243 3387 cum
1273 3321 1347 3385 aliis
1398 3339 1491 3386 secus
1514 3341 1551 3386 ac
1580 3320 1774 3404 margaritas
1802 3319 1907 3401 porci,
1936 3317 2136 3384 conculcant.
2182 3320 2227 3384 Et
2257 3329 2360 3383 tamen

373 3407 534 3471 misceret.
579 3406 664 3470 Nam
686 3407 720 3471 in
743 3405 832 3474 hunc
852 3408 953 3471 finem
975 3406 1163 3489 speluncam
1185 3407 1281 3482 emit,
1307 3413 1347 3471 ut
1398 3405 1520 3472 scimus
1554 3425 1653 3488 quam
1692 3404 1805 3469 multis
1843 3403 1933 3470 vitiis
1965 3405 2104 3468 refertae
2136 3403 2263 3470 fuerint
2294 3403 2362 3467 illas

374 3491 437 3558 sibi
454 3512 492 3557 ac
509 3492 577 3557 suis
594 3500 743 3557 sunctum
765 3512 948 3574 purumque
970 3491 1179 3574 sepulchrum
1202 3489 1345 3557 haberet.
1397 3500 1525 3576 gentes:
1557 3511 1622 3639 gno
1651 3489 1775 3555 foedior
1802 3496 1853 3554 est
1880 3490 2047 3573 magisque
2075 3489 2230 3572 pudenda
2258 3497 2364 3554 nostra

374 3576 497 3643 Pedem
527 3587 651 3657 terrae,
683 3577 740 3643 ubi
768 3577 942 3642 tentorium
972 3579 1103 3661 figeret,
1131 3577 1252 3643 habere
1281 3598 1345 3641 non
1395 3577 1555 3660 ingratitu
1579 3597 1607 3651 o,
1630 3576 1657 3641 si
1675 3576 1739 3642 Dei
1757 3574 1944 3658 imaginem,
1968 3575 2046 3640 dnm
2068 3584 2144 3640 ante
2166 3575 2276 3642 oculos
2294 3595 2363 3638 nos·

376 3663 519 3729 curavit:
544 3662 707 3745 sepulchri
726 3671 853 3726 tantum
874 3662 989 3727 habuit
1006 3683 1133 3728 curam:
1152 3665 1345 3746 praesertim
1397 3671 1466 3728 tros
1493 3661 1611 3744 fulget,
1642 3661 1733 3727 nullo
1760 3661 1883 3725 honore
1912 3661 2148 3744 prosequimur.
2202 3660 2362 3728 Sanctitas

375 3749 508 3814 veroin
531 3769 570 3812 ea
593 3757 681 3812 terra
707 3748 872 3831 peculiare
894 3756 927 3812 et
955 3748 1168 3814 domesticum
1191 3749 1252 3813 sibi
1276 3769 1346 3814 esse
1396 3769 1524 3813 morum
1553 3746 1707 3812 Abrahae
1735 3747 1879 3811 favorem
1908 3746 2058 3812 conciliat
2079 3746 2167 3828 apud
2189 3745 2361 3820 Hethaecs,

376 3834 586 3917 sepulchrum
607 3834 725 3910 voluit,
758 3854 841 3917 quae
867 3833 901 3897 in
930 3832 1165 3899 haereditatem
1188 3835 1347 3917 promissa
1396 3845 1434 3900 ut
1455 3835 1541 3898 inter
1559 3855 1593 3899 sc
1615 3833 1758 3898 eminere
1776 3852 1842 3896 non
1860 3832 1995 3919 moleste
2016 3832 2137 3897 ferant:
2162 3854 2246 3915 qnae
2268 3832 2363 3916 igitur

376 3930 461 3984 erat:
485 3928 698 3984 attestatum
719 3919 857 4001 posteris
879 3919 1010 3998 faceret,
1031 3936 1091 3985 nec
1113 3940 1173 3985 sna
1193 3941 1253 3984 nec
1275 3941 1346 3985 suo·
1396 3919 1562 3985 excusatio
1585 3918 1686 3996 nobis,
1710 3918 1738 3984 si
1763 3919 1899 3982 virtutes
1921 3918 1957 3982 in
1980 3918 2098 4000 quibus
2119 3920 2296 4001 conspicua
2318 3923 2363 3979 est

375 4026 449 4070 rum
471 4013 576 4069 morte
593 4007 790 4068 exstinctam
809 4025 879 4070 esse
891 4004 956 4070 Dei
976 4005 1243 4088 promissionem:
1266 4006 1344 4088 quin
1396 4005 1461 4071 Dei
1476 4005 1639 4081 maiestas,
1657 4004 1783 4068 minore
1800 4003 1835 4067 in
1853 4003 1959 4085 pretio
1977 4003 2158 4068 habemns?
2177 4003 2363 4069 Diabolions

374 4091 483 4174 potius
506 4097 585 4155 tunc
606 4091 727 4174 vigere,
751 4091 856 4173 etqui
878 4090 951 4156 luce
972 4091 1049 4156 solis
1068 4098 1101 4155 et
1118 4090 1236 4173 spiritu
1257 4112 1345 4156 acm·
1396 4111 1474 4157 vero
1493 4098 1542 4156 est
1559 4110 1670 4155 eornm
1688 4091 1779 4155 furor
1796 4089 1852 4171 qui
1869 4087 1934 4153 Dei
1951 4089 2075 4172 gratias
2092 4109 2160 4153 non
2183 4089 2363 4174 despiciunt

375 4177 468 4241 mnni
501 4174 605 4240 orbati
639 4185 747 4253 erant,
781 4176 959 4258 promissae
992 4186 1102 4241 tamen
1135 4177 1345 4241 haereditatis
1396 4176 1510 4256 solum,
1532 4175 1589 4242 sed
1611 4177 1708 4240 etiam
1731 4175 1883 4240 ferociter
1904 4181 2103 4258 oppugnant.

375 4282 505 4344 semper
525 4280 658 4326 manere
680 4269 854 4328 consortes.
894 4262 980 4344 Ipsis
1001 4263 1089 4328 enirn
1112 4263 1294 4327 tacentibus
1312 4267 1345 4326 et
1482 4262 1511 4326 7.
1533 4261 1579 4338 Et
1598 4262 1738 4326 surrexit
1759 4259 1931 4325 Abrabam.
1974 4261 2118 4325 Recusat
2143 4259 2291 4326 oblatum
2313 4259 2363 4321 be·

373 4348 483 4426 mutis,
505 4346 666 4412 clamabat
687 4347 895 4430 sepulchrum
918 4355 1056 4412 mortem
1078 4368 1144 4412 non
1166 4348 1266 4413 luisse
1288 4347 1343 4412 ob·
1395 4347 1547 4413 celicium
1570 4347 1610 4412 ab
1632 4345 1810 4411 Hethaeis:
1833 4345 1917 4428 qnod
1935 4365 1974 4410 ec
1996 4345 2130 4411 consilio
2152 4347 2277 4412 factum
2298 4342 2363 4425 qui-

374 4433 509 4512 staculc,
532 4433 705 4516 quominus
727 4434 796 4498 eins
814 4435 1048 4516 possessionem
1073 4432 1210 4498 adirent.
1251 4432 1344 4514 Quae
1395 4432 1470 4497 dam
1492 4433 1767 4516 interpretantur,
1796 4452 1838 4495 nc
1860 4453 1895 4497 se
1915 4431 1950 4495 in
1971 4453 2008 4496 re
2037 4430 2166 4498 tantula
2187 4431 2363 4498 obnoxium

375 4520 527 4603 cogitatio
547 4518 654 4584 locum
677 4518 796 4584 habere
814 4540 881 4584 non
902 4520 1019 4603 potuit,
1041 4519 1104 4584 nisi
1124 4519 1291 4583 Abraham
1309 4519 1343 4583 in
1394 4516 1554 4583 redderet.
1610 4517 1713 4600 Atqui
1745 4518 1853 4599 potins
1886 4517 1947 4582 hoc
1983 4515 2078 4582 modo
2111 4518 2226 4583 testari
2262 4514 2366 4581 voluit

374 4605 499 4672 coelum
535 4604 599 4669 fida
628 4605 816 4687 suspiceret.
872 4605 918 4670 Et
947 4605 1025 4669 dum
1055 4603 1196 4670 cadaver
1231 4606 1343 4670 uxoris
1394 4604 1517 4669 nnllam
1540 4602 1604 4669 sibi
1624 4624 1695 4668 esse
1715 4603 1892 4686 gratuitam
1916 4602 1956 4668 ab
1978 4602 2092 4668 incolis
2120 4603 2366 4684 possessionem,

372 4695 528 4756 mortuum
560 4711 653 4754 suum
686 4701 797 4768 vocat,
838 4690 903 4755 tale
935 4691 1097 4775 significat
1128 4692 1241 4756 mortis
1274 4711 1344 4756 esse
1394 4690 1452 4773 qni
1475 4689 1537 4754 Dei
1566 4708 1668 4753 mann
1698 4688 1850 4753 eiiciendi
1875 4703 1969 4753 erant
1992 4688 2085 4753 utin
2115 4709 2226 4754 eornm
2260 4687 2364 4751 locum

278 4789 282 4794 ”
374 4775 569 4852 divortium,
608 4786 646 4841 ut
678 4775 787 4858 aliqua
819 4777 962 4859 supersit
992 4776 1185 4842 coniunctio.
1239 4776 1345 4842 Porro
1394 4775 1595 4841 succederet:
1629 4793 1757 4856 semper
1784 4775 1872 4840 enirn
1900 4794 2013 4840 omnes
2040 4795 2156 4840 sensus
2186 4773 2306 4839 habuit
2333 4770 2364 4833 in

373 4863 425 4928 ins
456 4870 588 4926 mutuae
618 4862 869 4928 necessitudinis
897 4862 984 4926 inter
1013 4863 1105 4927 vivos
1133 4873 1166 4924 et
1198 4870 1344 4927 mortuos
1395 4861 1503 4926 Deum
1525 4862 1679 4937 intentos,
1702 4869 1740 4923 ut
1757 4859 1878 4925 nudam
1897 4861 1966 4924 eius
1989 4861 2251 4942 promissionem,
2276 4875 2365 4940 prae-

372 4969 441 5013 ncn
470 4945 557 5012 alind
586 4948 673 5012 lovet
702 4968 739 5013 ac
772 4955 945 5014 conservat
978 4968 1074 5030 qnam
1107 4948 1218 5011 futura
1249 4947 1344 5012 resti·
1395 4947 1483 5012 senti
1505 4952 1611 5011 terrae
1644 4946 1787 5010 dominic
1812 4945 1910 5029 longe
1936 4946 2123 5028 praeterret.
2170 4943 2366 5010 Modestiam

372 5035 466 5098 tntic.
524 5031 589 5098 Sed
621 5042 767 5116 praestat
799 5033 929 5118 singula
961 5031 1106 5099 breviter
1139 5032 1254 5098 ordine
1287 5054 1343 5097 cx·
1393 5053 1520 5115 quoqne
1541 5032 1646 5097 sancti
1668 5031 1734 5094 viri
1755 5030 1961 5096 commendat
1984 5032 2108 5110 Moses,
2136 5051 2237 5112 quum
2261 5047 2366 5094 accre-

370 5119 523 5203 peudere.
1393 5119 1479 5183 :cisae
1500 5117 1586 5195 dicit,
1608 5122 1644 5182 ut
1665 5116 1810 5182 mereret
1819 5118 1974 5198 poprtlam
1991 5122 2099 5182 terrae.
2138 5115 2313 5196 Quantum
2327 5109 2366 5177 ad

457 5205 488 5269 4.
512 5202 748 5288 Pereprioccet
769 5205 890 5270 moena
909 5225 988 5270 aum.
1024 5204 1101 5269 Huc
1122 5202 1229 5268 tendit
1250 5223 1343 5286 prae·
1394 5224 1513 5269 nomen
1540 5202 1738 5268 adorationis
1770 5204 1928 5285 pertinet,
1962 5202 2154 5285 simpliciter
2181 5223 2242 5286 pro
2275 5219 2366 5265 rere·

372 5290 465 5368 tatio,
491 5289 544 5354 vol
567 5297 606 5353 ut
627 5289 818 5373 suppliciter
844 5291 1005 5374 rogando,
1035 5290 1161 5356 facilius
1189 5289 1344 5371 impetret
1393 5290 1501 5354 nentia
1529 5288 1702 5371 accipitur,
1731 5307 1828 5370 qnam
1851 5290 1922 5371 quis
1952 5287 2097 5354 declarat
2126 5285 2368 5373 geniculatione

371 5376 457 5458 quod
479 5376 584 5458 cupit:
606 5373 660 5439 vel
682 5385 719 5441 nt
741 5394 871 5439 omnem
893 5376 1080 5459 cupiditatis
1100 5373 1257 5442 invidiam
1281 5373 1342 5439 tol-
1394 5374 1447 5439 vel
1479 5373 1543 5439 alio
1572 5375 1715 5457 corporis
1747 5382 1850 5458 gestu.
1902 5375 1987 5439 Idam
2020 5395 2116 5458 porro
2148 5372 2370 5440 commnniter
