5000 6208
312 441 378 507 343
669 543 672 552 1
962 445 1335 516 COMMENTARIUS
1355 446 1406 514 IN
1428 445 1643 516 GRNNSIN.
2243 441 2314 507 344

312 648 401 696 auno
412 630 587 696 centesimo
599 631 747 718 frigidus,
767 642 799 699 et
814 634 856 701 ad
872 636 1095 720 generandum
1114 637 1286 720 impotens,
1337 636 1537 720 propinquus
1565 650 1652 702 esset
1680 634 1780 700 morti
1802 633 1985 713 Abraham,
2015 630 2184 699 consilium
2207 631 2247 696 ab
2270 651 2310 696 eo

312 715 530 801 quadraginta
562 725 637 801 post
669 720 764 786 annis
796 722 946 806 genuerit
977 723 1160 807 complures
1192 722 1286 788 filios.
1337 722 1455 787 initum
1477 722 1589 802 fuisse,
1612 742 1677 806 quo
1699 721 1773 786 lites
1794 741 1815 784 a
1836 729 1942 786 morte
1963 739 2023 784 sua
2043 717 2131 783 inter
2153 715 2237 783 filios
2258 716 2309 781 di-

311 799 413 866 Multi
430 807 467 867 ut
488 801 647 887 effugiant
669 805 730 872 hoc
752 805 948 887 absurdum,
971 808 1127 876 (laturam
1149 807 1286 874 eandem
1338 808 1483 873 rimaret:
1513 827 1631 892 nempe
1653 807 1737 890 quod
1759 807 1854 872 Isaac
1875 806 2006 871 unicum
2029 803 2207 869 instituens
2229 801 2309 902 haa-

311 886 437 952 faciunt
458 908 534 954 cnm
556 887 657 974 Agar.
703 889 771 958 Sed
794 913 905 958 acrum
931 901 1152 968 commentum
1174 894 1287 960 statim
1337 892 1449 958 redem
1477 893 1618 978 reliquos
1646 892 1836 959 muneribus
1865 899 1998 958 ornatos
2026 913 2046 954 a
2074 910 2109 954 se
2137 889 2315 956 dimiserit.

311 971 475 1038 refellitur
502 975 539 1039 in
567 984 740 1042 contextu:
769 977 826 1042 ubi
855 977 932 1045 dicit
961 980 1088 1060 Moses,
1118 977 1285 1046 Abraham
1337 976 1432 1044 Dura
1453 978 1584 1063 quidem
1605 981 1642 1043 iu
1664 980 1803 1062 speciem
1826 987 1860 1042 et
1881 976 2022 1044 crudelis
2046 975 2221 1060 ablegatio:
2251 973 2310 1075 sad

312 1056 398 1122 dona
420 1057 546 1126 dedisse
568 1061 644 1127 liliis
666 1063 931 1130 concubinarum.
976 1066 1022 1131 Et
1044 1087 1085 1132 ex
1109 1066 1138 1131 1.
1163 1065 1286 1132 Chron.
1337 1064 1403 1130 Dei
1424 1064 1623 1131 ordinationi
1642 1084 1679 1130 ac
1709 1063 1838 1130 decreto
1866 1060 2081 1148 respondens,
2111 1070 2150 1125 ut
2171 1075 2312 1144 posteris

314 1143 342 1221 l,
361 1142 404 1209 32
422 1143 509 1210 idem
532 1157 644 1229 aperte
662 1148 834 1232 colligitur.
869 1149 937 1215 Alii
961 1152 1139 1218 coniiciunt
1155 1152 1288 1220 vivente
1337 1149 1431 1217 Isaac
1448 1150 1517 1216 inte
1541 1172 1578 1216 ra
1595 1157 1703 1215 terrae
1719 1149 1880 1233 possessio
1898 1155 2056 1214 maneret
2089 1147 2203 1230 Neque
2221 1147 2310 1212 euim

312 1227 421 1296 adhuc
440 1227 524 1297 Sara
541 1232 709 1300 Abraham
728 1235 905 1318 sumpsisse
922 1235 986 1304 sibi
1003 1258 1120 1304 novam
1139 1257 1286 1303 uxorem.
1338 1236 1493 1303 Abrahae
1518 1173 1634 1303 licebat
1668 1236 1901 1302 haereditatem
1932 1255 1992 1300 sao
2020 1233 2154 1299 arbitrio
2183 1233 2311 1317 partiri,

313 1313 410 1395 Quod
428 1317 557 1382 tametsi
637 1319 670 1385 vi
692 1320 946 1403 reprehensione
968 1322 1104 1408 dignum
1127 1323 1195 1402 fuit,
1219 1341 1287 1387 non
1339 1343 1403 1404 qua
1431 1322 1497 1388 iam
1526 1322 1561 1388 iu
1587 1319 1725 1389 solidum
1756 1320 1894 1387 donatus
1923 1321 2029 1386 marat
2050 1319 2153 1384 Isaac.
2198 1318 2319 1400 Quarev

312 1407 456 1466 tamena
474 1402 575 1468 lidea
598 1405 718 1470 horret.
754 1404 884 1475 Scimus
902 1408 965 1475 hoe
986 1429 1057 1476 esse
1077 1408 1287 1489 ordinarium,
1337 1407 1423 1472 nihil
1445 1407 1596 1487 restabat,
1618 1406 1683 1473 uisi
1705 1413 1744 1473 ut
1764 1407 1827 1474 hac
1848 1405 1915 1472 illis
1935 1407 2062 1471 ratione
2083 1425 2168 1488 quae
2189 1403 2310 1470 descri-

314 1493 352 1551 ut
384 1487 488 1552 nimia
519 1487 671 1556 licentiae
703 1493 915 1576 usurpatione
948 1494 1087 1562 audaces
1108 1493 1288 1560 reddantur
1339 1493 1427 1560 bitur
1444 1495 1637 1560 consuleret.
1667 1493 1803 1559 Nuncsi
1820 1493 1894 1577 qnia
1911 1512 2016 1558 unum
2033 1512 2075 1555 ex
2092 1490 2169 1556 liliis
2185 1490 2319 1570 eligens-

313 1570 473 1638 homines.
528 1573 582 1640 Ita
613 1575 719 1662 legem
753 1578 895 1663 coniugii
928 1581 1029 1646 semel
1062 1589 1287 1664 transgressus
1338 1579 1401 1645 sibi
1412 1579 1594 1659 haeredem,
1612 1578 1754 1662 reliquos
1765 1577 1925 1659 excludat,
1943 1578 2039 1644 faciet
2048 1575 2129 1660 ipsis
2145 1576 2311 1654 iniuriam,

314 1656 493 1738 Abraham,
516 1660 662 1728 fortassis
684 1672 756 1746 post
779 1663 949 1731 dissidium
970 1667 1061 1751 Agar
1082 1666 1288 1750 polygamiae
1338 1665 1526 1732 aciuiustac
1544 1663 1825 1732 exhaeredationis
1835 1665 1904 1742 face
1915 1663 2113 1746 perniciosas
2130 1662 2204 1728 lites
2222 1662 2312 1728 domi

314 1742 414 1808 finem
437 1765 503 1810 non
524 1744 614 1813 facit.
659 1748 710 1813 Ad
739 1750 818 1816 haec
839 1750 1019 1816 verisimile
1041 1761 1107 1831 est,
1138 1752 1286 1830 divortio,
1337 1771 1416 1816 suae
1448 1751 1611 1818 accendat.
1656 1748 1769 1832 Quare
1797 1749 1941 1816 notanda
1967 1758 2017 1815 ast
2045 1749 2195 1830 specialis
2216 1750 2315 1827 ratio,

314 1830 399 1911 quod
415 1829 513 1910 illum
527 1851 601 1896 eum
615 1835 706 1919 Agar
723 1835 829 1901 facere
849 1837 954 1921 coegit
965 1837 1059 1918 Sara,
1076 1838 1287 1904 vulneratum
1339 1857 1403 1920 qua
1417 1858 1483 1902 non
1501 1836 1656 1904 inductus
1666 1834 1772 1917 modo,
1790 1835 1847 1902 sed
1865 1835 2051 1919 compulsus
2069 1833 2132 1899 fuit
2143 1833 2313 1901 Abraham

314 1913 416 1980 fnisse
433 1916 503 1983 eius
521 1918 679 1984 animum.
711 1920 784 1987 Hoc
802 1920 932 2004 quidem
951 1932 1065 1990 sancto
1082 1923 1289 2008 patriarchae
1339 1922 1380 1988 ad
1401 1923 1486 1990 filios
1508 1922 1710 1988 haereditate
1733 1921 1924 2006 privandos,
1953 1929 1986 1986 et
2009 1920 2121 2004 procul
2144 1919 2313 1986 dimoven-

313 2001 522 2082 probrosum,
550 2004 602 2070 vel
632 2005 749 2070 saltem
778 2008 888 2074 minus
917 2007 1067 2074 decorum
1099 2010 1168 2075 luit.
1220 2007 1287 2075 Sed
1339 2008 1412 2074 dos:
1443 2031 1485 2075 ne
1514 2010 1639 2076 scilieet
1667 2008 1799 2073 illorum
1821 2009 2008 2074 interventu
2031 2006 2156 2072 turbari
2178 2026 2317 2072 necasse

312 2085 401 2150 inter
428 2108 542 2154 omnes
569 2091 772 2158 coniecturas
800 2092 892 2158 nulla
917 2094 1000 2159 mihi
1022 2095 1153 2162 videtur
1172 2095 1287 2178 probaÎ‡
1338 2096 1423 2161 forat
1443 2094 1529 2178 quod
1551 2095 1590 2160 de
1612 2093 1705 2161 Isaac
1726 2093 1884 2159 divinitus
1912 2092 2166 2179 pronuntiatum
2191 2093 2310 2157 fuerat

315 2169 418 2239 bilior.
464 2174 548 2239 llam
571 2177 598 2241 si
621 2177 812 2261 recipimus,
846 2179 951 2246 alieno
977 2180 1047 2246 loco
1074 2181 1198 2246 inserta
1225 2181 1289 2246 erit
1338 2180 1493 2246 Diximus
1532 2179 1609 2246 alibi
1641 2179 1803 2245 Hebraeis
1835 2179 1944 2245 vocari
1977 2179 2192 2244 concubinam
2226 2197 2314 2260 quae

315 2259 477 2324 narratio:
500 2261 595 2326 sicuti
613 2262 802 2345 frequenter
819 2265 901 2330 solet
913 2265 1031 2344 Moses,
1049 2286 1130 2350 quae
1143 2275 1289 2349 tempore
1339 2265 1427 2331 thori
1446 2274 1495 2332 est
1512 2267 1606 2343 socia,
1627 2273 1821 2346 nouantem
1845 2265 2002 2331 bonorum
2023 2264 2181 2330 omnium.
2215 2262 2312 2328 Idem

314 2343 531 2426 praecedunt,
560 2347 595 2412 iu
624 2348 725 2413 alium
754 2350 900 2415 ordinem
931 2351 1074 2418 relicere.
1119 2353 1229 2435 Atque
1251 2358 1289 2416 ut
1339 2352 1439 2417 etiam
1460 2352 1607 2437 gentium
1630 2351 1778 2417 omnium
1799 2370 1891 2416 more
1915 2358 2098 2432 receptum,
2127 2357 2161 2416 et
2182 2349 2314 2434 legibus

310 2427 391 2494 haec
413 2431 497 2496 ratio
518 2451 586 2496 nou
608 2443 734 2518 urgeat,
756 2456 809 2501 res
831 2445 940 2502 tamen
963 2437 1034 2521 ipsa
1055 2437 1198 2503 ostendit
1216 2458 1288 2504 esse
1338 2438 1499 2504 sancitum
1521 2438 1593 2507 tuit.
1634 2436 1691 2504 Sic
1713 2444 1826 2520 postea
1842 2437 2026 2502 videbimus
2043 2439 2113 2503 Lea
2133 2445 2167 2501 et
2185 2435 2312 2500 Rachel

309 2514 345 2578 in
386 2515 446 2582 hac
485 2517 622 2583 historia
661 2515 785 2606 detegor
820 2520 971 2608 Ï€Ïá½¹Ï„ÎµÏÎ¿Î½.
1027 2523 1285 2608 Nonagesimum
1338 2523 1510 2606 primarias
1538 2524 1638 2589 fuisse
1664 2542 1800 2590 uxores:
1828 2522 1929 2587 Bilha
1959 2543 2035 2588 vero
2062 2532 2097 2588 et
2117 2521 2240 2605 Zilpha
2260 2541 2313 2586 sc-

311 2621 435 2666 annum
458 2613 643 2669 excesserat
666 2603 750 2672 Sara
776 2628 877 2690 quum
907 2610 1034 2693 peperit
1054 2610 1159 2674 filium
1182 2609 1285 2690 Isaac,
1338 2609 1445 2675 cundo
1467 2610 1566 2674 luisse
1587 2608 1706 2694 gradu,
1725 2617 1761 2672 ut
1783 2608 1910 2674 servilis
1931 2617 2081 2675 maneret
2102 2628 2217 2675 aarum
2235 2626 2314 2671 eonÎ‡

311 2695 441 2752 mortua
463 2697 514 2754 est
535 2691 714 2756 centesimo
736 2693 890 2760 vicesimo
913 2696 1050 2778 septimo
1073 2695 1191 2761 aetatis
1209 2715 1286 2761 suaa
1339 2694 1427 2774 ditio,
1446 2695 1596 2778 quamvis
1607 2696 1640 2759 in
1653 2695 1787 2760 thorum
1805 2693 2007 2778 coniugalem
2027 2703 2176 2779 receptae
2193 2694 2314 2758 forent.

311 2792 414 2838 anno:
438 2773 534 2839 duxit
550 2775 643 2842 Isaac
661 2797 799 2844 uxorem
818 2799 921 2846 annos
943 2780 1162 2866 quadraginta
1180 2790 1285 2847 natus.
1338 2779 1451 2861 Quum
1473 2780 1535 2847 hac
1557 2780 1628 2865 lege
1645 2781 1761 2862 Hagar
1777 2786 1811 2844 et
1828 2777 1984 2845 Oeturam
2005 2803 2125 2848 uxores
2142 2778 2315 2846 Abraham

311 2858 400 2942 Ergo
436 2859 503 2927 fere
542 2861 795 2944 quadriennium
828 2865 918 2931 inter
950 2867 1066 2931 matris
1099 2867 1221 2933 obitum
1253 2876 1286 2932 et
1339 2867 1495 2944 duxisset,
1517 2865 1645 2933 licitum
1662 2865 1710 2929 illi
1729 2865 1828 2930 luisse
1850 2864 1982 2931 videtur
2003 2869 2157 2952 exiguam
2180 2874 2315 2931 tantum

311 2945 443 3028 nuptias
471 2946 664 3014 intercessit.
711 2946 748 3015 si
771 2957 881 3033 postea
902 2973 1040 3017 uxorem
1062 2952 1157 3017 duxit
1179 2953 1285 3019 Abra-
1338 2973 1380 3017 ex
1402 2949 1496 3018 bonis
1517 2953 1586 3018 suis
1607 2961 1732 3036 partem
1757 2949 1836 3016 filiis
1863 2972 1976 3017 aarum
2004 2971 2153 3038 erogare:
2182 2953 2248 3016 ime
2273 2951 2315 3017 ab

310 3028 399 3109 ham,
419 3031 496 3115 quid
514 3032 564 3096 illi
582 3033 615 3097 in
634 3042 778 3099 mentem
801 3037 900 3114 venit,
921 3059 1023 3121 quum
1044 3038 1110 3104 iam
1132 3038 1286 3105 viduitati
1337 3037 1434 3104 unice
1452 3037 1590 3103 haerede
1604 3036 1645 3103 ad
1663 3058 1718 3104 eos
1737 3057 1857 3120 aequas
1873 3045 1984 3121 partes
2002 3041 2188 3118 transferre,
2208 3058 2317 3120 neque

310 3115 423 3197 plures
441 3136 545 3184 annos
562 3120 783 3186 assuevisset?
803 3120 1286 3209 (loniioereergolicatllioseu,
1337 3124 1402 3202 fas,
1426 3144 1531 3208 neque
1553 3143 1693 3206 aequum
1715 3123 1839 3189 fuisset
1885 3124 1931 3188 llt
1953 3123 2038 3190 forte
2064 3125 2155 3191 nulla
2178 3124 2219 3189 de
2240 3145 2317 3189 sucÎ‡

311 3200 366 3265 ubi
390 3202 619 3270 inscribenda
639 3204 795 3272 Abrahae
817 3207 885 3272 vita
906 3207 947 3273 ad
969 3216 1153 3276 extremum
1177 3217 1285 3276 actum
1338 3209 1483 3275 cessione
1504 3209 1616 3274 futura
1637 3209 1678 3274 lis
1700 3215 1780 3287 erat,
1803 3207 1857 3274 vel
1879 3211 2062 3276 cententio:
2085 3211 2143 3277 sed
2165 3229 2221 3275 cos
2238 3229 2315 3293 pro-

312 3295 452 3352 ventum
482 3297 545 3368 est,
575 3291 784 3374 interponere
814 3293 900 3375 quod
922 3295 1085 3362 omiserat.
1130 3293 1287 3360 Nondum
1338 3295 1392 3362 cul
1413 3296 1576 3374 emittens,
1594 3293 1677 3360 illud
1695 3295 1781 3377 quod
1798 3291 1868 3360 dixi
1882 3296 2067 3379 periculum
2085 3297 2252 3380 anticipat,
2272 3316 2318 3359 ue

312 3381 423 3446 tamen
446 3374 571 3440 solutus
593 3393 642 3442 est
663 3376 779 3443 nodus.
815 3377 911 3446 Unde
933 3381 1022 3446 enim
1045 3402 1151 3449 novus
1174 3382 1223 3446 illi
1244 3379 1286 3446 ad
1338 3389 1464 3465 partem
1494 3389 1601 3446 terrae
1627 3388 1802 3463 occupent,
1832 3401 1930 3464 quam
1953 3383 2043 3448 Deus
2070 3381 2147 3448 selis
2175 3381 2318 3465 posteris

310 3458 504 3526 muliebrem
526 3460 736 3528 concubitum
758 3463 865 3549 vigor,
887 3487 989 3549 quum
1010 3473 1150 3533 testetur
1161 3467 1287 3533 Paulus
1338 3467 1432 3532 Isaac
1454 3475 1556 3533 totam
1579 3464 1808 3532 destinaverat.

309 3544 375 3610 iam
395 3545 486 3628 prius
504 3547 774 3618 emarcidoluisse
785 3551 940 3634 corpore?
958 3550 1068 3620 Sentit
1081 3554 1287 3638 Augustinus
1426 3553 1455 3618 7.
1478 3551 1523 3617 Et
1543 3553 1599 3618 isti
1625 3557 1698 3618 ecurt
1718 3553 1795 3618 dics.
1841 3549 2022 3618 Descendit
2050 3554 2116 3619 iam
2139 3553 2250 3619 Moses
2274 3544 2343 3619 ad*

310 3651 376 3696 non
407 3634 518 3718 exigui
547 3633 642 3700 modo
671 3636 828 3720 temporis
851 3636 963 3703 datum
987 3639 1035 3704 illi
1056 3639 1157 3707 fuisse
1178 3640 1286 3718 robur,
1338 3645 1479 3704 mortem
1497 3638 1659 3704 Abrahae.
1702 3636 1752 3702 Ao
1773 3638 1881 3720 primo
1903 3636 2034 3722 quidem
2055 3640 2090 3704 in
2113 3641 2184 3706 eius
2207 3647 2319 3705 aetate

311 3715 398 3801 quod
420 3717 462 3784 ad
484 3719 683 3804 gignendum
706 3721 801 3787 Isaac
823 3724 995 3803 sufficeret,
1021 3723 1078 3790 sed
1101 3724 1215 3791 divina
1235 3726 1287 3790 inÎ‡
1338 3723 1502 3790 notandus
1520 3735 1571 3789 est
1588 3743 1745 3788 numerus
1768 3744 1930 3789 annorum
1948 3726 2065 3807 quibus
2087 3725 2321 3810 peregrinatus

310 3806 515 3871 staurationa
554 3807 740 3872 refloruisse
771 3807 807 3872 in
840 3808 1001 3892 reliquum
1029 3811 1117 3876 vitae
1149 3819 1288 3894 tempus.
1339 3821 1399 3876 est.
1444 3811 1550 3876 Mirae
1572 3809 1661 3876 enim
1684 3819 1718 3874 et
1738 3809 2002 3896 incomparabilis
2029 3811 2222 3876 tolerantiae
2244 3811 2322 3879 laus

313 3889 422 3970 Quam
445 3911 505 3974 ogo
527 3893 742 3973 sententiam,
773 3901 844 3959 tum
875 3895 950 3978 quia
977 3895 1128 3962 miraculi
1149 3897 1288 3981 gloriam
1337 3895 1418 3972 fuit,
1446 3893 1532 3979 quod
1553 3917 1613 3979 per
1634 3902 1767 3962 centum
1794 3916 1897 3962 annos
1926 3897 2096 3974 oberrans,
2124 3917 2225 3981 quum
2249 3897 2321 3962 DoÎ‡

314 3975 512 4062 amplificat,
541 3986 611 4042 tum
638 3979 712 4044 aliis
737 3978 777 4044 de
806 3982 912 4046 cauus
939 3982 1079 4049 libenter
1101 3984 1288 4067 amplector.
1340 3983 1450 4048 minus
1472 4002 1547 4047 eum
1571 3982 1659 4048 varie
1688 3983 1940 4066 circumegerat,
1971 3983 2060 4048 nuda
2082 3980 2148 4048 Dei
2177 3984 2321 4066 promis-

313 4059 384 4126 Neo
402 4061 510 4128 obstat
527 4062 613 4146 quod
630 4063 721 4147 prius
744 4064 822 4144 dixi,
845 4067 1001 4134 miraculo
1018 4068 1166 4152 genitum
1189 4069 1290 4134 fuisse
1340 4067 1430 4132 sione
1463 4076 1636 4133 contentus
1668 4067 1730 4132 fuit
1759 4073 1825 4132 tam
1854 4067 1889 4133 in
1916 4076 2020 4133 morte
2047 4089 2147 4151 quam
2175 4070 2210 4133 in
2238 4070 2322 4136 vita.

314 4147 418 4221 Isaac,
441 4147 526 4231 quod
549 4158 635 4214 esset
656 4150 828 4234 spirituale
850 4173 978 4218 semen:
1002 4174 1080 4219 uam
1101 4154 1231 4238 proprie
1254 4154 1290 4218 in
1341 4153 1431 4218 Eaut
1463 4174 1551 4219 nnuc
1584 4152 1700 4236 quibus
1733 4153 1810 4217 anni
1842 4154 1943 4219 unius
1976 4153 2026 4219 vel
2058 4174 2236 4237 paucarum
2267 4157 2319 4222 iu-

315 4232 387 4299 eius
426 4235 566 4318 gratiam
599 4235 742 4320 reviguit
781 4236 942 4304 caducum
976 4238 1129 4305 Abrahae
1162 4261 1289 4323 corpus.
1341 4237 1566 4322 quietudinem
1600 4239 1686 4304 farre
1714 4237 1889 4305 molestum
1917 4247 1980 4305 est:
2016 4260 2117 4322 quum
2147 4239 2321 4306 Abraham

316 4317 414 4398 Quod
437 4319 494 4384 alii
515 4327 627 4403 postca
648 4322 752 4406 geniti
774 4331 861 4403 sunt,
883 4324 975 4407 quasi
997 4324 1196 4392 accidentale
1218 4325 1289 4392 fuit.
1340 4334 1434 4408 pater
1463 4321 1609 4389 fidelium
1637 4345 1702 4390 non
1733 4323 1827 4390 modo
1857 4335 1990 4391 eentum
2017 4327 2113 4391 annis
2135 4327 2323 4410 inquilinus

316 4403 375 4470 Sia
396 4404 454 4470 illa
476 4405 541 4470 Dei
563 4406 761 4473 benedictio:
785 4408 941 4488 Crescite,
964 4418 997 4476 et
1019 4410 1290 4495 multiplicamini,
1341 4412 1448 4490 luerit,
1471 4409 1528 4475 sad
1551 4412 1649 4475 etiam
1671 4411 1758 4475 inter
1779 4410 1923 4493 plurima
1944 4410 2059 4477 exsilia
2081 4413 2229 4479 iactatus.
2260 4414 2323 4478 InÎ‡

316 4511 399 4574 quae
421 4491 573 4577 coniugio
593 4513 723 4558 annexa
745 4504 803 4575 est,
825 4494 867 4561 ad
885 4515 985 4580 vagas
1003 4494 1155 4563 libidines
1177 4505 1289 4563 extenÎ‡
1341 4504 1430 4561 terea
1453 4504 1564 4561 tamen
1586 4494 1706 4561 diserte
1726 4497 1863 4580 exponit
1884 4496 2004 4576 Moses,
2025 4498 2209 4564 Dominum
2231 4499 2321 4582 quod

316 4576 414 4642 ditur.
470 4576 569 4644 Oerta
608 4579 635 4644 si
674 4599 812 4646 uxorem
852 4582 1027 4666 superstite
1066 4582 1174 4649 adhuc
1207 4582 1292 4650 Sara
1342 4581 1506 4664 pollicitus
1528 4582 1636 4647 luerat
1663 4581 1712 4647 illi
1734 4581 1950 4666 praestitisse:
1976 4582 2129 4650 Moriaris
2159 4586 2192 4650 iu
2218 4605 2322 4652 scacc-

316 4660 416 4812 dqmd
445 4663 527 4728 mihi
555 4664 661 4749 magis
689 4665 861 4753 probatur)
882 4666 1015 4732 induxit
1036 4668 1215 4748 Abraham,
1239 4671 1290 4735 inÎ‡
1340 4672 1402 4733 tacte
1439 4667 1528 4734 bono.
1593 4667 1790 4752 Quanquam
1829 4689 1907 4735 varo
1946 4667 2061 4734 duram
2095 4679 2129 4737 et
2168 4691 2321 4756 asperam

339 4749 437 4832 ignus
460 4757 530 4814 erat
551 4750 644 4816 cuius
666 4751 850 4817 adulterino
872 4752 1023 4838 coniugio
1044 4754 1137 4820 Deus
1159 4755 1291 4821 benediÎ‡
1341 4752 1493 4818 militiam
1517 4755 1668 4820 certavit:
1703 4754 1766 4819 luit
1787 4760 1898 4820 tamen
1922 4774 1989 4820 uon
2010 4754 2094 4820 levis
2115 4778 2177 4822 nec
2197 4757 2326 4842 exigua

316 4844 415 4902 cerat.
461 4835 637 4902 Caeterum
660 4838 719 4901 etsi
750 4859 808 4903 uos
831 4839 912 4904 latet
933 4861 993 4906 our
1014 4839 1068 4905 hic
1090 4841 1214 4925 gratiae
1237 4862 1290 4906 cuÎ‡
1341 4839 1534 4919 consolatio,
1575 4839 1659 4924 quod
1692 4840 1779 4906 inter
1812 4847 1862 4906 tot
1901 4859 2076 4905 aerumnas
2107 4843 2181 4907 Deo
2215 4843 2323 4909 vitam

315 4918 426 4985 mulus
447 4917 488 4985 ad
509 4921 630 4986 iustam
648 4942 837 4988 mensuram
859 4927 1039 5003 accesserit,
1062 4926 1096 4990 in
1119 4947 1158 4991 ao
1180 4933 1290 4992 tamen
1342 4946 1436 4990 suam
1465 4947 1563 4992 aurae
1584 4946 1657 4993 esse
1686 4925 1794 4991 sciret.
1839 4924 1937 5006 Quod
1960 4928 1987 4992 si
2010 4947 2095 4990 unus
2113 4927 2168 4992 ille
2187 4928 2250 4993 Dei
2270 4931 2323 4994 inÎ‡

317 5004 442 5070 relucet
464 5007 547 5070 mira
570 5007 633 5072 Dei
662 5008 885 5091 providentia,
916 5010 1001 5094 quod
1028 5032 1128 5095 quum
1154 5034 1195 5078 ex
1219 5013 1291 5078 aliis
1340 5011 1444 5076 tuitus
1465 5031 1541 5078 aum
1563 5019 1631 5077 tota
1652 5011 1721 5077 vita
1741 5012 1910 5091 sustinuit,
1940 5033 1981 5078 ne
2003 5011 2090 5076 iuter
2107 5013 2330 5097 gravismmos

317 5090 395 5156 filiis
418 5090 645 5158 descenderint
666 5093 789 5159 multae
812 5117 878 5161 uon
900 5097 1057 5163 obscurae
1079 5105 1208 5182 gentes,
1236 5119 1291 5183 peÎ‡
1340 5098 1470 5178 fluetus,
1488 5097 1575 5162 inter
1597 5096 1720 5163 multas
1745 5098 1893 5164 dolorum
1919 5095 2126 5178 acerbitates,
2160 5103 2247 5164 inter
2269 5121 2326 5166 eu-

317 5197 377 5241 ncs
398 5177 504 5243 solum
526 5178 620 5244 Isaac
642 5178 764 5244 resedit
785 5179 953 5264 spirituale
975 5182 1098 5263 foedus,
1120 5185 1213 5249 auius
1236 5184 1290 5249 alii
1344 5203 1457 5248 rarum
1468 5189 1586 5262 aestus,
1607 5184 1802 5250 immensam
1814 5183 1953 5266 danique
1964 5183 2125 5250 malorum
2135 5185 2326 5270 congeriem

317 5259 447 5346 insigne
469 5263 503 5327 iu
526 5282 624 5329 carue
644 5284 704 5330 sua
725 5267 905 5349 gestabant.
1347 5268 1515 5336 deficeret:
1544 5269 1707 5336 discamus
1729 5277 1764 5336 et
1792 5290 1867 5348 nos,
1900 5292 1942 5336 ne
1963 5290 2109 5354 unquam
2132 5271 2329 5354 fatigemur,

405 5349 435 5414 6.
458 5349 503 5415 Et
520 5349 601 5432 liliis
620 5349 867 5419 matutinarum.
903 5353 1026 5421 Narrat
1047 5355 1167 5435 Moses,
1191 5376 1291 5438 quum
1342 5355 1376 5420 iu
1399 5355 1484 5422 hanc
1506 5355 1662 5421 fulturam
1683 5356 1881 5435 recumbere,
1904 5356 1990 5440 quod
2008 5357 2171 5425 Dominus
2191 5356 2328 5425 felicem
