5000 6208
119 417 183 486 300
773 413 1142 488 COMMENTARIUS
1165 415 1215 482 IN
1237 415 1452 486 auuuslu.
2045 422 2110 490 310

119 607 193 674 ideo
221 606 384 674 transfero
412 606 555 673 Puteum
586 604 808 674 iurisiurandi.
851 605 921 672 Alii
953 612 1090 672 vertunt
1134 605 1333 687 perrexitque
1356 605 1400 671 ad
1424 605 1522 671 laam
1542 626 1631 689 quaa
1656 607 1780 674 diaerat
1799 608 1829 674 ei
1848 608 1947 676 Deua
1991 610 2022 676 4.
2045 610 2110 678 Die

120 693 263 759 Puteum
292 701 427 777 septem.
471 691 539 760 Sed
560 692 672 758 Moses
701 699 812 776 aperte
832 713 852 757 a
872 691 1011 758 iurando
1033 691 1087 757 de·
1139 690 1230 756 tertia
1260 689 1373 756 beavit
1397 689 1561 756 Abrabam
1592 691 1693 758 ourloe
1724 712 1815 774 euos,
1847 699 1876 760 et
1904 695 2110 764 vidiliacum

121 778 227 846 duait:
247 799 308 844 neo
325 779 424 844 refert
441 777 525 861 quod
544 799 564 844 a
581 779 707 844 ratione
725 777 939 862 grammatias
955 777 1089 878 paulum
1132 774 1253 857 maeel.
1289 775 1319 842 5.
1340 774 1384 842 Et
1399 777 1484 843 iliail
1501 776 1666 842 Abrabam
1682 779 1726 845 ad
1738 798 1855 859 piures
1871 799 1962 847 euos:
1982 781 2110 848 Monate

120 863 258 930 discedit
274 863 499 948 pronuntiatio
514 885 596 946 qaae
609 862 842 930 innominibns
859 861 1091 947 propriisadeo
1139 860 1190 928 bie
1210 881 1280 928 eum
1300 863 1410 927 asiae:
1439 866 1468 927 et
1488 867 1586 946 epoet
1608 883 1691 944 puer
1712 884 1879 948 perperatur
1900 886 1999 948 ueqree
2024 867 2109 948 ibat,

120 951 249 1018 ouriose
276 970 341 1016 non
369 948 575 1016 observatur:
609 957 644 1016 et
664 957 753 1015 oerte
774 949 1002 1034 etymologiam
1024 969 1091 1014 non
1139 947 1400 1028 eudemum,
1428 952 1671 1030 revertamurque
1698 949 1742 1014 ad
1762 969 1824 1016 aaa.
1868 951 1898 1016 6.
1920 949 1966 1018 ut
1993 953 2111 1034 aceepit

120 1035 293 1119 restringit
310 1034 420 1102 Moses
437 1035 479 1101 ad
496 1045 641 1119 puteum,
664 1035 722 1102 sed
744 1042 849 1100 totum
871 1034 985 1101 foedus
1002 1055 1090 1101 eom·
1140 1031 1303 1097 Abrabam
1320 1033 1407 1116 lipua
1423 1031 1598 1111 musaeus,
1620 1038 1648 1099 et
1660 1035 1768 1116 posuit
1784 1055 1879 1118 super
1896 1035 1992 1104 Iabaa
2005 1037 2110 1118 filium

119 1121 289 1221 pleetiturf
321 1141 505 1204 quanquam
535 1141 603 1186 non
635 1141 782 1220 repugno
810 1120 889 1204 quin
911 1121 1021 1187 Moses
1049 1117 1090 1184 ad
1139 1138 1247 1198 mum,
1275 1123 1304 1183 et
1329 1119 1445 1199 eremit
1464 1119 1510 1184 im
1531 1137 1632 1216 mauu
1649 1139 1711 1186 arra
1731 1119 1833 1220 iguem
1852 1127 1881 1187 et
1899 1123 2059 1207 pladr'um,
2082 1128 2111 1190 et

119 1207 814 1372 sseffimffifflmm
849 1291 939 1359 mne
956 1297 1093 1375 appare
1133 1223 1326 1388 w
1321 1205 1451 1371 1000
1465 1208 1597 1388 ili'
1589 1205 1685 1390 leel,
1696 1203 2112 1389 tttltttlltt

119 1377 194 1461 plus
227 1377 381 1462 requietis
411 1376 523 1442 datum
554 1377 654 1445 fuisse
677 1377 830 1444 Abrahae
866 1385 941 1462 post
972 1377 1092 1443 initum
1142 1375 1240 1440 due.-
1260 1373 1340 1440 Eeae
1362 1395 1414 1458 epo
1433 1373 1484 1456 file
1500 1395 1554 1439 mr.
1590 1373 1634 1440 Et
1650 1377 1748 1441 aar:
1765 1373 1844 1442 Eme
1864 1379 1949 1462 maie
1964 1384 1993 1445 et
2009 1379 2109 1464 lipsa,

118 1462 235 1530 foedus
253 1483 350 1546 quam
368 1463 525 1530 maanus
546 1462 720 1528 habuerat:
743 1483 833 1529 nuno
850 1463 937 1529 enim
959 1463 1093 1528 arbores
1143 1464 1172 1524 at
1192 1460 1246 1524 ubi
1261 1480 1360 1540 perus
1379 1461 1415 1524 ia
1436 1459 1670 1527 holacaustum?
1710 1461 1739 1527 8.
1762 1461 1807 1527 Et
1827 1463 1911 1530 ama
1932 1465 2111 1532 Abrabam:

119 1549 269 1648 plantara
286 1547 410 1632 insipit,
433 1547 519 1631 qnod
536 1549 732 1648 tranquillae
748 1550 898 1648 finesque
919 1546 1093 1648 habitatio-
1142 1543 1234 1610 Deua
1248 1545 1419 1628 prospiciet
1438 1545 1501 1611 eibi
1516 1547 1666 1627 pecudem
1679 1547 1722 1646 'ia
1742 1547 1959 1629 holocaustum,
1983 1551 2034 1631 fili
2054 1551 2109 1617 mi.

118 1635 1008 1802 titulatum.tttt‘tteltmlt
1020 1632 1093 1784 illl
1143 1630 2112 1818 mimieffomitfillmiiiui

119 1812 189 1870 tata
210 1805 247 1870 in
268 1803 385 1872 molins
412 1804 511 1870 luerit
538 1806 609 1870 eius
635 1805 791 1871 mnditia:
821 1807 898 1889 qnia
923 1805 1093 1871 statarium
1143 1801 1216 1866 bam
1237 1802 1345 1877 altare,
1367 1807 1398 1865 et
1414 1801 1571 1867 mdruamt
1591 1802 1695 1888 ltpua,
1717 1808 1746 1869 et
1766 1803 1875 1888 ltpaait
1891 1806 1987 1873 labae
2006 1805 2112 1888 filimer

118 1891 224 1958 vitam
254 1889 306 1978 (nt
332 1891 379 1956 ita
405 1888 535 1976 loquer)
563 1911 660 1975 agere
687 1890 788 1957 liouit.
840 1888 937 1971 Quod
965 1889 1092 1968 dieitur,
1143 1907 1245 1965 suurn,
1268 1888 1420 1968 etpesuit
1435 1906 1506 1952 eum
1525 1907 1621 1969 super
1640 1887 1739 1954 altare
1754 1909 1850 1971 super
1865 1892 1961 1975 lipua.
1986 1893 2049 1966 ,10.
2067 1888 2113 1959 ut

118 1975 286 2043 Iuoaaaeee
306 1995 415 2042 mareu
435 1974 577 2054 Iebavae,
600 1975 647 2040 ita
667 1975 881 2060 interpretor,
905 1976 944 2041 de
965 1977 1093 2060 integro
1142 1973 1231 2037 misit
1251 1972 1415 2038 Abrabam
1436 1992 1564 2038 mauma
1585 1993 1692 2049 mam,
1719 1980 1748 2040 el
1774 1979 1890 2059 aaaepit
1915 1977 2059 2061 pladiani
2079 1984 2117 2045 ut

116 2061 302 2128 instituisse
322 2061 491 2127 solennem
512 2060 637 2128 oultum
660 2063 733 2140 Dei,
755 2082 818 2146 quo
840 2082 934 2128 snam
954 2062 1093 2146 gratita
1142 2058 1303 2140 iupularet
1321 2057 1426 2138 filium
1449 2078 1550 2123 suum
1597 2059 1647 2128 11.
1670 2057 1715 2126 ut
1735 2060 1881 2128 clamarit
1902 2063 1945 2130 aa
1965 2084 2035 2130 eum
2056 2085 2114 2131 au-

117 2145 232 2212 dinem
259 2155 412 2213 metatam
435 2146 565 2213 laosret.
609 2148 700 2231 Ergo
722 2145 814 2213 Deus
837 2159 1007 2230 postquam
1029 2147 1092 2212 oir·
1140 2144 1230 2227 palae
1248 2143 1381 2210 Ietoaae
1401 2145 1440 2209 de
1459 2144 1554 2222 eaelo,
1577 2146 1722 2212 aaut:
1741 2145 1912 2226 Abraham,
1936 2148 2112 2216 Abraham.

116 2231 337 2299 eumduxerat
364 2253 495 2299 servum
518 2254 613 2300 suum
640 2253 700 2316 per
728 2232 900 2299 eontinuaa
929 2232 1092 2316 ambages,
1142 2229 1187 2294 Et
1203 2228 1301 2295 ama:
1318 2224 1398 2294 Eece
1414 2249 1475 2312 epo.
1506 2229 1557 2295 12.
1576 2227 1621 2295 Et
1637 2231 1734 2296 alea:
1752 2233 1802 2298 Ne
1818 2234 1966 2300 eateudaa
1982 2255 2114 2301 mrum

117 2318 245 2403 aliquid
274 2318 487 2385 relaxationis
513 2318 574 2384 sub
601 2327 790 2383 extremum
817 2319 946 2384 senium
966 2317 1015 2382 illi
1037 2317 1092 2384 de·
1142 2319 1230 2381 tuam
1258 2316 1293 2380 ia
1318 2334 1472 2396 puerum
1506 2320 1535 2380 et
1561 2335 1600 2380 ue
1625 2315 1729 2398 fatiae
1761 2319 2007 2401 eiquidpuam:
2037 2322 2115 2404 qaia

117 2402 177 2470 dit.
213 2404 324 2488 Atque
341 2404 388 2468 ita
409 2425 485 2471 oum
506 2403 657 2474 fidelibus
679 2404 748 2470 anis
769 2403 935 2470 interdum
958 2403 1036 2488 agit,
1055 2412 1093 2469 at
1141 2420 1224 2466 auae
1244 2400 1369 2484 eapuoei
1389 2401 1470 2482 qued
1490 2401 1580 2466 times
1596 2400 1709 2482 Deum,
1732 2423 1786 2468 aee
1801 2404 1992 2486 prohibuisti
2010 2405 2115 2487 libum

115 2488 223 2556 variis
262 2488 413 2573 proeellis
447 2490 584 2556 iaotatos
628 2489 790 2572 respirare
828 2487 961 2555 tandem
995 2490 1090 2556 sinat.
1141 2490 1230 2552 tuum
1251 2486 1380 2552 anuum
1397 2507 1418 2551 a
1433 2506 1489 2552 me.
1527 2486 1577 2552 13.
1599 2487 1688 2554 Tuae
1704 2487 1816 2554 leuauit
1833 2489 1996 2556 Abrabam
2012 2492 2116 2558 arulae

116 2573 290 2658 Quantum
320 2574 361 2639 ad
389 2575 455 2641 Dei
481 2574 737 2652 invooationem,
771 2575 892 2640 seimus
920 2572 1090 2640 Abraham
1143 2592 1225 2652 suaa,
1245 2580 1275 2638 et
1290 2569 1516 2649 viditatem
1541 2573 1626 2638 ories
1640 2577 1717 2655 past
1737 2594 1812 2638 enm
1830 2575 1969 2641 detentus
1986 2577 2021 2642 iu
2038 2597 2116 2660 per·

116 2680 312 2745 quoeunque
340 2668 488 2740 venerat,
517 2682 685 2744 nunquam
714 2680 857 2727 aossasee
879 2659 920 2726 ab
939 2660 1002 2726 hoo
1024 2662 1091 2745 pie·
1138 2657 1288 2740 pleuitate
1306 2656 1475 2739 spinarum
1493 2657 1635 2722 mmibm
1648 2659 1732 2724 mie:
1749 2665 1778 2725 et
1787 2661 1932 2741 perrexit
1941 2661 2115 2744 Abrabam,

115 2747 198 2812 tatia
220 2745 337 2812 offitio.
377 2746 447 2812 Neo
468 2766 546 2812 vero
568 2745 720 2829 perieulis
742 2745 919 2811 deterritus
941 2755 992 2811 eet
1011 2747 1092 2828 quin
1143 2742 1308 2824 etaaeepit
1326 2743 1471 2824 arietem,
1497 2743 1662 2825 obtulitque
1683 2764 1753 2810 eum
1774 2746 1809 2811 iu
1829 2745 2038 2813 bolaeammm
2052 2768 2116 2832 pro

114 2853 152 2900 se
175 2832 249 2897 veri
266 2831 330 2897 Dei
351 2831 509 2897 onltorem
530 2833 738 2915 profiteretur
759 2852 860 2914 quum
879 2831 942 2897 hoo
958 2833 1092 2897 nomine
1141 2828 1208 2910 filia
1228 2847 1295 2894 sua.
1333 2827 1382 2894 14.
1401 2820 1447 2894 El
1467 2829 1586 2895 vaeavit
1606 2827 1772 2896 Abrabam
1793 2852 1900 2898 nomeu
1921 2833 1980 2900 laet
2000 2835 2114 2916 ipsius,

114 2917 240 2984 vioinis
268 2917 398 2984 invisus
423 2917 515 2984 foret.
559 2917 685 2983 Verum
714 2924 811 3000 prout
832 2925 928 2984 aneta
948 2915 998 2982 illi
1021 2927 1092 2982 erat
1144 2912 1260 2980 Ieboaa
1280 2913 1407 2979 virlebm
1424 2913 1539 2981 ideireo
1560 2915 1675 2980 dieitur
1695 2915 1800 2982 mate:
1817 2916 1860 2982 Iu
1882 2923 1981 2984 merite
1999 2919 2114 2988 Iabaaa

113 3001 292 3068 babitandi
312 3001 541 3083 eommodites‚
563 3002 597 3068 in
618 3001 801 3087 profitendo
823 3001 886 3068 Dei
908 3003 999 3068 uultu
1020 3004 1091 3068 ani-
1143 2999 1265 3066 uidebit.
1310 2998 1361 3065 lb.
1390 2995 1435 3064 Et
1460 3000 1606 3067 ammaeit
1628 3001 1757 3085 aupelrrs
1785 3000 1916 3070 Ieboaae
1944 3006 1987 3071 ael
2007 3004 2116 3071 Abra·

112 3109 210 3154 mum
243 3087 381 3174 eollegit.
426 3089 472 3153 Et
500 3088 576 3171 quia
603 3089 664 3155 sub
692 3089 779 3173 regis
811 3087 914 3154 tutela
945 3089 1091 3154 seaurius
1143 3085 1217 3150 bam
1243 3085 1374 3152 seauuda
1394 3105 1411 3152 e
1431 3085 1518 3151 eaelo.
1565 3087 1615 3151 16.
1638 3084 1682 3153 Et
1709 3088 1807 3154 amit:
1830 3087 1893 3156 Per
1921 3111 1970 3155 me
1995 3090 2114 3171 iuraui,

111 3173 185 3240 iam
207 3171 355 3258 degebat,
378 3173 462 3240 forte
483 3195 524 3240 ex
545 3175 690 3258 professo
712 3174 825 3240 testari
848 3173 953 3240 voluit
973 3173 1034 3240 hae
1056 3195 1091 3246 se
1142 3171 1226 3238 diait
1247 3170 1377 3250 Iebeaa,
1405 3175 1483 3238 terte
1502 3192 1622 3253 praee
1649 3174 1731 3257 quad
1750 3174 1853 3256 fecisti
1880 3195 1945 3242 rem
1972 3175 2116 3258 tuamet

110 3259 190 3325 Deo
224 3267 393 3344 aooeptnm
431 3261 527 3325 ferre.
580 3261 627 3325 Et
659 3260 720 3325 hao
751 3257 792 3324 de
824 3280 922 3326 aenea
960 3259 1091 3326 videtur
1147 3277 1209 3322 ueu
1223 3255 1413 3339 prohibuisti
1426 3255 1531 3336 filium
1549 3262 1638 3324 tuum
1658 3260 1785 3325 uaiuua
1804 3265 1908 3327 tuum:
1952 3262 2002 3328 17.
2029 3262 2118 3346 Quod

112 3345 320 3429 adseriptnm
338 3344 517 3430 epitheton,
529 3343 593 3412 Dei
610 3346 744 3412 aeterni:
761 3345 840 3412 aoei
851 3344 973 3411 dieeret
983 3345 1090 3412 Abra·
1148 3341 1347 3408 meatuum
1367 3341 1541 3408 benedicam
1562 3344 1632 3422 tibi,
1654 3349 1683 3409 et
1702 3345 1936 3428 multiplicanda
1964 3349 2117 3432 multipli-

109 3429 212 3508 ham,
236 3450 272 3496 se
294 3451 360 3496 non
390 3432 560 3497 transiisse
580 3431 616 3494 in
638 3428 737 3496 fidem
759 3432 846 3516 regia
868 3430 1005 3506 terreni,
1030 3451 1090 3496 neo
1147 3427 1219 3495 eabe
1246 3447 1348 3493 semea
1377 3432 1466 3492 tuum
1492 3429 1573 3495 sieut
1597 3429 1705 3496 sullam
1725 3431 1816 3512 coeli,
1837 3437 1866 3497 et
1886 3433 1966 3498 siaul
1987 3455 2116 3501 areuma

110 3537 148 3582 se
174 3536 262 3584 novo
283 3515 406 3582 foederi
435 3515 611 3596 oanfidere,
636 3525 672 3581 nt
695 3537 715 3582 a
736 3515 810 3582 Deo
832 3526 965 3583 aeterno
987 3515 1089 3585 disee·
1144 3534 1225 3598 quae
1245 3519 1292 3580 eet
1307 3512 1399 3578 tuem
1414 3513 1491 3579 litua
1505 3516 1624 3581 maris:
1641 3521 1670 3581 et
1688 3515 1891 3583 baueduabit
1906 3539 2009 3585 semea
2025 3525 2116 3586 tuma

109 3600 220 3668 deret.
265 3600 335 3666 Gur
366 3601 430 3667 Dei
461 3601 586 3668 auitum
618 3600 836 3668 invooationis
867 3602 999 3669 nomine
1029 3623 1090 3686 per
1137 3605 1264 3683 portam
1291 3599 1491 3666 inimieorum
1518 3620 1655 3667 errorum.
1696 3602 1745 3668 18.
1773 3599 1819 3668 m
1844 3603 2055 3671 bmedieeulur
2081 3607 2117 3672 iu

108 3685 1091 3857 ttulit?ltltttttttltttltipltlttl
1140 3687 1257 3836 illm
1273 3690 1325 3837 ll
1343 3689 2117 3860 ltttlttttt‘ltttlttmtt

106 3858 170 3924 nbi
193 3865 306 3922 tamen
328 3865 450 3924 statum
478 3857 677 3924 domioilinm
706 3859 861 3925 habebat:
890 3869 926 3924 ut
948 3861 1089 3927 soiamus
1139 3877 1222 3933 meaa,
1245 3860 1512 3935 eteiureaeruat,
1529 3863 1797 3942 perrexeruntque
1812 3861 1939 3942 pariter
1959 3861 1994 3926 iu
2015 3862 2113 3930 Beer·

108 3943 266 4008 animum
289 3943 360 4008 eius
382 3965 450 4010 nen
472 3941 519 4008 sio
547 3943 692 4010 defixum
714 3943 816 4010 fuisse
837 3945 874 4009 in
894 3944 950 4009 illa
972 3945 1088 4029 quiete,
1138 3942 1240 4019 oebali,
1262 3947 1290 4008 et
1309 3940 1461 4008 mutave
1477 3942 1600 4008 Abram
1619 3945 1655 4009 ia
1673 3943 1871 4011 Beer-sabat.
1906 3945 1958 4012 20.
1977 3945 2021 4014 Et
2038 3950 2114 4031 fuit,

107 4029 195 4112 quin
219 4048 349 4112 semper
370 4029 569 4113 expenderet
588 4030 675 4113 qnod
692 4029 784 4112 prius
802 4029 951 4096 audierat
973 4051 1016 4096 ox
1032 4051 1088 4098 ore
1134 4033 1206 4110 poa
1222 4027 1296 4095 baea
1313 4027 1495 4094 armiatum
1509 4029 1574 4111 fuit
1590 4031 1655 4110 ipsi
1671 4029 1844 4108 Abrabam,
1862 4031 2008 4100 diceudo:
2024 4034 2113 4117 Eece,

106 4113 190 4192 Dei,
209 4134 245 4180 so
262 4113 331 4180 fore
348 4115 634 4199 inquilinumoom
652 4115 789 4199 posteris
806 4136 910 4199 usqne
927 4115 969 4182 ad
984 4137 1089 4184 annos
1134 4114 1255 4196 peperit
1277 4111 1419 4178 Milabala
1447 4115 1541 4179 etiam
1569 4114 1641 4196 ipsa
1665 4115 1750 4196 filios
1774 4117 1901 4182 Naeleor
1925 4119 2025 4200 [ratri
2049 4126 2110 4186 tuo.

105 4197 381 4284 quadringentos.
548 4233 551 4238 Δ
1138 4200 1190 4265 21.
1214 4199 1288 4265 Iius
1303 4199 1545 4284 priuopenitum
1566 4220 1668 4278 suurn,
1690 4199 1810 4266 etBua
1829 4201 1963 4284 fratrem
1984 4206 2060 4286 eure,
2082 4210 2111 4272 et

1140 4285 1263 4352 Oemuel
1283 4288 1410 4366 patrem
1431 4289 1543 4350 Aram.
1588 4285 1639 4351 22.
1667 4281 1712 4350 Et
1735 4285 1863 4365 Obeeed,
1892 4292 1920 4353 et
1948 4289 2052 4371 Haeo,
2080 4295 2110 4357 0

1140 4369 1264 4451 Pildas,
1285 4375 1314 4436 et
1335 4367 1462 4451 Idlapb,
1481 4377 1509 4436 et
1529 4369 1677 4437 Bethuel:
1712 4371 1763 4436 23.
1786 4369 1831 4437 Et
1852 4371 1984 4440 Betbuel
2000 4377 2109 4460 petiuit

1140 4456 1276 4524 Ribeab:
1297 4460 1361 4522 aeto
1381 4455 1457 4522 istas
1469 4456 1593 4538 peperit
1614 4455 1757 4522 Malabab
1778 4459 1844 4540 ipsi
1863 4458 1990 4526 Naalaor
2008 4461 2108 4543 fratri

481 4541 580 4608 OAP.
603 4541 720 4609 XXII.
1042 4545 1045 4552 ’
1137 4542 1311 4609 Abrabam.
1355 4539 1408 4606 24.
1430 4539 1475 4608 ut
1495 4541 1661 4608 marubiua
1682 4545 1760 4620 eiua,
1782 4543 1875 4609 auius
1895 4565 2003 4611 nomeu
2025 4546 2108 4614 Reu-

1135 4627 1218 4706 mab,
1234 4627 1355 4710 peperit
1374 4628 1469 4694 uiam
1489 4627 1563 4710 ipsa
1586 4627 1688 4695 Tebab
1709 4632 1737 4693 el
1760 4627 1893 4711 (labam,
1914 4636 1944 4729 et
1967 4631 2105 4716 matu,

206 4712 235 4777 1.
258 4709 303 4778 Et
320 4712 398 4794 fuit,
415 4719 489 4794 past
509 4711 583 4780 laea
603 4713 694 4780 Deua
714 4715 843 4780 urlaub
863 4714 1037 4794 Abrabam,
1059 4721 1088 4782 et
1135 4719 1163 4780 et
1184 4711 1372 4779 Mabaebab.

104 4799 199 4866 aaut
220 4797 264 4864 ad
284 4819 369 4864 eum:
389 4797 567 4879 Abrabam,
590 4801 646 4880 qui
666 4801 764 4865 dimit:
784 4797 863 4868 Eece
884 4821 945 4885 epo.
990 4801 1020 4866 2.
1042 4801 1088 4867 Et

102 4885 219 4952 aazia:
243 4882 329 4950 Tolle
354 4904 437 4949 uuae
457 4883 561 4966 altum
581 4891 684 4967 tuum,
712 4887 841 4952 uaiuua
866 4891 968 4968 tuum,
996 4907 1086 4968 quem
1222 4884 1251 4948 1.
1273 4877 1318 4947 Et
1335 4883 1407 4964 fuit.
1443 4883 1552 4966 Oaput
1573 4883 1633 4950 boo
1656 4883 1826 4951 historiam
1847 4887 1881 4951 in
1904 4888 2018 4970 primis
2039 4910 2107 4954 me·

102 4969 257 5038 amasti
278 4967 390 5047 Iebae,
417 4973 445 5036 et
471 4971 549 5036 vade
578 4971 621 5037 ad
646 4976 763 5037 terram
783 4971 929 5051 Moriat,
957 4976 986 5037 et
1011 4973 1086 5054 affer
1134 4966 1326 5037 morabilem
1346 4969 1500 5034 eontinet.
1536 4967 1697 5050 Quamvis
1714 4971 1802 5036 enim
1820 4979 1887 5036 toto
1905 4973 1993 5038 vitae
2007 4995 2106 5043 eursu

102 5076 186 5126 eum
206 5053 255 5120 ibi
277 5055 313 5120 iu
333 5053 543 5122 beloaaimtum
564 5077 659 5140 super
677 5075 777 5122 uuma
791 5080 808 5126 e
824 5057 979 5125 montibus
995 5077 1085 5140 quem
1135 5055 1272 5120 miritioa
1310 5053 1388 5119 fidei
1420 5063 1454 5120 et
1491 5053 1694 5120 obedientiae
1733 5055 1928 5122 doonmenta
1965 5057 2105 5128 ediderit

100 5143 227 5212 diaeo
249 5138 314 5205 ult.
348 5139 379 5205 3.
398 5139 442 5206 El
462 5144 603 5208 eurrear't
623 5141 787 5209 Abrabam
808 5165 908 5222 marre,
926 5153 954 5210 et
973 5143 1087 5209 strauit
1134 5140 1319 5207 Abrabam:
1358 5139 1488 5206 nullum
1526 5152 1636 5206 tamen
1674 5143 1893 5224 praestantius
1925 5147 2103 5227 exoogitari

102 5228 246 5296 mnam
276 5245 385 5306 mma,
414 5233 442 5293 el
468 5227 549 5309 oepit
568 5230 646 5294 duae
667 5249 783 5312 pueros
810 5249 1029 5307 mossetena,
1058 5233 1085 5294 et
1134 5235 1241 5311 potest
1261 5245 1359 5308 quam
1380 5225 1440 5290 filii
1459 5225 1648 5292 immolatio.
1685 5228 1780 5295 Aliae
1802 5227 1889 5293 enim
1907 5231 2104 5300 tentetiones

101 5313 211 5382 maai
225 5309 449 5392 filmmeuum:
466 5313 689 5398 etmiditlipua
698 5313 882 5385 holocausti:
897 5314 1086 5394 amaret,
1135 5313 1252 5397 quibus
1275 5331 1351 5377 eum
1373 5310 1538 5377 Dominus
1565 5323 1773 5393 exerouerat,
1802 5313 1939 5470 0023οω
1969 5318 2103 5386 mortifi-
2160 5321 2168 5332 ⁴
