4988 6192
379 419 452 486 555
1046 417 1723 487 oouununnarusmenuasm.
2011 391 2037 422 ‘
2315 411 2376 478 555

388 607 590 676 aestimanda
612 605 863 672 essehominum
881 605 967 672 laeta
989 611 1171 686 exerentu,
1190 605 1246 673 551
1258 613 1357 691 prout
1407 607 1639 675 immemorem.
1684 607 1759 673 Nisi
1787 606 1875 673 enim
1904 604 2034 672 55515511
2062 603 2193 671 5155515
2226 607 2374 669 55155155

389 695 634 759 551555555551
663 691 698 756 ln
725 711 784 757 555
806 691 926 770 5111515,
955 690 1008 756 551
1038 689 1158 774 5115511
1187 698 1357 759 155155551
1407 693 1505 773 15551,
1534 690 2289 778 55555555551155555515551515155555
2313 697 2375 754 ste·

388 788 518 863 praeter
545 777 610 842 Dei
650 776 851 855 mandatum,
892 784 924 842 et
957 776 1042 840 51155
1068 777 1248 844 5555115515
1280 798 1357 844 suae
1408 778 1501 845 115551
1517 779 1554 844 15
1572 781 1732 864 Aegypto.
1765 777 1851 842 Nam
1869 777 1936 842 illie
1953 783 2068 860 sponte
2089 774 2261 852 manendo,
2284 793 2373 856 spem

388 872 491 930 metas
520 865 643 948 egressi
673 869 760 927 5551.
806 861 962 946 Neglexit
994 862 1111 945 aliquis
1139 885 1276 929 uxorem
1305 863 1357 929 551
1409 863 1619 931 haereditatis
1647 861 1757 930 aDao
1785 864 1964 946 promissae
1992 863 2130 928 51115555
2158 859 2250 926 51555
2281 867 2374 924 55551.

387 949 521 1028 liberos,
562 970 621 1015 neo
661 968 774 1014 eorum
808 947 1054 1014 necessitatibus
1086 946 1197 1014 sedulo
1236 948 1356 1014 adfuit:
1408 947 1505 1030 Quod
1526 971 1604 1035 orgo
1626 948 1668 1017 ad
1697 956 1821 1016 terram
1842 948 2001 1014 Ohanaan
2029 947 2151 1014 reverti
2179 966 2245 1010 non
2276 945 2403 1025 ourat,'

389 1055 573 1119 quanquam
595 1054 663 1099 non
691 1033 890 1114 moriuntur,
919 1034 981 1098 nisi
1009 1032 1139 1099 volente
1159 1033 1246 1114 Deo,
1274 1034 1357 1099 nihil
1409 1034 1465 1100 sed
1492 1041 1623 1102 tantum
1650 1033 1790 1102 5515555
1817 1054 1914 1099 snum
1940 1033 2018 1100 illuo
2039 1031 2159 1098 deferri
2180 1031 2288 1106 iubet,
2319 1049 2374 1096 neo

389 1131 498 1186 tamen
520 1119 581 1186 hoe
603 1126 778 1203 praetextu
800 1119 932 1184 iuvatur
954 1119 1064 1184 mariti
1085 1129 1118 1184 51
1139 1120 1240 1202 patris
1261 1120 1359 1185 1515·
1408 1119 1494 1185 filios
1521 1141 1596 1187 5555
1617 1120 1659 1186 51
1688 1123 1826 1186 55155555
1854 1119 1995 1185 reditum
2024 1119 2191 1195 hortatur,
2221 1113 2281 1182 sed
2302 1115 2376 1182 sub-

388 1206 545 1283 manitas,
572 1205 629 1289 qui
657 1225 712 1270 eos
741 1205 850 1289 impie·
869 1204 1013 1270 15555511
1039 1225 1140 1288 quum
1169 1225 1358 1272 5555555555
1408 1205 1514 1273 511555
1530 1207 1726 1307 indegypto
1748 1206 1836 1284 sinit,
1857 1227 1924 1271 non
1945 1205 2022 1272 15511
2043 1203 2196 1281 sooordia,
2219 1201 2275 1266 551
2293 1200 2375 1282 5551
2483 1277 2484 1280 ¹

388 1292 530 1357 deberet.
559 1285 1357 1373 1155555111555151551551511155155555511,
1410 1291 1566 1358 delinitus
1588 1290 1811 1359 5115115551515
1834 1291 1986 1376 Aegypti,
2012 1290 2064 1357 vel
2086 1293 2254 1373 pertaesus
2273 1295 2376 1351 terrae

389 1376 537 1461 tegendis
560 1375 685 1442 delictis
707 1375 890 1440 obtendunt
911 1375 974 1440 Dei
996 1375 1245 1458 providentiam.
1289 1375 1357 1442 Sed
1409 1375 2124 1461 (1155555551555155515555555555,
2147 1368 2378 1439 adferendam

389 1484 504 1529 rursus
542 1462 669 1546 quoties
701 1461 862 1527 Dominus
895 1481 1008 1540 eorum
1040 1461 1183 1528 malitiae
1218 1463 1359 1530 ooourrit
1409 1462 1499 1528 illam
1522 1462 1733 1547 tyrannidem
1754 1469 1929 1544 eomparat,
1953 1461 1993 1529 15
2014 1480 2079 1546 555
2100 1457 2287 1524 admonitus
2311 1455 2378 1522 155-

388 1549 445 1632 551
467 1546 558 1614 55115
576 1568 692 1614 nooere
710 1545 853 1625 5151551,
876 1567 980 1629 55555
1001 1546 1035 1611 11
1053 1546 1158 1626 modo,
1180 1546 1237 1612 sed
1255 1567 1358 1632 prava
1410 1556 1462 1613 rat
1488 1567 1509 1612 5
1536 1556 1630 1631 patre
1662 1548 1764 1616 Ieaae.
1815 1547 1910 1628 Ideo,
1943 1547 2029 1632 5551
2061 1544 2239 1612 liberaliter
2273 1544 2375 1626 primo

388 1654 500 1700 eorum
534 1632 643 1698 studia
674 1631 709 1698 15
742 1633 863 1697 bonnm
896 1639 1045 1698 nostrum
1081 1634 1255 1699 eonvertit:
1297 1633 1359 1698 hoo
1409 1633 1553 1699 5155515
1583 1634 1762 1718 exeipitur,
1795 1635 1831 1699 in
1861 1633 1951 1700 15555
1979 1632 2132 1716 deputat:
2159 1628 2217 1697 sed
2245 1628 2375 1694 interim
2483 1617 2484 1684 ]

389 1719 484 1820 modo
524 1719 659 1784 51155155
698 1719 804 1816 earnis
844 1726 972 1816 nostrae
1014 1725 1190 1818 temperat,
1233 1738 1358 1818 nosque
1410 1719 1518 1785 animo
1541 1721 1720 1803 praesumit
1742 1717 1826 1817 qnod
1850 1718 1974 1786 dietum
1996 1719 2104 1784 luerat
2127 1713 2291 1781 Abrahae.

389 1802 1119 1974 111111118556155115111155111111111151ἓάιῦθί
1131 1802 1358 1974 1811515111ξὲ
1410 1799 2266 1974 551551611515155101551111ῄ150115111111ω101155ἓ51510515
2295 1819 2377 1948 51111111

391 1975 467 2042 dum
496 1975 571 2040 1515
603 1975 749 2058 oaptavit
782 1979 1015 2058 argumentum
1047 1973 1174 2041 dandae
1207 1974 1360 2042 fratribus
1409 1976 1530 2060 Ioseph
1551 1983 1677 2058 patrem
1700 1984 1888 2057 aooerseret,
1910 1977 1997 2043 fama
2014 1975 2054 2040 de
2076 1975 2216 2040 lretrum
2237 1969 2377 2037 5155515

390 2063 514 2128 veniae.
570 2059 712 2126 Seeleris
743 2061 777 2124 in
810 2081 844 2125 55
877 2060 1041 2126 eommisei
1074 2059 1252 2144 indignitas
1285 2081 1359 2126 eum
1410 2063 1446 2126 in
1474 2061 1632 2144 palatium
1664 2071 1869 2147 pervenerat.
1921 2063 1990 2128 Neo
2017 2080 2096 2127 vero
2125 2065 2193 2124 tam
2226 2056 2378 2122 audaotar

391 2147 566 2214 aeoendere
589 2153 717 2230 poterat
739 2153 775 2210 51
797 2153 884 2212 totus
907 2145 1069 2212 515115155
1099 2145 1274 2228 eupiditate
1297 2146 1360 2212 155·
1410 2146 1575 2230 pollicitus
1607 2146 1723 2215 fuisset
1749 2145 1871 2230 Ioseph
1897 2147 2052 2214 fratribus
2081 2145 2149 2211 suis
2181 2140 2377 2208 domioilium

389 2239 499 2300 ’555511
529 2232 619 2315 51551
649 2229 725 2296 dum
755 2239 884 2314 reputat
913 2240 1098 2313 superatam
1128 2233 1227 2297 151555
1249 2251 1360 2296 eorum
1410 2233 1446 2297 in
1470 2235 1634 2317 Aegypto,
1664 2234 1730 2299 nisi
1759 2233 1846 2318 regis
1871 2234 2042 2316 permissu.
2088 2227 2186 2312 Quod
2207 2248 2288 2313 ergo
2311 2228 2376 2293 bre-

390 2319 551 2384 malitiam
592 2316 675 2380 mira
707 2324 741 2382 51
780 2317 911 2381 15551115
937 2316 1001 2381 Dei
1040 2316 1202 2397 bonitate,
1241 2316 1360 2382 oblitus
1411 2319 1497 2384 viter
1518 2319 1802 2402 attigeratbiosee,
1820 2339 1908 2385 nune
1931 2318 2080 2400 pluribus
2103 2315 2248 2399 exponit,
2270 2332 2377 2397 regem

390 2400 1360 2486 15155155155555115555555515511155,55555551515555
1411 2423 1572 2488 propenso
1593 2413 1626 2469 et
1647 2403 1746 2470 hilari
1768 2404 1876 2470 animo
1906 2402 2089 2472 declarasse
2117 2400 2231 2484 quanti
2261 2399 2378 2466 1555551

390 2491 498 2575 gretia
519 2510 579 2554 sna
600 2487 692 2553 Dens
715 2495 851 2554 texerat.
896 2487 1050 2554 11155515
1076 2484 1271 2572 sepeliendis
1293 2487 1358 2552 fra·
1411 2489 1548 2572 loseph,
1581 2488 1666 2572 quod
1694 2490 1782 2555 ultro
1803 2488 1891 2572 patri
1912 2496 1945 2555 et
1973 2486 2128 2554 fratribus
2149 2483 2220 2552 eius
2241 2485 2377 2568 opimam

390 2585 477 2641 trum
519 2574 659 2657 paooatis
698 2572 867 2656 ingeniosa
899 2579 950 2637 est
987 2573 1121 2639 auritas:
1158 2572 1293 2657 ideoque
1325 2573 1358 2639 in
1414 2575 1556 2660 Aegypti
1583 2581 1711 2657 partem
1744 2573 1876 2654 detulit,
1910 2595 2007 2658 quam
2036 2571 2225 2639 inoolerent
2271 2570 2316 2636 Et
2341 2589 2378 2632 ex

390 2660 479 2727 huno
511 2680 608 2724 usum
641 2657 781 2724 libenter
819 2656 1043 2724 aooommodat
1076 2679 1286 2742 quaeeunque
1319 2657 1359 2724 ad
1413 2660 1476 2725 alio
1493 2659 1597 2726 Mesia
1615 2661 1684 2726 loeo
1702 2667 1846 2743 apparet,
1865 2658 2019 2744 quamdiu
2037 2657 2131 2736 vixit,
2152 2656 2333 2723 elementer
2349 2661 2378 2718 et

390 2748 474 2813 iram
502 2743 696 2828 plaoandam
724 2752 759 2807 et
784 2743 928 2810 sedanda
956 2741 1028 2809 5115
1056 2743 1189 2809 1551551.
1239 2743 1361 2826 Ioseph
1412 2745 1552 2830 benigne
1592 2753 1746 2812 traotatos
1785 2746 1886 2812 151555
1917 2744 2096 2812 israelitas.
2152 2741 2240 2808 Nam
2277 2741 2376 2824 primo

391 2835 491 2897 etiam
508 2832 541 2896 in
565 2830 667 2895 alium
689 2849 821 2894 sensum
843 2828 979 2912 rapitur,
1003 2830 1088 2912 quod
1107 2828 1263 2895 divinitus
1281 2829 1361 2896 eleo·
1413 2832 1521 2914 oapite
1542 2830 1658 2909 Exodi,
1682 2853 1711 2898 5.
1733 2831 1763 2898 8.
1788 2831 1920 2896 initium
1949 2827 2135 2915 tyrannidis
2164 2837 2198 2894 et
2226 2826 2378 2893 saevitiae

391 2927 446 2983 155
475 2916 574 2982 155511
601 2915 641 2979 51
669 2913 830 2980 15555155
858 2913 985 2980 fratres.
1036 2914 1132 2981 Unde
1161 2917 1200 2980 fit
1227 2924 1266 2979 ut
1294 2934 1361 2980 non
1413 2916 1532 2984 dieitur
1550 2915 1674 2982 faotum
1691 2938 1711 2982 a
1728 2937 1923 2996 sueoassore,
1946 2918 1998 2982 eui
2016 2917 2148 2999 ignotus
2170 2919 2243 2978 erat
2252 2910 2377 2993 Ioseph.

392 3002 487 3069 modo
516 3001 674 3066 offensam
695 2999 761 3065 illis
787 3000 945 3077 remittat,
976 2997 1033 3064 sed
1061 2999 1176 3084 onpide
1205 3000 1361 3067 iniunotis
1497 3002 1549 3066 22.
1583 3001 1678 3067 Dedit
1709 3003 1880 3086 5451551555
1911 3001 2098 3069 moeniae
2128 3004 2234 3065 555155.
2287 2994 2379 3078 Quot

392 3087 454 3153 sibi
476 3085 624 3170 partibus
647 3085 781 3169 defungi
803 3085 946 3168 5551555,
969 3092 1036 3150 tam
1055 3107 1074 3152 5
1091 3092 1180 3154 metu
1198 3093 1232 3152 et
1248 3085 1360 3152 anxie·
1414 3088 1531 3154 5151155
1561 3086 1678 3154 1551555
1705 3088 1856 3168 15515511,
1883 3108 1950 3154 555
1980 3088 2118 3154 mirum:
2147 3083 2207 3150 sed
2227 3099 2378 3167 quorsum

392 3179 460 3238 tate
482 3192 580 3256 quam
601 3169 642 3235 ab
669 3171 780 3254 inopia
805 3171 892 3254 ipsos
924 3169 1049 3236 liberet.
1093 3171 1186 3238 Η555
1208 3173 1290 3238 ratio
1311 3177 1362 3236 est
1414 3173 1546 3239 attinuit
1567 3173 1704 3255 peeuuia
1725 3181 1758 3238 51
1779 3174 1926 3240 vestibus
1947 3193 2099 3251 onerare,
2132 3169 2210 3255 5515
2231 3187 2311 3234 mox
2332 3187 2377 3231 re·

392 3279 451 3326 eur
478 3279 513 3324 se
541 3254 727 3322 ordinatum
755 3265 879 3323 asserat
906 3263 944 3321 51
972 3256 1126 3340 reliquias
1154 3257 1219 3322 illis
1251 3263 1360 3340 ponat,
1414 3257 1515 3322 111551
1542 3256 1659 3323 erant?
1693 3257 1764 3343 Ego
1791 3266 1880 3326 55515
1908 3281 1973 3326 555
2002 3256 2113 3324 151115
2144 3255 2224 3340 5515
2255 3261 2378 3338 patrem

391 3343 453 3410 hoo
475 3349 533 3422 est,
556 3363 668 3408 semen
686 3349 857 3410 conservet
877 3341 1054 3421 residuum,
1077 3341 1131 3409 551
1148 3343 1257 3426 potius
1274 3343 1362 3425 ipsos
1414 3365 1525 3421 suum,
1565 3344 1768 3428 1551555555
1799 3365 1918 3410 uxores
1950 3342 2147 3429 respexerit,
2178 3361 2241 3425 555
2273 3339 2379 3404 minus

392 3434 564 3496 conservet
585 3427 794 3510 superstites,
817 3426 916 3511 idque
937 3428 1103 3510 praeolara
1124 3437 1157 3494 et
1178 3427 1363 3494 admirabili
1414 3429 1588 3495 molestum
1618 3435 1703 3496 esset
1729 3435 1852 3495 terram
1880 3429 2042 3498 Ohanaan
2070 3427 2263 3512 relinquere.
2316 3422 2380 3486 Vix

393 3517 556 3582 evasione.
603 3513 714 3594 Quom
743 3534 778 3579 se
807 3523 934 3597 patrem
961 3513 1145 3580 Pharaonis
1173 3513 1267 3594 dieit,
1297 3533 1363 3578 non
1414 3515 1502 3580 enim
1520 3514 1707 3581 eredibilem
1725 3513 1794 3581 tore
1811 3515 1968 3582 nunoium
1986 3515 2117 3594 soiebat,
2136 3511 2379 3578 nisimanitesta

394 3601 529 3667 effertur
561 3600 652 3665 inani
685 3599 855 3679 iaetantia,
888 3607 927 3666 51
960 3600 1066 3665 551551
1093 3599 1169 3664 5551
1198 3599 1362 3664 homines:
1414 3599 1562 3685 symbola
1591 3600 1698 3684 palam
1729 3607 1905 3684 gestarent.
1950 3600 2149 3684 Quanquam
2176 3597 2246 3663 lieri
2277 3599 2379 3680 potest

394 3706 500 3770 neque
533 3705 610 3769 opes
644 3706 720 3750 5555
756 3693 893 3750 5551555
932 3691 1089 3750 ostentat:
1130 3683 1188 3749 sed
1221 3706 1263 3750 ex
1296 3692 1364 3750 tam
1414 3685 2207 3765 5155555155]51115555155155551151555155,
2238 3682 2298 3747 sed
2319 3683 2378 3746 155·

394 3772 568 3856 magnifiee
591 3779 624 3835 et
644 3769 827 3836 ineredibili
849 3778 970 3835 555515
992 3769 1116 3854 probat,
1141 3790 1207 3835 non
1229 3769 1364 3835 fortuito
1414 3769 1519 3838 151155
1530 3772 1629 3837 etiam
1646 3771 1749 3856 magis
1767 3791 1805 3837 ae
1822 3772 1928 3856 magis
1947 3771 2087 3839 55155511
2104 3776 2262 3836 testatum
2278 3769 2379 3833 155555

394 3879 455 3924 555
478 3856 669 3923 humanitus
691 3855 813 3926 fautum
836 3876 907 3921 esse
929 3856 1024 3921 utin
1046 3855 1153 3921 looum
1174 3855 1268 3920 illum
1290 3876 1364 3940 per·
1415 3878 1510 3923 sunm
1540 3877 1694 3924 amorem.
1739 3857 1836 3923 Prior
1865 3864 1974 3923 tamen
2004 3857 2087 3924 ratio
2113 3854 2190 3939 plus
2216 3853 2305 3938 apud
2331 3869 2377 3916 me

394 3943 534 4010 venerit:
565 3941 643 4025 quin
674 3942 779 4024 potius
808 3940 948 4006 mirabili
971 3941 1033 4006 Dei
1063 3941 1197 4007 oonsilio
1219 3950 1363 4006 ereetum
1414 3941 1513 4010 habet
1542 3942 1710 4026 ponderis,
1740 3943 1818 4026 quia
1845 3942 1984 4009 ornandi
2005 3941 2182 4009 Beniamin
2210 3939 2315 4006 maior
2335 3934 2379 4001 illi

395 4029 457 4096 sibi
474 4029 573 4094 151555
593 4026 731 4093 sublime
750 4025 866 4092 solium
885 4026 971 4092 unde
989 4026 1074 4109 patri
1092 4031 1126 4092 et
1144 4027 1203 4092 toti
1220 4025 1365 4092 familiae
1413 4028 1478 4093 fuit
1499 4047 1585 4094 eura.
1629 4027 1725 4110 Quod
1747 4049 1806 4113 pro
1828 4029 1976 4095 vestibus
1999 4026 2201 4105 mutatoriis,
2236 4025 2380 4092 551555·

395 4120 572 4182 555555551.
1415 4114 1591 4181 1511551155
1630 4114 1787 4189 vestium,
1822 4112 2046 4200 Hieronymus
2085 4111 2257 4179 transtulit
2293 4109 2380 4175 binas

481 4200 510 4265 9.
537 4197 590 4264 Sia
610 4197 694 4262 11511
710 4197 801 4279 fitius
817 4203 890 4262 1555
908 4197 1029 4281 Ioseph.
1064 4197 1105 4262 Iu
1127 4196 1188 4263 hoo
1208 4198 1364 4264 mandato
1407 4199 1530 4266 vstolas:
1565 4206 1598 4265 51
1620 4198 1676 4264 alii
1707 4199 1901 4283 interpretes
1933 4221 2008 4266 eum
2029 4198 2177 4284 sequuti,
2210 4194 2382 4264 dissimiles

394 4284 538 4352 ostendit
558 4303 593 4348 55
611 4284 789 4366 potentiam
807 4304 899 4349 suam
921 4282 993 4348 ideo
1015 4284 1212 4367 1551555555
1229 4283 1364 4350 meliore
1415 4293 1524 4350 555155
1556 4292 1739 4368 exponunt:
1779 4286 1886 4351 neseio
1918 4307 1962 4351 an
1985 4287 2127 4351 11555555
2161 4285 2213 4350 511
2268 4281 2380 4348 Potius

395 4371 515 4436 fiduoia
546 4375 673 4453 patrem
713 4369 852 4435 animet:
893 4369 1014 4435 seimus
1047 4389 1146 4452 quam
1179 4369 1263 4434 tardi
1296 4369 1365 4435 sint
1414 4371 1520 4437 sentio
1543 4379 1650 4436 vestes
1671 4371 1770 4436 151555
1793 4370 1968 4456 elegantes,
1990 4371 2107 4456 quibus
2129 4367 2170 4434 ad
2192 4369 2328 4451 nuptias
2347 4385 2380 4431 55

393 4477 505 4524 senes:
529 4453 646 4520 deinde
666 4463 815 4521 sanetum
836 4454 934 4522 15551
956 4453 1086 4520 11115115
1102 4462 1174 4521 5551
1191 4455 1232 4520 51
1250 4455 1364 4522 haere·
1415 4454 1483 4522 dies
1496 4455 1646 4521 solennes
1657 4465 1836 4522 uterentur.
1870 4457 1956 4522 Nam
1968 4455 2141 4522 mutationi
2158 4453 2380 4540 quotidianum

396 4543 496 4608 111515
536 4539 692 4605 divinitus
724 4541 886 4623 promissa
914 4540 1065 4606 55511555.
1122 4541 1211 4625 llrgo
1243 4540 1365 4624 Ioseph
1415 4562 1509 4607 usum
1533 4542 1628 4607 155115
1649 4543 1767 4624 opponi
1789 4541 1936 4610 arbitror.

395 4627 561 4713 proposita
583 4625 790 4706 necessitate,
819 4647 917 4711 quam
944 4625 1084 4709 optabile
1107 4623 1288 4692 subsidium
1310 4625 1365 4692 ob·
1499 4627 1551 4693 24.
1576 4626 1626 4693 Na
1646 4627 1882 4694 troaultuema‘ai.
1918 4626 2062 4710 Quidam
2079 4632 2248 4710 exponunt
2265 4620 2380 4705 Ioseph

397 4712 511 4778 tulerit
543 4711 705 4776 Dominus
744 4723 984 4778 eommemorat.
1039 4712 1217 4795 Quaeritur
1253 4719 1364 4778 tamen
1415 4732 1531 4796 rogaro
1549 4713 1666 4778 1551555
1683 4720 1721 4778 51
1738 4712 1866 4798 plaoido
1884 4714 1951 4779 sint
1967 4714 2085 4794 animo,
2104 4731 2164 4776 neo
2182 4725 2379 4794 supervaeuo

396 4796 556 4883 quomodo
578 4797 643 4862 11115
664 4798 699 4860 15
721 4806 866 4863 mentem
888 4819 952 4863 non
973 4799 1105 4865 venerit
1124 4798 1300 4876 oraculum,
1326 4797 1365 4864 de
1415 4807 1505 4864 metu
1527 4820 1562 4866 se
1583 4799 1731 4865 turbent:
1754 4797 1811 4865 sed
1833 4800 1938 4882 potius
1960 4798 2002 4864 ad
2025 4806 2173 4864 mutuam
2194 4816 2309 4881 paoem
2332 4815 2381 4858 eos

395 4904 460 4968 qno
482 4903 501 4946 5
522 4883 669 4965 55151155
691 4881 796 4949 515511
818 4884 962 4963 1555551,
990 4906 1063 4949 nem
1089 4907 1106 4950 5
1128 4883 1275 4967 hospites
1296 4883 1365 4950 1555
1414 4884 1575 4951 15515155.
1626 4885 1711 4950 Ν55
1744 4905 1844 4968 quum
1878 4884 2013 4951 verbnm
2041 4897 2088 4952 ar
2115 4903 2204 4948 5555
2236 4890 2380 4956 uomere,

396 4980 431 5036 et
458 4989 569 5034 555555
597 4969 633 5032 15
660 4968 767 5033 aliena
797 4977 886 5034 terra
914 4968 1010 5118 lgm
1035 4906 1087 5050 159,
1116 4967 1179 5056 13).
1224 4967 1365 5034 Videtur
1415 4969 1467 5036 551
1479 4991 1705 5056 expaveseere,
1724 4991 1811 5038 nuno
1822 4969 2016 5036 tumultuari
2031 4969 2206 5054 signifieat,
2226 4968 2380 5051 posterior

396 5055 485 5122 enim
502 5054 621 5138 Ioseph
645 5076 750 5120 meras
773 5053 901 5120 delitias
947 5057 976 5121 io
998 5055 1196 5138 promittere,
1220 5056 1311 5138 quasi
1329 5055 1364 5119 in
1414 5075 1529 5122 senens
1552 5057 1667 5122 melius
1689 5055 1840 5140 oongruit
1861 5056 2123 5122 aimumstantiae
2144 5054 2216 5119 looi.
2255 5051 2381 5119 Seimue

396 5153 562 5226 posterum
584 5139 666 5205 nihil
689 5140 816 5207 adversi
838 5140 1022 5207 timendum
1038 5143 1129 5207 foret.
1168 5138 1365 5224 Quanquam
1415 5143 1503 5208 enim
1524 5143 1607 5208 filios
1629 5142 1691 5208 Dei
1719 5161 1785 5207 uon
1806 5141 1904 5208 modo
1933 5161 2003 5207 esse
2034 5139 2225 5225 plaoabiles,
2257 5139 2287 5204 si
2309 5137 2383 5222 quid

397 5227 531 5294 aMose
553 5225 637 5290 nihil
659 5227 869 5312 exprimitur,
896 5247 955 5312 ego
974 5234 1085 5293 tamen
1106 5225 1265 5310 probabili
1288 5246 1364 5292 oon-
1414 5227 1494 5312 ipsis
1521 5227 1662 5294 iniuriae
1692 5226 1821 5292 illatum
1850 5226 1964 5307 fuerit,
1994 5225 2052 5293 sed
2080 5225 2180 5291 etiam
2209 5243 2328 5291 aurare
2347 5229 2382 5288 ot

397 5314 521 5380 1551555
542 5333 673 5378 555555
692 5323 728 5379 51
749 5313 879 5381 oredam
901 5313 998 5380 15551
1020 5334 1086 5379 555
1114 5313 1214 5380 151555
1242 5312 1364 5379 5555511
1416 5313 1471 5379 alii
1493 5314 1580 5380 inter
1601 5335 1636 5380 se
1657 5313 1832 5381 oonoordes
1854 5321 1962 5400 agant.
1998 5313 2151 5379 Plaoatus
2172 5319 2242 5377 erat
2264 5307 2380 5394 Ioseph
