5000 6208
369 461 433 527 283
1030 451 1402 520 COMMENTARIUS
1424 452 1475 518 IN
1497 451 1710 518 GENESIN.
2296 459 2352 527 284

363 666 424 731 pro
446 644 542 728 plaga
563 642 619 707 illa
636 641 689 707 vel
713 641 845 726 regione
867 641 1008 724 positum
1029 659 1099 706 esse
1121 639 1278 706 arbitror:
1301 661 1339 708 ac
1391 641 1514 706 minem
1542 640 1664 725 insigni
1695 647 1846 706 ornatum
1877 641 2060 707 sanctitatis
2088 642 2139 706 elo
2164 643 2207 721 ὀ,
2241 644 2350 714 incesto

363 733 392 797 si
414 731 574 805 dicerent,
597 726 703 810 Regio
725 726 806 793 haec
828 726 935 792 nullos
957 727 1097 820 amplius
1120 725 1218 791 habet
1240 727 1338 804 viros,
1391 727 1478 792 coitu
1499 724 1629 807 foedari,
1649 729 1724 810 quia
1745 747 1781 791 se
1801 727 1983 804 inebriant,
2007 727 2083 808 quid
2104 727 2146 792 he
2160 729 2304 797 luonibus
2323 743 2350 800 et

363 817 420 900 qui
453 836 512 880 nos
552 815 673 878 ducant
712 832 831 877 uxores
870 810 1051 877 secundum
1080 833 1203 876 morem
1238 813 1339 876 totius
1433 812 1498 877 reis
1519 813 1664 876 futurum
1688 823 1752 890 est,
1776 812 1832 896 qui
1854 833 1889 878 se
1911 813 2054 894 quotidie
2075 813 2153 879 vino
2176 814 2348 883 inebriant?

363 901 459 967 orbis.
504 901 568 966 Est
589 900 676 964 enim
699 897 753 962 hic
775 898 873 963 tacita
895 897 1067 963 antithesis
1087 897 1176 962 inter
1205 898 1338 962 univer·
1391 833 1459 964 gell
1476 897 1538 963 hae
1556 896 1596 963 de
1614 918 1650 962 re
1671 896 1767 980 plura
1789 897 1931 964 diximus
1947 898 1981 962 in
2000 909 2100 980 eaput
2120 920 2254 976 nonum,
2275 904 2350 971 unde

363 1008 434 1054 sam
463 995 584 1052 terram
612 993 645 1049 et
671 993 794 1050 certam
817 984 887 1048 eius
916 992 1053 1066 partem.
1098 981 1165 1048 Sed
1187 983 1250 1048 hoc
1272 985 1338 1068 pri·
1392 992 1502 1066 petere
1524 982 1641 1048 licebit.
1678 981 1849 1064 Quantum
1867 982 1908 1048 ad
1930 983 2030 1048 verba
2052 993 2186 1067 spectat,
2209 987 2264 1052 ubi
2284 988 2351 1056 dicit

361 1094 453 1138 mum
486 1070 638 1148 sceleste,
677 1068 763 1152 qnod
801 1068 1002 1153 propagandi
1040 1070 1170 1167 generis
1203 1067 1339 1134 humani
1392 1068 1502 1134 Moses
1524 1070 1590 1133 Lot
1618 1088 1686 1133 non
1707 1069 1848 1134 sensisse
1876 1068 1953 1133 dum
1977 1069 2044 1134 filia
2065 1071 2216 1137 accubuit
2238 1083 2270 1137 ct
2290 1095 2351 1140 sur·

363 1158 487 1237 studio,
526 1166 671 1222 sanctam
710 1164 850 1220 naturae
882 1154 988 1239 legem
1021 1155 1154 1219 violant.
1210 1154 1339 1220 Deinde
1392 1155 1492 1218 rexit:
1516 1154 1646 1238 quidam
1665 1155 1712 1218 ita
1734 1165 1911 1238 exponunt,
1934 1154 2109 1221 discrimen
2128 1178 2192 1222 non
2212 1158 2351 1227 habuisse

362 1263 535 1329 perperam
557 1251 591 1306 et
612 1241 721 1324 impie,
744 1238 831 1323 qnod
854 1261 918 1304 non
942 1239 982 1305 ad
1005 1240 1113 1326 ipsum
1135 1241 1250 1304 mundi
1272 1241 1339 1322 opi·
1391 1240 1478 1305 inter
1493 1240 1594 1304 filiam
1608 1240 1660 1304 vel
1672 1247 1879 1304 extraneam:
1898 1261 2013 1305 vemm
2028 1241 2093 1306 nisi
2105 1263 2239 1324 prorsus
2250 1245 2352 1311 luisset

363 1332 457 1396 ficem
486 1326 695 1412 confugiunt,
726 1339 763 1390 ut
790 1326 922 1392 orbitati
951 1326 991 1390 de
1013 1346 1077 1407 qua
1105 1327 1222 1390 anxiae
1251 1337 1338 1404 sunt,
1391 1323 1541 1409 stupidus
1564 1345 1659 1391 mane
1681 1325 1814 1408 crapula
1835 1325 1977 1404 solutus,
2007 1327 2159 1412 colligere
2181 1340 2303 1410 poterat
2322 1351 2352 1397 se

362 1414 544 1480 medeatur.
589 1414 717 1490 Tertio,
744 1410 923 1477 socordiam
952 1431 1046 1477 suam
1067 1412 1102 1475 iu
1124 1431 1163 1476 eo
1184 1410 1337 1494 produnt,
1391 1431 1461 1475 rem
1490 1411 1643 1477 habuisse
1672 1431 1746 1478 cum
1768 1411 1843 1476 lilia.
1889 1410 2047 1492 Quidam,
2077 1422 2115 1478 ut
2136 1414 2206 1479 eius
2233 1417 2352 1499 culpam

363 1501 448 1584 quod
466 1501 591 1566 animos
613 1496 770 1564 habentes
791 1499 825 1562 in
845 1506 932 1561 tarra
955 1494 1088 1571 defixos,
1107 1497 1198 1562 nulla
1220 1497 1338 1562 coeles-
1390 1506 1583 1575 extenuent,
1616 1518 1683 1561 non
1714 1507 1781 1562 tam
1812 1497 1903 1582 largo
1929 1507 2007 1580 potu
2037 1500 2136 1564 luisse
2168 1501 2352 1567 inebriatum

363 1587 406 1652 tis
436 1587 524 1652 vitae
560 1603 639 1650 cura
672 1592 864 1667 tanguntur.
914 1582 1113 1664 Quanquam
1142 1594 1250 1647 autem
1280 1604 1338 1665 pro
1391 1581 1503 1648 dicunt
1531 1603 1630 1666 quam
1659 1603 1805 1646 moerore
1832 1603 2031 1665 oppressum.
2076 1585 2148 1668 Ego
2177 1607 2257 1650 vero
2281 1587 2352 1652 illud

363 1681 454 1739 certo
482 1691 626 1736 asserere
648 1689 716 1734 non
744 1668 848 1734 audeo
877 1677 1037 1751 quantum
1067 1670 1222 1750 temporis
1244 1669 1338 1733 efflu-
1391 1668 1533 1747 retineo,
1562 1689 1625 1751 quo
1653 1668 1937 1734 excellentioribus
1967 1668 2060 1733 donis
2090 1668 2256 1752 praeditus
2284 1683 2353 1750 erat,

363 1759 450 1824 xerit
489 1759 577 1822 iuter
616 1752 777 1820 Sodomae
810 1753 973 1819 excidium
1014 1762 1046 1818 et
1078 1754 1238 1820 incestum
1271 1755 1338 1819 [rot
1391 1755 1554 1820 severiore
1581 1773 1686 1836 poena
1709 1754 1808 1820 fuisse
1829 1753 1980 1838 dignum:
2003 1754 2140 1838 ideoque
2161 1777 2292 1822 sensum
2312 1759 2354 1824 illi

364 1863 440 1910 eum
461 1842 588 1908 filiabus
611 1842 691 1918 suis,
715 1837 881 1923 probabile
903 1847 1012 1904 tamen
1035 1849 1101 1916 est,
1124 1841 1261 1905 simulac
1284 1862 1338 1905 ve·
1391 1840 1536 1906 ablatum
1559 1859 1638 1916 esse,
1662 1847 1699 1904 ut
1721 1841 1825 1904 instar
1847 1840 1963 1905 brutae
1984 1840 2118 1923 pecudis
2140 1863 2175 1906 se
2196 1843 2236 1908 ad
2260 1843 2356 1910 libidi-

362 1939 485 1994 ncrunt
505 1930 541 1993 in
566 1946 754 2002 cavernam,
786 1925 971 1990 solitudinis
998 1925 1133 1990 horrore
1162 1925 1338 2009 perculsas,
1392 1947 1466 1990 nem
1491 1927 1670 2008 proliceret.

360 2014 426 2080 boc
445 2015 603 2080 nefarium
622 2011 795 2078 consilium
813 2021 846 2077 et
864 2009 1055 2076 detestabile
1077 2019 1233 2095 captasse.
1269 2010 1338 2077 Neo
1476 2011 1527 2076 33.
1552 2010 1596 2076 Et
1616 2012 1755 2076 surreoit
1774 2011 1879 2100 mear
1901 2016 1992 2089 acta,
2015 2016 2043 2076 et
2063 2013 2211 2078 dormivit
2231 2034 2300 2079 arm
2318 2035 2354 2080 eo.

364 2121 444 2166 sane
465 2101 573 2184 potuit
594 2097 752 2162 diuturna
773 2117 844 2162 esse
866 2096 1025 2162 habitatio
1042 2097 1108 2161 Lot
1129 2098 1164 2162 in
1187 2097 1338 2174 caverna,
1390 2097 1456 2161 Hie
1477 2097 1568 2163 locus
1590 2094 1684 2163 docet
1705 2117 1802 2178 quam
1825 2096 2040 2180 periculosum
2063 2097 2107 2162 sit
2127 2100 2227 2164 semel
2250 2099 2355 2166 eadere

363 2185 442 2269 quin
475 2186 547 2250 cibo
579 2193 613 2249 et
651 2191 729 2267 potu
768 2182 1008 2248 destitueretur.
1053 2181 1337 2263 Quemadmodum
1390 2182 1426 2246 in
1446 2181 1588 2248 Satanae
1609 2183 1753 2266 laqueos:
1778 2203 1853 2247 nam
1877 2183 1932 2264 qui
1954 2182 2020 2248 illis
2041 2193 2155 2266 captus
2178 2197 2236 2261 ost,
2260 2187 2355 2270 magis

364 2283 474 2337 autem
495 2283 622 2354 patrem
645 2270 753 2353 ipsum
768 2268 876 2333 subita
897 2267 1034 2333 formido
1052 2268 1158 2332 instar
1180 2268 1339 2352 procellae
1391 2289 1428 2333 ac
1457 2269 1562 2351 magis
1589 2268 1773 2332 intricatur.
1823 2268 1890 2332 Lot
1918 2267 2060 2333 sobrium
2089 2268 2189 2335 luisse
2215 2281 2250 2335 et
2277 2273 2356 2356 frugi

364 2357 560 2440 abripuerat,
583 2357 630 2420 ita
651 2354 737 2419 filiae
758 2374 838 2438 prae
859 2354 1065 2438 impatientia
1087 2375 1152 2418 non
1175 2354 1338 2419 sustinent
1391 2353 1556 2419 hominem
1568 2362 1693 2420 certum
1711 2362 1769 2418 est.
1793 2351 1873 2419 Sive
1891 2353 2024 2418 tristitia
2036 2355 2218 2420 conlectum
2232 2356 2354 2422 adortae

363 2444 480 2508 saltem
509 2441 550 2506 ad
584 2461 701 2524 paucos
729 2439 812 2518 dies,
846 2460 906 2505 nee
936 2439 1045 2504 Deum
1074 2439 1245 2518 invocant,
1279 2460 1339 2504 neo
1391 2447 1469 2504 sunt
1491 2439 1593 2516 filiae,
1622 2440 1692 2504 sive
1721 2440 1835 2521 quovis
1857 2438 1920 2504 alio
1941 2440 2037 2504 modo
2059 2440 2217 2525 pellectus
2239 2443 2301 2508 fuit
2321 2441 2357 2508 ad

364 2535 526 2612 quaerunt
549 2535 682 2609 epatre
704 2525 885 2604 consilium,
910 2522 967 2590 sed
989 2525 1084 2590 bruto
1107 2523 1224 2590 ardore
1245 2545 1338 2608 prae·
1391 2524 1602 2590 immodicum
1634 2535 1763 2609 potum,
1798 2524 1853 2590 ubi
1881 2525 1981 2590 semel
2003 2523 2044 2589 ad
2077 2526 2355 2611 intemperantiam

364 2614 479 2697 cipites
512 2614 671 2677 feruntur.
716 2611 807 2675 Hinc
832 2610 1050 2694 perspicimus
1079 2631 1178 2693 quam
1206 2619 1339 2694 repente
1391 2610 1501 2693 lapsus
1534 2619 1599 2690 est,
1632 2609 1788 2693 postridie
1815 2631 1850 2675 se
1878 2611 1999 2676 iterum
2031 2612 2196 2695 corrumpi
2229 2615 2356 2695 patitur.

362 2699 430 2766 illis
452 2698 618 2764 effluxerit
644 2697 801 2762 memoria
822 2705 890 2761 tam
912 2717 991 2760 suae
1017 2695 1219 2760 liberationis
1241 2717 1339 2779 quam
1392 2697 1482 2781 Ergo
1503 2697 1673 2781 principiis
1690 2694 1802 2761 sedulo
1820 2695 2017 2761 obstandum
2036 2709 2099 2762 est:
2123 2699 2199 2780 quia
2216 2701 2287 2764 fieri
2305 2699 2357 2764 vix

362 2805 487 2869 poenae
517 2783 752 2850 Sodomiticae:
786 2803 924 2865 quarum
953 2791 1092 2864 utraque
1118 2788 1277 2865 perpetuo
1303 2782 1339 2846 in
1391 2789 1497 2864 potest
1529 2783 1667 2864 quiusa
1696 2782 1785 2847 vitiis
1817 2801 1951 2864 prorsus
1984 2781 2137 2847 addicant
2164 2783 2220 2867 qui
2253 2805 2359 2850 eorum

363 2891 478 2937 aarum
506 2870 669 2934 mentibus
699 2867 841 2933 residere
870 2866 1034 2933 debuerat.
1080 2868 1190 2950 Atque
1213 2868 1339 2932 utinam
1392 2865 1561 2933 dulcedine
1583 2877 1659 2932 sunt
1680 2867 1824 2933 inescati.
1869 2867 1948 2932 Ideo
1971 2867 2131 2933 malorum
2160 2869 2359 2936 irritamenta

363 2956 425 3022 hoc
453 2977 521 3021 non
549 2955 629 3019 adeo
658 2953 794 3038 vulgare
821 2963 907 3020 esset
925 2955 1011 3018 inter
1033 2973 1092 3018 nos
1122 2953 1254 3018 vitium:
1282 2953 1340 3020 sed
1393 2973 1460 3017 non
1488 2971 1582 3018 secus
1618 2973 1655 3017 ao
1684 2953 1871 3017 mortiferae
1897 2964 2005 3036 pestes
2037 2954 2183 3019 cavenda
2209 2965 2302 3022 sunt:
2330 2963 2359 3020 ct

362 3051 500 3124 utroque
522 3039 617 3106 modo
645 3037 914 3124 ingratitudinem
939 3046 1084 3104 nostram
1107 3038 1206 3103 nimis
1228 3051 1340 3122 aperte
1392 3039 1498 3104 omnis
1521 3038 1642 3104 blanda
1663 3038 1812 3105 invitatio
1834 3037 1874 3102 ad
1898 3039 2099 3120 peccandum
2122 3061 2189 3105 non
2211 3063 2305 3108 secus
2327 3063 2359 3107 ac

363 3127 540 3212 prodimus.
1392 3125 1585 3190 veneficium
1604 3124 1758 3190 timenda.
1794 3123 2079 3190 Circumstantiam
2099 3127 2186 3190 enim
2205 3126 2290 3194 hanc
2307 3147 2359 3192 no·

450 3213 500 3278 33.
524 3211 569 3277 Et
588 3231 650 3277 aon
672 3210 815 3294 cognovit
852 3209 998 3274 Tametsi
1015 3210 1081 3274 Lot
1103 3230 1170 3274 non
1193 3210 1340 3292 peccavit
1391 3219 1462 3274 tare
1483 3211 1759 3294 operaepretium
1782 3220 1840 3275 est.
1872 3210 1938 3274 Lot
1953 3209 2291 3278 interSodomitasin
2308 3212 2360 3278 illa

363 3299 481 3365 sciens:
512 3298 588 3380 quia
611 3307 720 3361 tamen
743 3296 793 3360 illi
815 3293 954 3360 ebrietas
982 3295 1125 3377 stuporis
1148 3316 1245 3362 causa
1266 3295 1338 3376 fnit,
1391 3295 1550 3361 scelerum
1577 3296 1730 3374 colluvie,
1759 3315 1842 3378 quae
1862 3295 1931 3360 fere
1958 3296 2083 3362 eoelum
2106 3307 2139 3363 et
2160 3305 2283 3364 terram
2305 3319 2360 3364 suo

363 3383 493 3450 levatur
520 3381 651 3467 quidem
681 3390 847 3464 utcunque
875 3380 946 3446 eius
974 3380 1085 3462 culpa,
1109 3380 1254 3446 sednon
1278 3381 1339 3446 tol·
1390 3382 1513 3446 foetore
1545 3382 1736 3461 infestabat,
1760 3391 1877 3446 -eastus
1910 3391 1944 3446 ot
1975 3383 2103 3466 integer
2136 3394 2285 3450 versatus
2317 3389 2361 3450 est

363 3471 457 3535 litur:
488 3469 554 3533 imo
583 3467 718 3533 dubium
744 3488 810 3532 non
832 3473 897 3546 est,
919 3467 1101 3532 Dominum
1124 3467 1185 3532 hoo
1213 3487 1339 3550 poenae
1391 3467 1496 3532 instar
1528 3466 1696 3534 cuiusdam
1730 3467 1846 3552 angeli.
1892 3465 1988 3533 Unde
2010 3468 2056 3532 illi
2080 3467 2243 3535 Sodomae
2274 3478 2360 3534 tanta

362 3575 483 3640 genere
500 3554 606 3620 ultum
624 3554 725 3618 fuisse
744 3553 815 3618 eius
836 3551 1133 3634 intemperantiam.
1171 3553 1232 3618 Est
1249 3553 1338 3618 enim
1390 3553 1578 3636 integritas,
1611 3553 1675 3618 nisi
1704 3553 1782 3637 quia
1810 3553 1971 3618 malorum
2000 3553 2118 3638 quibus
2147 3554 2360 3632 obsidebatur,

362 3642 424 3707 hoc
458 3661 569 3706 rarum
603 3648 637 3704 et
668 3637 808 3722 prodigii
840 3637 960 3715 simile,
992 3638 1046 3702 ‘ita
1077 3648 1158 3721 potu
1190 3639 1337 3704 hebetari
1391 3639 1533 3722 cognitio
1566 3639 1742 3706 sollicitum
1772 3646 1805 3704 et
1836 3647 1967 3704 cautum
2000 3639 2180 3706 reddebat?
2215 3641 2359 3706 nuncin

363 3747 476 3792 omnes
497 3724 641 3789 hominis
664 3744 796 3803 sensus,
824 3733 862 3787 ut
882 3722 1052 3788 libidinem
1076 3722 1167 3806 quasi
1188 3731 1337 3790 mortuus
1389 3733 1501 3789 monte
1528 3745 1682 3790 securum
1712 3724 1808 3790 novis
1840 3723 1968 3790 insidiis
2002 3725 2219 3791 circumvenit
2250 3726 2359 3793 Satan.

362 3810 546 3896 profundat.
581 3811 654 3894 Ego
677 3807 807 3893 quidem
829 3809 877 3873 ita
898 3810 1032 3874 omnino
1053 3815 1160 3874 statuo
1182 3830 1248 3874 non
1270 3819 1338 3874 tam
1389 3810 1480 3894 Ergo
1499 3810 1561 3877 hoe
1582 3810 1734 3895 exemplo
1751 3831 1810 3875 nos
1828 3809 1869 3874 ad
1887 3811 2093 3895 vigilantiam
2115 3811 2240 3878 hortari
2260 3812 2360 3880 voluit

362 3898 441 3963 vino
474 3897 574 3962 fuisse
606 3896 775 3974 obrutum,
809 3915 908 3976 quam
941 3902 1073 3978 propter
1099 3914 1192 3959 suam
1219 3895 1336 3960 intem·
1389 3895 1538 3978 spiritus:
1567 3897 1642 3978 quia
1663 3895 1718 3961 ubi
1741 3895 1876 3962 minime
1903 3906 2071 3977 putamus,
2103 3897 2143 3962 ab
2165 3898 2257 3965 hoste
2278 3899 2360 3963 iuvi·

363 3985 487 4068 periem
509 3981 666 4047 divinitus
688 3999 876 4063 percussum
899 3979 1016 4062 spiritu
1044 3981 1194 4062 stuporis.
1240 3980 1337 4062 Quod
1390 3980 1476 4046 sibili
1509 3980 1600 4046 nobis
1633 3982 1813 4047 tenduntur
1842 3981 1940 4047 retia:
1973 3984 2068 4049 sicuti
2099 3983 2190 4066 prius
2218 3984 2361 4050 narravit

363 4071 392 4135 si
414 4067 507 4132 Deus
539 4077 652 4134 saneto
673 4065 876 4150 patriarchae
903 4086 967 4129 non
989 4066 1150 4148 pepercit,
1185 4075 1337 4149 putamus
1390 4068 1501 4132 Moses
1522 4069 1556 4130 in
1580 4066 1730 4151 paradiso
1751 4067 1859 4133 Adam
1881 4069 1981 4134 luisse
2000 4068 2181 4152 deceptum.
2223 4068 2361 4150 Quodsi

362 4173 423 4221 nos
440 4155 509 4219 fore
524 4153 655 4232 inultos,
673 4153 701 4218 si
719 4151 859 4216 eundem
877 4171 1053 4234 sequamur
1071 4151 1209 4216 luxum?
1226 4150 1337 4232 Quare
1390 4152 1483 4217 nobis
1514 4152 1579 4235 ipsi
1611 4154 1752 4236 suspecti
1786 4153 1924 4234 erimus,
1957 4153 1991 4217 id
2020 4173 2079 4219 nos
2107 4164 2222 4220 contra
2248 4175 2360 4220 omnes
2466 4179 2467 4182 ¹

362 4241 503 4307 sciamus
533 4239 594 4305 boc
633 4237 798 4320 exemplo,
837 4237 1073 4318 temperantiae
1104 4237 1211 4320 legem
1244 4239 1337 4304 nobis
1390 4238 1492 4304 bostis
1519 4240 1623 4310 nostri
1652 4239 1791 4304 astutias
1818 4240 1898 4305 satis
1925 4239 2076 4320 providos
2104 4239 2236 4308 reddet:
2265 4259 2358 4304 nemo

361 4325 555 4410 praescribi,
596 4333 633 4388 ut
668 4343 764 4406 parce
797 4330 830 4386 et
862 4322 1033 4405 frugaliter
1067 4343 1247 4388 vescamur.
1292 4324 1337 4388 Et
1389 4325 1477 4388 enim
1506 4332 1556 4388 est
1583 4325 1638 4406 qui
1667 4345 1733 4390 non
1762 4324 1803 4389 ad
1832 4345 1867 4390 se
1896 4325 2074 4390 fallendum
2108 4325 2198 4392 mille
2221 4319 2360 4393 Satanae
2466 4375 2467 4386 2

362 4421 471 4477 tamen
493 4409 614 4494 impuri
637 4408 770 4491 quidam
791 4408 940 4473 homines
957 4408 1024 4473 Lot
1045 4407 1228 4474 obtendunt
1245 4410 1338 4492 quasi
1388 4409 1548 4474 lenocinia
1565 4411 1782 4476 circumferat.

361 4496 539 4580 impietatis
561 4516 640 4560 suae
660 4503 846 4577 patronum.
887 4492 956 4558 Gur
978 4514 1043 4558 non
1066 4494 1173 4576 potius
1191 4495 1336 4560 conside·
1473 4496 1525 4561 37.
1547 4495 1592 4560 Et
1607 4497 1730 4578 peperit
1748 4496 1963 4580 pmnwpeaita.
2004 4497 2096 4561 Haeo
2117 4481 2280 4563 horrenda
2299 4495 2359 4561 luit
2466 4559 2467 4580 ,

361 4590 439 4647 rant
456 4583 490 4646 in
514 4601 611 4664 qnam
634 4578 809 4645 nefandam
832 4577 1069 4661 turpitudinem
1091 4580 1261 4662 prolapsus
1284 4582 1335 4660 sit,
1388 4583 1586 4662 excaecatio,
1620 4582 1704 4665 quod
1738 4583 1825 4647 filiae
1847 4582 1914 4647 Lot
1946 4581 2069 4664 pudore
2096 4582 2242 4666 deposito
2266 4581 2359 4664 quasi

248 4713 251 4720 ,
360 4669 436 4750 quia
458 4669 535 4734 vino
556 4676 685 4749 praeter
707 4664 839 4730 modum
862 4665 983 4730 abusus
1005 4665 1097 4730 erat?
1120 4664 1189 4730 Nec
1212 4666 1336 4750 simpli·
1387 4667 1550 4732 virtutum
1572 4688 1706 4734 suarum
1727 4666 1918 4751 trophaeum
1941 4669 2122 4752 erigerent,
2147 4687 2244 4734 suum
2264 4667 2360 4732 dede·

362 4754 458 4831 citer,
488 4761 525 4817 ut
553 4753 637 4831 dixi,
670 4751 890 4834 reputandum
918 4762 968 4815 est
996 4749 1073 4835 quid
1101 4749 1185 4816 ferat
1213 4771 1273 4835 per
1300 4772 1336 4817 se
1387 4771 1446 4816 cus
1470 4762 1601 4818 aeterno
1624 4764 1836 4819 monumento
1866 4751 1907 4819 ad
1936 4765 2080 4836 posteros
2109 4763 2248 4819 testatae
2270 4763 2358 4819 snut.

361 4837 517 4916 ebrietas,
547 4837 722 4921 atquibus
744 4836 818 4902 aliis
841 4837 930 4902 vitiis
952 4836 995 4902 sit
1016 4837 1190 4919 implicita:
1213 4837 1271 4902 sed
1294 4837 1335 4902 ad
1387 4837 1484 4902 Filiis
1512 4839 1581 4904 suis
1610 4841 1743 4905 nomina
1764 4841 1954 4922 imponunt,
1985 4840 2038 4905 vel
2062 4841 2170 4923 potius
2192 4842 2359 4905 incorum

360 4925 427 4990 Dei
444 4922 624 4990 vindictam
642 4922 811 4990 attendere
829 4943 888 4986 nos
907 4922 1007 5000 decet,
1026 4923 1083 5004 qui
1101 4921 1160 4986 hac
1179 4921 1219 4988 de
1237 4943 1336 4989 causa
1387 4945 1526 5006 persona
1556 4924 1682 4991 duobus
1715 4925 1860 5009 populis,
1900 4924 1988 4989 unde
2021 4945 2135 4992 omnes
2167 4931 2360 5010 cognoscant

361 5019 490 5076 exstare
507 5017 540 5073 ct
558 5007 714 5074 celebrari
728 5007 866 5073 saeculis
883 5008 1035 5073 omnibus
1054 5009 1157 5072 voluit
1175 5011 1334 5092 tragicum
1387 5008 1604 5076 adulterinam
1636 5032 1707 5077 esse
1739 5011 1947 5096 progeniem,
1981 5019 2013 5076 et
2043 5031 2084 5076 ex
2118 5012 2240 5078 incesto
2269 5011 2359 5074 coitu

360 5097 422 5162 hoo
444 5095 586 5170 facinus,
615 5101 652 5159 ut
681 5093 913 5158 abominationi
936 5103 1021 5158 esset
1049 5094 1197 5159 ebrietas.
1242 5093 1334 5175 Quo·
1386 5104 1500 5161 ortam.
1537 5096 1634 5161 Prior
1655 5099 1754 5162 iactat
1770 5097 1875 5163 filium
1896 5117 1993 5162 suum
2015 5117 2086 5162 esse
2104 5117 2125 5162 a
2141 5105 2238 5180 patre,
2256 5095 2362 5160 altera

361 5181 440 5246 tidie
479 5180 611 5264 quidem
652 5190 791 5244 testatur
824 5179 988 5244 Dominus
1026 5179 1188 5244 atrocibus
1222 5182 1334 5263 poenis
1386 5201 1463 5246 vero
1486 5181 1547 5250 sibi
1569 5181 1673 5247 filium
1692 5203 1733 5247 ex
1756 5183 1940 5266 propinqua
1963 5184 2156 5266 cognatione
2177 5203 2243 5248 esse
2263 5181 2360 5264 geni·

361 5275 562 5349 quantopere
594 5264 654 5330 sibi
685 5264 854 5346 displiceat
884 5265 947 5330 hoo
978 5264 1109 5329 vitium:
1144 5265 1200 5330 sed
1233 5287 1333 5347 quum
1385 5275 1471 5332 tum:
1495 5269 1542 5332 ita
1559 5269 1673 5334 ambae
1691 5268 1818 5336 lacinus
1839 5265 2047 5351 impudenter
2069 5269 2246 5354 divulgant,
2264 5268 2360 5331 cuius

359 5353 508 5417 videmus
526 5350 679 5416 Abrabae
702 5361 852 5432 nepotem
875 5350 1034 5433 hospitem
1057 5351 1257 5435 angelorum,
1277 5351 1334 5416 ho·
1385 5353 1508 5436 pudore
1531 5351 1649 5420 abdere
1670 5376 1705 5420 se
1727 5355 1835 5438 potius
1857 5353 2037 5420 debuerant
2054 5354 2088 5420 in
2111 5365 2254 5420 aeternas
2273 5351 2361 5417 late-
