5000 6208
100 509 151 573 181

746 501 1117 569 COMMENTARIUS
1139 501 1189 566 IN
1212 503 1426 568 GENESIN.

2024 504 2086 570 182

98 698 154 763 nisi
173 695 305 761 accedat
323 698 461 758 externa
479 690 564 774 apud
581 690 730 756 homines
752 691 916 773 professio.
953 689 1064 753 Pietas
1115 690 1188 755 Etsi
1211 705 1319 755 autem
1349 691 1443 755 docet
1465 692 1573 756 Moses
1600 713 1664 774 quo
1686 691 1820 756 consilio
1849 691 1952 756 altare
1974 712 2089 756 erexe-

98 783 191 849 habet
212 779 342 864 quidem
364 778 527 861 propriam
550 778 584 841 iu
607 775 703 840 corde
725 775 850 840 sedem:
884 771 941 840 sed
963 795 1003 839 ex
1026 793 1064 837 ea
1115 777 1159 839 rit
1176 775 1309 855 Abram,
1334 798 1433 860 quum
1453 778 1552 841 refert
1570 777 1638 842 illic
1655 778 1824 842 invocasse
1844 777 1966 841 Deum:
1990 777 2090 841 simul

98 870 200 934 radice
230 865 388 933 confessio
418 873 545 946 postea,
572 871 728 945 tanquam
751 863 891 938 fructus,
915 860 1062 943 emergit.
1115 869 1224 926 tamen
1248 863 1357 927 innuit
1379 863 1538 945 placuisse
1560 863 1626 927 tale
1648 863 1789 926 officium
1816 865 1899 942 Deo,
1923 885 1998 926 nam
2022 863 2089 928 elo·

99 956 217 1021 Sumus
246 952 332 1018 cuim
362 949 464 1015 creati
485 951 519 1013 in
548 946 637 1014 hunc
659 948 775 1026 finem,
806 957 844 1010 ut
865 945 1009 1010 animam
1032 951 1066 1010 θῖ

98 1061 209 1123 corpus
226 1039 401 1103 offeramus
418 1036 500 1100 Deo.
535 1033 618 1098 Erat
636 1054 695 1098 sua
713 1031 919 1099 Chananaeis
941 1031 1063 1113 religio,

98 1127 210 1191 altaria
238 1123 404 1189 habebant
433 1119 607 1185 offerendis
636 1119 816 1184 sacrificiis:
848 1117 904 1182 sed
930 1116 1064 1192 Abram,

99 1234 135 1276 ne
157 1233 192 1276 se
219 1210 354 1274 misceat
382 1228 494 1272 eorum
522 1204 823 1288 superstitionibus,
854 1203 1064 1267 domesticum

98 1297 191 1381 erigit
213 1296 316 1360 altare
339 1292 395 1358 ubi
416 1292 590 1357 sacrificet:
620 1293 706 1355 acsi
729 1290 817 1354 domi
839 1310 915 1353 suae
938 1289 1065 1370 regium

98 1386 163 1450 Deo
185 1382 302 1446 solium
327 1386 470 1462 poneret.
515 1376 688 1441 Caeterum
711 1376 786 1458 quia
815 1373 994 1458 spiritualis
1016 1381 1066 1438 est

97 1471 157 1536 Dei
179 1468 300 1544 cultus,
323 1477 356 1530 et
379 1465 449 1530 eine
466 1471 554 1528 recto
572 1462 638 1525 fine
656 1483 694 1527 ac
715 1461 862 1544 legitimo
884 1481 948 1524 non
970 1458 1065 1522 modo

97 1558 207 1620 inanes
237 1573 275 1618 ac
303 1550 399 1616 nihili
427 1559 504 1614 sunt
527 1567 640 1612 omnes
662 1547 901 1623 caeremoniae,
924 1544 981 1610 sed
1010 1565 1065 1609 ve·

97 1663 169 1705 rum
191 1639 256 1704 Dei
283 1637 405 1702 cultum
434 1634 544 1700 fucosa
573 1633 783 1715 mendacique
811 1632 917 1715 speeie
940 1629 1063 1694 adulte-

97 1735 183 1792 rant:
213 1723 325 1790 sedulo
354 1719 534 1785 notandum
557 1728 606 1784 θεῖ
635 1717 720 1802 quod
750 1718 828 1783 dicit
853 1718 978 1792 Moses,
1009 1737 1065 1780 ex·

96 1822 254 1878 structum
282 1829 352 1874 esse
385 1807 487 1871 altare
515 1804 557 1869 ad
578 1804 686 1868 Deum
703 1801 931 1869 invocandum.
977 1801 1066 1884 Ergo

95 1900 197 1963 altare
229 1897 333 1961 forma
364 1903 415 1957 est
446 1890 552 1955 divini
584 1889 706 1955 cultus:
747 1889 910 1954 invocatio
948 1896 1068 1968 autern,

96 1983 276 2050 substantia
297 1990 330 2044 et
350 1978 483 2042 veritas.
520 1975 613 2041 Haec
635 1983 713 2040 nota
734 1975 828 2042 facile
846 1997 866 2039 a
887 1974 978 2056 puris
1000 1973 1066 2039 cul-

95 2071 220 2135 toribus
248 2065 438 2150 hypocritas
466 2061 638 2139 discernit,
672 2061 729 2144 qui
750 2062 785 2124 in
807 2061 954 2124 externis
975 2079 1066 2142 pom·

96 2158 141 2240 pis
164 2155 240 2237 plus
263 2172 363 2234 aequo
385 2158 463 2214 sunt
481 2147 642 2225 liberales,
665 2145 723 2212 sed
741 2145 836 2212 nudis
856 2145 1068 2211 caeremoniis

95 2240 230 2324 defungi
258 2239 398 2304 volunt'
425 2235 480 2299 Ita
505 2255 591 2317 vage
618 2240 667 2297 θεῖ
695 2239 764 2297 tota
793 2252 906 2300 corum
934 2231 1066 2314 religio:

95 2329 169 2411 quia
204 2328 238 2390 in
266 2322 394 2388 nullum
429 2340 561 2402 scopum
590 2327 678 2384 certo
709 2318 873 2401 dirigitur.
922 2314 1068 2380 intentio

95 2413 225 2497 quidem
246 2409 312 2473 illis
334 2406 442 2472 finalis
465 2411 515 2470 est
536 2403 586 2490 (ut
606 2402 804 2489 balbutiunt)
822 2403 931 2467 Deum
953 2401 1068 2478 colere,

94 2499 149 2565 sed
177 2497 311 2580 propius
336 2493 378 2557 ad
400 2491 510 2556 Deum
539 2489 663 2555 accedit
690 2489 813 2574 pietas:
842 2487 979 2570 ideoque
1002 2507 1069 2550 non

94 2585 179 2650 ludit
200 2580 347 2647 externis
369 2577 500 2662 figuris,
518 2575 575 2641 sed
598 2575 770 2642 veritatem
793 2596 830 2640 ac
852 2573 1068 2640 substantiam

93 2669 236 2752 respicit.
281 2665 323 2730 In
345 2683 489 2741 summa,
518 2683 584 2726 non
606 2661 702 2726 aliter
724 2671 875 2744 acceptae
896 2668 975 2724 suut
995 2657 1069 2722 Deo

93 2752 317 2824 caeremoniae
338 2771 435 2832 quarn
458 2748 536 2812 dum
555 2745 596 2811 ad
624 2747 827 2829 spiritualem
849 2741 915 2809 Dei
943 2744 1067 2809 cultum

92 2842 292 2908 referuntur.
342 2837 503 2900 Invocsre
531 2853 650 2897 nemen
678 2832 831 2910 Domini,
867 2831 916 2896 vel
945 2831 980 2895 in
1008 2851 1067 2894 no·

92 2928 198 3003 mine,
232 2922 381 2989 bifariam
413 2919 606 3003 exponitur:
640 2938 758 3003 nempe
790 2918 899 2983 Deum
930 2916 1067 2999 precari,

93 3014 144 3077 rel
177 3011 249 3076 eius
279 3028 398 3072 nomen
423 3003 574 3070 laudibus
604 3003 775 3069 celebrare.
821 3001 888 3070 Sed
917 3003 994 3086 quia
1015 3022 1068 3066 res

92 3100 285 3166 coniunctae
307 3105 383 3158 sunt
405 3090 548 3176 precatio
570 3097 603 3154 et
624 3089 804 3174 gratiarum
826 3088 920 3167 actio,
943 3096 1067 3151 utram·

91 3207 153 3269 qne
176 3184 319 3248 libenter
340 3177 545 3260 complector.
590 3175 744 3240 Diximus
767 3183 875 3239 autem
898 3194 998 3256 supra
1014 3194 1067 3238 ca-

91 3275 159 3354 pite
182 3279 312 3352 quarto,
341 3285 406 3328 uon
435 3263 558 3326 frustra
580 3283 638 3342 per
667 3259 893 3345 synecdochen
923 3259 1068 3325 subhac

90 3379 158 3421 una
181 3353 289 3436 specie
311 3358 416 3415 totum
438 3349 547 3412 notari
570 3348 632 3411 Dei
663 3347 804 3411 cultum:
835 3347 912 3429 quia
940 3344 1068 3409 nullum

89 3442 221 3524 pietatis
251 3437 396 3503 officium
426 3433 530 3516 pluris
560 3433 710 3498 aestimat
734 3434 842 3511 Deus,
874 3453 934 3496 nee
963 3430 1067 3495 ullum

90 3526 289 3593 sacrificium
318 3521 444 3606 gratius
475 3517 573 3583 habet
606 3518 748 3582 nominis
776 3519 826 3582 sui
853 3517 1068 3596 invocatione,

89 3625 126 3678 ut
157 3618 300 3676 testatur
329 3607 415 3672 Psal.
439 3605 490 3684 50,
520 3603 693 3682 taeter,
718 3603 768 3668 19.
813 3604 916 3668 Porro
944 3602 1068 3685 quoties

88 3699 234 3764 occurrit
263 3694 375 3760 altaris
404 3713 539 3769 nomen,
573 3690 669 3755 simul
698 3690 733 3754 in
761 3697 904 3754 mentem
935 3689 1069 3754 veniant

88 3783 268 3850 sacrificia:
300 3778 439 3844 namuh
462 3777 554 3841 initio
584 3783 739 3842 testatum
760 3795 830 3840 esse
853 3773 955 3840 voluit
977 3773 1068 3838 Dens

87 3871 237 3935 humano
259 3865 381 3950 generi,
405 3862 532 3927 nullum
555 3861 596 3925 ad
619 3883 654 3927 se
677 3871 790 3944 patere
811 3881 977 3926 accessum
996 3859 1068 3924 abs-

87 3977 151 4038 que
187 3951 356 4020 sacrificio.
407 3950 498 4033 Ergo
530 3947 655 4012 Abram
688 3969 730 4012 ex
762 3946 907 4031 generali
941 3945 1070 4029 pietatis

86 4041 243 4107 doctrina
277 4035 444 4104 sacrificiis
477 4035 615 4100 coeleste
649 4032 711 4097 sibi
742 4033 963 4097 sanctuarium
993 4053 1069 4115 apo·

87 4129 176 4207 ruit,
204 4135 243 4190 ut
272 4123 381 4188 Deum
409 4124 470 4184 rite
499 4119 627 4186 coleret.
676 4119 778 4202 Atqui
809 4120 917 4183 Deum
950 4118 1069 4184 scimus

85 4232 262 4294 nunquam
280 4205 439 4292 pecudum
458 4206 616 4288 sanguine
633 4204 734 4270 fuisso
752 4204 925 4288 placatum.
959 4202 1070 4284 Quare

85 4301 241 4382 sequitur
268 4294 377 4360 Abrae
407 4291 503 4356 fidem
531 4291 567 4354 in
590 4289 716 4356 Christi
744 4293 937 4374 sanguinem
967 4290 1069 4354 direc-

85 4403 157 4449 tam
192 4381 302 4447 fuisse.
347 4377 414 4444 Sed
448 4375 625 4442 absurdum
655 4375 785 4441 videtur
814 4374 900 4458 quod
929 4397 987 4441 suo
1017 4397 1068 4440 ar-

85 4471 192 4534 bitrio
216 4468 319 4531 altare
342 4464 403 4528 sibi
425 4462 567 4528 exstruit
591 4464 731 4540 Abram,
760 4461 816 4544 qui
837 4483 940 4543 neque
963 4483 1068 4527 sacer·

84 4555 145 4620 dos
184 4565 274 4631 erat,
313 4572 373 4614 nec
408 4547 565 4614 disertum
598 4546 740 4612 habebat
773 4548 836 4612 Dei
867 4546 1067 4612 mandatum.

84 4637 306 4723 Respondeo,
329 4635 432 4700 Musis
457 4642 611 4699 contextu
633 4634 721 4698 hune
743 4634 932 4715 scrupulum
952 4633 1068 4698 eximi:

84 4749 156 4792 non
181 4723 377 4807 simpliciter
396 4718 469 4785 Deo
492 4719 594 4784 altars
623 4720 768 4802 posuisse
793 4719 913 4784 dicitur
936 4719 1068 4796 Abram,

83 4813 145 4878 sed
171 4812 247 4876 Deo
270 4807 326 4891 qni
355 4813 559 4890 apparuerat.
604 4805 694 4887 Ergo
716 4805 818 4869 altare
840 4805 875 4868 in
897 4804 954 4868 illa
975 4826 1069 4870 reve·

82 4899 219 4963 latione
244 4892 417 4960 fundatum
447 4892 524 4956 fuit:
560 4912 618 4956 nec
648 4891 688 4955 ab
718 4913 756 4956 ea
786 4891 929 4975 separari
963 4888 1068 4970 debet,

80 4986 184 5049 cuius
217 4989 342 5046 tantum
366 4999 441 5060 pars
463 4985 629 5059 astatque
656 4976 830 5059 appendix.
871 4975 1069 5060 Superstitio

81 5070 205 5133 Deum
227 5064 355 5150 qualem
383 5063 516 5129 libuerit
550 5063 610 5128 sibi
634 5061 786 5141 fabricat,
821 5061 936 5126 deiude
962 5063 1068 5127 varios

80 5157 132 5221 illi
167 5152 281 5220 cultus
307 5150 443 5232 affingit.
495 5149 542 5215 Ut
570 5147 665 5213 hodie
694 5149 840 5232 papistae
868 5169 985 5232 magno
1013 5168 1067 5210 su·

81 5240 228 5325 percilio
266 5237 370 5302 colere
404 5235 510 5299 Deum
548 5256 583 5298 so
615 5233 737 5298 iactant
770 5255 871 5316 quum
904 5232 1069 5316 ineptiunt

80 5326 226 5392 lusoriis
255 5321 323 5388 suis
355 5321 491 5406 pompis.
547 5322 593 5384 At
629 5318 783 5384 laudatur
817 5319 926 5384 Abrae
962 5319 1066 5400 pictas

79 5413 174 5496 quod
217 5408 324 5473 Deum
359 5407 420 5472 sibi
458 5405 654 5488 patefactum
689 5414 795 5470 erecto
827 5405 923 5470 altari
956 5405 1064 5471 coluit.

1116 949 1206 1030 gium
1225 949 1361 1030 spiritus
1378 949 1484 1014 sancti
1503 949 1582 1014 hacc
1603 949 1750 1030 loquutio
1768 949 1923 1022 continet,
1942 970 2092 1032 quopro-

1116 1033 1249 1097 uunciat
1271 1033 1382 1098 Deum
1410 1035 1471 1098 rite
1501 1033 1541 1099 ab
1568 1034 1623 1099 illo
1652 1035 1750 1098 fuisse
1778 1034 1975 1100 invocatum.
2021 1035 2090 1099 Alii

1116 1117 1247 1198 quidem
1279 1120 1430 1184 ferociter
1462 1141 1496 1185 ιθ
1529 1120 1638 1184 Deum
1671 1121 1775 1184 colere
1813 1120 1991 1186 iactabant:
2033 1119 2090 1185 sed

1117 1205 1222 1282 Deus,
1262 1205 1367 1270 solum
1402 1205 1525 1270 Abram
1565 1205 1744 1282 laudando,
1789 1227 1903 1271 omnes
1941 1206 2089 1288 gentium

1116 1291 1198 1439 ritqs
1227 1292 1319 1373 quasi
1349 1291 1475 1356 foedam
1505 1291 1646 1356 nominis
1675 1292 1725 1356 sui
1752 1292 2009 1374 profanationem
2039 1312 2091 1356 re·

1115 1396 1159 1459 pu
1182 1375 1238 1439 iat.

1201 1461 1230 1526 8.
1254 1460 1298 1526 Et
1319 1461 1486 1526 tanstulit.
1531 1461 1642 1541 Quum
1670 1462 1819 1526 audimus
1843 1463 1965 1528 Abram
1989 1485 2030 1528 ex
2052 1484 2090 1528 eo

1116 1547 1186 1613 loco
1216 1549 1356 1614 movisse
1383 1547 1440 1612 ubi
1464 1548 1535 1612 Deo
1570 1549 1673 1613 altare
1702 1558 1926 1626 exstruxerat,
1957 1548 2091 1613 dubium

1116 1653 1187 1698 esse
1217 1655 1281 1698 non
1310 1631 1404 1698 debet
1432 1634 1508 1716 quin
1540 1633 1649 1716 aliqua
1683 1634 1873 1699 necessitate
1908 1634 2093 1716 compulsus

1117 1719 1222 1782 fucrit.
1267 1718 1340 1784 Illic
1363 1729 1517 1800 expertus
1539 1728 1589 1784 est
1612 1720 1755 1801 hospites
1777 1741 1892 1800 parum
1919 1721 2092 1803 propitios:

1118 1825 1195 1888 ergo
1228 1805 1473 1869 tabernaculum
1502 1826 1598 1892 suum
1628 1806 1690 1870 alio
1723 1805 1887 1871 transfert.
1941 1805 2036 1886 Quod
2066 1806 2095 1870 si

1117 1891 1280 1974 patienter
1302 1891 1376 1956 tulit
1395 1891 1519 1956 Abram
1542 1891 1711 1956 continuos
1730 1913 1867 1968 errores,
1890 1890 2094 1957 nullomodo

1118 1977 1318 2042 excusabiles
1352 1986 1429 2042 sunt
1460 1985 1592 2040 nostrae
1624 1976 1772 2056 delitiae,
1804 1999 1905 2060 quum
1935 1977 2092 2042 adversus

1117 2061 1226 2126 Deum
1246 2063 1423 2137 fremimus,
1443 2064 1504 2128 nisi
1523 2064 1669 2146 quietum
1688 2063 1801 2127 nidum
1820 2062 1911 2128 nobis
1928 2063 2091 2130 concedat.

1120 2146 1217 2213 Certe
1238 2169 1337 2230 quum
1350 2148 1502 2214 Christus
1519 2149 1643 2214 coelum
1662 2149 1755 2214 nobis
1773 2149 1946 2231 aperuerit,
1965 2158 1998 2214 et
2015 2149 2094 2216 illuc

1118 2253 1178 2298 nos
1200 2233 1308 2316 palam
1331 2233 1474 2316 quotidie
1496 2234 1536 2298 ad
1559 2256 1593 2300 se
1616 2235 1744 2312 invitet,
1767 2257 1831 2299 non
1852 2235 1963 2316 inique
1985 2237 2091 2301 feren·

1119 2319 1199 2383 dum
1232 2326 1282 2384 est
1314 2319 1343 2384 si
1376 2341 1436 2384 uos
1468 2321 1503 2384 in
1536 2320 1658 2386 mundo
1691 2320 1868 2404 inquilinos
1900 2343 1970 2386 esse
2005 2321 2090 2387 velit.

1119 2403 1260 2469 Summa
1281 2427 1359 2488 ergo
1378 2405 1476 2470 huius
1497 2406 1557 2471 loci
1580 2415 1644 2484 ast,
1676 2407 1799 2471 Abram
1829 2407 1929 2471 fuisse
1954 2405 2092 2470 ἀστατού-

1118 2514 1219 2569 μενον,
1243 2490 1348 2555 idest
1374 2489 1575 2556 instabilem:
1609 2512 1706 2575 quem
1731 2492 1864 2556 titulum
1889 2493 2011 2558 Paulus
2035 2494 2092 2558 tri-

1119 2575 1191 2640 buit
1209 2575 1406 2642 Christianis
1423 2577 1465 2663 (1.
1486 2577 1558 2642 Cor.
1578 2579 1607 2652 4,
1628 2577 1691 2663 11).
1728 2578 1901 2643 Caeterum
1920 2580 2094 2645 manifesta

1120 2671 1171 2726 est
1192 2662 1351 2745 prolepsis
1372 2662 1406 2726 in
1438 2684 1515 2728 voce
1538 2664 1666 2729 Bethel.
1713 2661 1768 2729 Sic
1790 2664 1878 2729 enim
1904 2663 2010 2730 locum
2034 2687 2093 2730 no·

1119 2749 1240 2899 minag,
1270 2758 1306 2811 ut
1327 2769 1511 2813 sermonem
1539 2749 1761 2816 accommodet
1789 2771 1867 2815 suae
1896 2752 2013 2816 aetatis
2034 2751 2092 2816 ho·

1119 2855 1200 2898 num
1225 2855 1272 2898 us.

1205 2919 1249 2984 Et
1281 2919 1456 3002 aedificavit
1487 2921 1533 2985 ibi
1567 2920 1673 2986 altore.
1718 2920 1928 3006 Infatigabile
1961 2924 2092 3004 pietatis

1120 3004 1265 3070 studium
1288 3006 1323 3069 in
1348 3006 1470 3071 Abram
1500 3004 1610 3071 laudat
1634 3008 1757 3084 Moses,
1787 3007 1838 3072 his
1867 3008 1955 3072 enim
1985 3010 2094 3076 verbis

1120 3091 1296 3173 significat,
1331 3112 1523 3174 quocunque
1563 3093 1707 3158 locorum
1747 3092 1886 3158 subinde
1927 3095 2035 3173 venit,
2058 3097 2095 3159 in

1120 3184 1256 3240 externo
1275 3178 1338 3241 Dei
1360 3178 1450 3242 cultu
1473 3200 1508 3243 se
1530 3179 1728 3245 exercuisse:
1751 3188 1820 3242 tum
1843 3200 1885 3242 ne
1907 3200 2096 3246 communes

1119 3260 1254 3326 haberet
1274 3263 1358 3328 ritus
1380 3265 1590 3346 cumimpiis,
1614 3274 1684 3328 tum
1708 3274 1745 3329 ut
1766 3266 1923 3328 familiam
1945 3287 2038 3331 suam
2061 3267 2096 3331 in

1120 3348 1248 3413 sincera
1269 3349 1390 3430 pietate
1420 3349 1584 3414 retineret.
1630 3350 1803 3415 Probabile
1825 3362 1934 3414 eutem
1957 3363 2006 3415 cst
2029 3375 2096 3417 non

1120 3454 1257 3515 parvam
1279 3433 1355 3498 inde
1375 3434 1532 3500 invidiam
1554 3436 1602 3500 illi
1631 3437 1804 3501 conflatam
1834 3457 1918 3500 esse:
1948 3438 2023 3518 quia
2045 3439 2095 3502 ni·

1120 3519 1168 3582 hil
1190 3529 1241 3584 est
1269 3519 1354 3603 quod
1383 3521 1500 3602 impios
1530 3521 1634 3605 magis
1663 3530 1738 3586 urat
1766 3543 1863 3605 quam
1893 3521 2023 3586 diversa
2044 3545 2096 3588 re·

1120 3604 1214 3688 ligio,
1239 3606 1273 3669 in
1296 3627 1360 3687 qua
1385 3627 1451 3670 non
1474 3607 1569 3672 modo
1592 3628 1626 3670 se
1656 3607 1819 3672 contemni
1849 3607 2009 3688 iudicant,
2038 3608 2095 3672 sed

1120 3691 1286 3756 caecitatis
1315 3713 1447 3776 prorsus
1477 3691 1634 3756 damnari.
1687 3693 1732 3756 Et
1761 3697 1881 3759 seimus
1915 3714 2029 3760 saevos
2059 3715 2096 3758 ac

1121 3778 1279 3858 superbos
1301 3776 1401 3842 fuisso
1420 3777 1643 3854 Chananacos,
1667 3778 1722 3860 qui
1742 3779 1782 3842 ad
1807 3779 2007 3846 ulciscendas
2025 3801 2099 3845 eon·

1121 3863 1272 3926 tumelias
1300 3863 1398 3927 nimis
1427 3865 1568 3946 prompti
1602 3873 1719 3929 essent.
1771 3867 1878 3946 Atque
1907 3866 1987 3931 haec
2014 3867 2096 3931 forte

1121 3949 1205 4012 ratio
1227 3949 1289 4012 fuit
1311 3949 1406 4014 toties
1435 3948 1615 4031 migrandi,
1644 3948 1729 4033 quod
1749 3950 1784 4014 in
1814 3971 1910 4014 suum
1941 3952 2094 4034 probrum

1121 4035 1306 4117 acciperent
1329 4035 1427 4100 vicini
1449 4056 1532 4116 quae
1549 4036 1739 4099 exstruebat
1756 4035 1882 4100 alteria.
1919 4037 1990 4100 lmo
2013 4039 2098 4119 quod

1121 4140 1187 4183 non
1210 4121 1339 4202 saepius
1362 4121 1461 4184 fuerit
1482 4120 1658 4202 lapidatus,
1682 4121 1863 4184 admirabili
1885 4125 2010 4204 gratiae
2033 4125 2097 4188 Dei

1122 4213 1290 4287 acceptum
1320 4206 1436 4270 referri
1464 4205 1567 4271 debet.
1613 4205 1699 4287 Quia
1732 4221 1843 4270 tamen
1877 4222 2010 4274 sanctus
2045 4210 2097 4275 vir

1121 4289 1183 4356 hoo
1201 4313 1221 4355 a
1238 4311 1274 4355 se
1291 4294 1409 4356 merito
1426 4292 1549 4374 requiri
1570 4293 1743 4375 cognoscit,
1767 4300 1802 4355 ut
1821 4301 1959 4357 testetur
1983 4315 2017 4358 ee
2039 4315 2096 4377 pe·

1121 4376 1275 4441 culiarem
1312 4378 1432 4443 habere
1472 4379 1595 4456 Deum,
1642 4397 1702 4441 nec
1737 4377 1844 4444 fallaci
1888 4379 2096 4445 simulatione

1118 4483 1196 4612 pupi
1219 4462 1367 4546 abneget,
1386 4462 1449 4528 Dei
1472 4463 1607 4546 gloriam
1630 4461 1796 4544 praeferre
1818 4464 1904 4528 vitae
1927 4487 2006 4530 suae
2029 4487 2095 4530 non

1141 4571 1162 4612 u
1185 4548 1255 4613 itat.

1208 4635 1238 4699 9.
1269 4633 1432 4716 Profectus
1464 4639 1508 4699 cst
1540 4639 1566 4698 et
1593 4632 1726 4698 Abram.
1778 4633 1871 4700 Haec
1905 4635 2000 4698 tertia
2033 4637 2096 4701 fuit

1120 4722 1224 4785 sancti
1247 4720 1309 4785 viri
1331 4721 1483 4804 migratio
1504 4719 1591 4782 intra
1611 4717 1711 4784 breve
1733 4727 1870 4801 tempus.
1893 4741 1935 4784 ex
1953 4740 2016 4802 qno
2034 4721 2094 4786 ali-

1120 4805 1205 4889 quod
1228 4805 1404 4889 hospitium
1423 4805 1582 4888 rcperisse
1601 4805 1693 4869 visus
1711 4813 1769 4869 est.
1808 4803 1941 4869 Certum
1961 4814 2094 4872 estnon

1120 4899 1235 4973 sponte
1257 4913 1363 4974 neque
1390 4892 1490 4956 animi
1519 4910 1617 4955 causa
1639 4889 1690 4976 (ut
1711 4892 1800 4956 leves
1823 4888 1919 4954 multi
1945 4892 2094 4959 homines

1120 4974 1237 5062 solent)
1272 4977 1335 5043 hue
1367 4977 1444 5043 illuc
1477 4976 1667 5042 cursitasse:
1708 4975 1764 5040 scd
1799 4975 1931 5040 fuerunt
1963 4977 2094 5060 aliquae

1120 5063 1329 5127 necessitates
1351 5085 1433 5144 quae
1456 5061 1549 5126 illum
1571 5061 1782 5143 expellerent,
1806 5069 1842 5124 ut
1864 5061 2001 5126 disceret
2019 5085 2095 5128 con-

1119 5148 1212 5213 tinuo
1233 5169 1295 5212 usu
1317 5170 1351 5214 se
1374 5151 1407 5212 in
1430 5169 1468 5212 ea
1490 5156 1594 5226 terre,
1621 5147 1714 5212 cuius
1737 5156 1809 5211 erat
1829 5146 1997 5222 dominus,
2028 5170 2096 5214 non

1119 5231 1214 5298 modo
1237 5255 1307 5299 esse
1329 5235 1547 5318 peregrinum,
1571 5232 1628 5297 sed
1649 5233 1741 5315 quasi
1758 5236 1913 5298 miserum
1932 5253 2096 5301 erronem.

1119 5320 1262 5384 Fructus
1280 5333 1389 5384 autem
1407 5343 1447 5384 ex
1467 5327 1515 5382 tot
1532 5317 1767 5383 mutationibus
1786 5330 1942 5399 sequutus
1961 5329 2093 5386 estnon

1119 5395 1273 5490 bulgaris,
1297 5404 1382 5488 quod
1405 5405 1550 5488 singulas
1569 5414 1675 5468 terrae
1694 5412 1813 5486 partes,
1832 5402 1873 5466 ad
1891 5424 1971 5486 quas
1990 5426 2098 5473 accos-

1834 5504 1882 5558 12*
