5000 6208
112 385 170 448 177
482 385 485 392 ’
765 381 1137 451 COMMENTARIUS
1159 383 1210 450 IN
1232 383 1445 452 GENESIN.
2047 392 2108 456 178

195 574 227 638 3.
257 571 302 638 Et
327 571 499 638 benedicam
527 571 770 638 medicantibus
797 572 861 636 tibi.
905 571 971 638 Hie
1000 572 1084 637 mira
1134 577 1347 647 coacervant,
1370 591 1411 636 ex
1434 571 1550 654 quibus
1572 578 1662 653 patet
1691 571 1881 639 benedicere
1902 574 1952 640 vel
1977 576 2112 642 maledi·

112 681 145 726 se
166 659 292 744 profert
313 657 377 722 Dei
400 657 593 742 benignitas,
617 657 703 741 quod
724 656 927 727 familiariter
948 657 1084 740 pacisci·
1134 677 1207 722 cere
1229 656 1264 720 in
1284 657 1410 740 aliquo,
1435 657 1517 721 nihil
1541 677 1611 722 esse
1633 655 1721 720 aliud
1744 677 1840 738 quam
1864 658 1904 722 ad
1927 661 1996 726 cius
2018 662 2112 728 simi·

112 756 165 810 tur
197 765 272 810 cum
306 744 445 808 Abram:
487 742 758 826 quemadmodum
796 742 903 808 solent
934 742 1084 807 homines
1133 741 1304 808 litndinem
1333 741 1417 809 bens
1445 742 1499 808 vol
1529 741 1613 806 male
1642 743 1776 826 precari.
1831 742 1896 810 Sed
1921 767 2032 811 eorum
2056 769 2110 814 oa·

112 853 184 898 cum
208 830 303 895 sociis
325 837 359 894 et
379 829 512 912 paribus
534 829 612 894 suis.
649 828 740 894 Haec
762 829 850 894 enim
873 828 1017 895 solennis
1035 836 1085 894 est
1135 827 1261 892 lumnia
1283 827 1375 893 nullo
1397 829 1528 912 negotio
1551 827 1696 892 diluitur.
1737 828 1859 894 Fateor
1880 851 1976 914 saepe
1994 855 2110 900 verum

109 916 280 982 foederum
301 915 387 980 inter
414 935 509 998 reges
536 921 570 978 et
596 913 678 980 alios
707 913 863 994 lormnla,
891 922 928 979 ut
955 912 1082 979 eosdem
1135 912 1314 996 essequod
1338 912 1786 999 dicunt,sednonsemper.
1830 914 1915 980 Nam
1937 939 2036 999 quum
2060 919 2109 984 di-

111 1002 170 1068 sibi
193 1002 263 1067 l'ore
283 999 394 1066 hostes
416 1007 451 1065 et
477 1000 598 1066 amicos
627 1007 742 1065 mutuo
766 1002 967 1083 promittant.
1011 999 1084 1065 Hoo
1135 999 1235 1074 citur,
1266 1009 1304 1064 ut
1333 998 1437 1065 tribus
1466 999 1550 1066 Levi
1580 997 1785 1065 benediceret
1813 999 1847 1064 in
1877 1003 2008 1069 nomine
2035 1005 2109 1083 Dei,

110 1097 197 1154 certe
230 1085 467 1154 inaestimabile
500 1095 549 1151 est
579 1087 645 1150 rari
679 1087 800 1151 amoris
832 1086 967 1169 pignus,
1000 1084 1085 1168 quod
1135 1083 1245 1170 (Dent.
1271 1085 1321 1162 10,
1345 1085 1375 1151 8.
1410 1085 1536 1150 Iesaiae
1558 1084 1609 1162 65,
1634 1086 1675 1150 16
1697 1092 1730 1150 et
1748 1085 1909 1152 similibus
1932 1088 2033 1176 locis),
2057 1112 2109 1156 sn-

111 1175 202 1239 Deus
220 1195 256 1239 ae
277 1192 419 1255 eousque
441 1185 553 1236 nostra
574 1191 673 1237 censa
695 1169 845 1236 demittit.
887 1169 1084 1254 Quanquam
1136 1172 1178 1236 tis
1200 1179 1331 1236 constat
1351 1170 1461 1235 Deum
1483 1170 1664 1254 praedicari
1685 1170 1842 1236 bonorum
1870 1177 2016 1239 omnium
2039 1177 2110 1241 lon-

111 1261 198 1324 enim
222 1279 323 1323 unum
346 1257 401 1322 hie
429 1256 593 1322 hominem
622 1255 810 1340 compellat,
839 1254 916 1320 olibi
945 1255 1084 1322 eundem
1136 1267 1210 1332 tem,
1223 1278 1266 1321 ne
1276 1255 1408 1321 aliunde
1421 1257 1521 1322 ullam
1533 1255 1607 1320 boni
1619 1264 1746 1340 partem
1757 1265 1849 1341 petat
1858 1257 1970 1324 Israel.
1998 1259 2111 1341 Quum

111 1365 189 1429 erga
225 1363 302 1409 suos
332 1341 443 1408 fideles
472 1343 618 1410 declarat
650 1343 813 1408 affectum.
867 1341 1085 1408 Communem
1135 1342 1237 1426 igitur
1263 1341 1410 1425 loquutio
1436 1343 1480 1408 sit
1501 1341 1671 1426 ambigna,
1701 1341 1877 1408 concedant
1906 1366 2038 1412 neeesse
2060 1356 2110 1414 est

109 1435 220 1514 itaque
249 1427 430 1494 doctrinam
458 1428 611 1514 colligere
640 1428 730 1508 licet,
758 1428 866 1493 Deum
888 1430 934 1492 ita
956 1447 1015 1492 nos
1038 1429 1084 1492 ta·
1136 1428 1225 1493 hune
1246 1427 1299 1494 vel
1323 1428 1416 1492 illum
1440 1449 1572 1493 sensum
1595 1427 1803 1512 deligendum
1826 1449 1914 1508 esse,
1944 1440 2040 1515 prout
2061 1436 2109 1498 rei

110 1537 186 1582 vore
203 1536 264 1580 sno
286 1515 472 1597 complecti,
505 1523 543 1578 ut
564 1513 678 1580 amicis
705 1513 828 1578 nostris
854 1513 1085 1580 benedicturus
1137 1521 1169 1576 et
1190 1533 1307 1579 causae
1336 1514 1442 1596 aptius
1473 1513 1635 1579 convenit.
1681 1511 1828 1597 Sumpsit
1856 1527 1963 1580 aretem
1987 1518 2111 1587 Paulus

108 1604 167 1681 sit,
208 1600 364 1666 ultionem
400 1599 440 1664 de
472 1599 619 1665 hostibus
656 1608 856 1684 sumpturus.
912 1599 1085 1666 Monemur
1136 1599 1266 1664 axioma
1286 1598 1371 1682 quod
1394 1597 1480 1662 inter
1499 1600 1568 1683 pios
1591 1619 1704 1664 omnes
1726 1607 1891 1682 receptum
1915 1613 1973 1682 est,
1996 1625 2033 1670 ac
2050 1625 2110 1688 pro

109 1697 220 1752 entem
242 1685 304 1751 hac
326 1685 500 1762 sententia,
524 1686 735 1768 quantumvis
756 1685 830 1768 paci
852 1686 1005 1749 studeant
1024 1684 1084 1752 filii
1136 1685 1281 1750 confesso
1309 1683 1422 1750 haberi
1453 1683 1563 1764 debet,
1593 1693 1696 1750 totum
1725 1685 1907 1750 humanum
1929 1709 2033 1772 genus
2056 1691 2113 1756 ob·

108 1773 182 1852 Dei,
218 1791 387 1854 nunquam
416 1778 527 1836 tamen
552 1769 620 1836 illis
642 1770 752 1837 hostes
775 1770 892 1835 delore.
937 1769 1035 1836 Gerte
1057 1771 1084 1835 si
1136 1770 1272 1835 noxium
1290 1791 1361 1835 esse
1379 1769 1617 1835 maledictioni:
1636 1770 1772 1854 ideoque
1792 1771 1939 1838 benedici
1956 1783 2109 1842 sanetum

106 1859 179 1943 quis
216 1877 362 1940 unquam
396 1855 571 1938 tranquille
604 1877 639 1920 se
668 1857 770 1939 gessit
803 1856 890 1921 inter
925 1855 1083 1934 homines,
1135 1855 1290 1940 populum
1323 1855 1392 1920 sola
1419 1855 1607 1921 mediatoris
1639 1860 1754 1942 gratia.
1805 1857 1902 1923 Unde
1929 1861 2109 1939 constituit,

107 1953 144 2010 nt
164 1943 287 2008 merito
309 1948 395 2008 esset
416 1941 565 2010 amabilis
587 1943 753 2016 omnibus,
783 1943 870 2007 inter
891 1942 1084 2026 praecipuos
1134 1941 1247 2007 foedus
1270 1942 1383 2007 salutis
1405 1940 1492 2025 qnod
1513 1942 1638 2028 pepigit
1661 1943 1751 2007 Deire
1773 1963 1848 2008 cum
1870 1943 2010 2026 Abram,
2042 1969 2108 2012 non

108 2030 276 2095 numerari
299 2035 405 2111 potest
428 2027 568 2108 Abram,
599 2048 705 2110 neque
726 2036 837 2092 tamen
859 2027 1009 2092 hostibus
1031 2046 1084 2092 oa·
1133 2026 1249 2092 stabile
1271 2049 1331 2092 neo
1349 2028 1481 2092 firmum
1503 2047 1573 2092 esse
1596 2029 1661 2092 nisi
1683 2029 1718 2093 in
1740 2027 1881 2094 (lhristo.
1927 2029 1985 2098 Sic
2007 2033 2108 2117 igitur

108 2117 189 2181 ruit:
225 2113 302 2198 quia
330 2112 493 2179 diabolum
522 2113 638 2178 habuit
666 2114 730 2179 sibi
759 2113 999 2190 adventuum,
1030 2113 1084 2197 qui
1133 2121 1340 2197 praesentem
1369 2113 1475 2179 locum
1497 2113 1711 2196 interpretor,
1734 2113 1819 2198 quod
1842 2114 1934 2182 Deus
1956 2118 2107 2185 benedic·

106 2199 275 2285 improbos
295 2199 394 2264 habet
414 2198 450 2263 in
472 2217 572 2263 mann
603 2220 678 2276 sua,
708 2219 790 2283 qnos
811 2198 853 2264 ad
880 2197 1082 2265 inferendam
1134 2199 1255 2263 tionem
1268 2199 1438 2281 promittat
1449 2219 1545 2264 servo
1557 2221 1615 2264 suo
1627 2199 1746 2278 Abrae,
1760 2219 1844 2283 quae
1855 2211 1965 2283 postea
1977 2205 2058 2268 fluet
2069 2225 2108 2271 ao

106 2287 201 2353 honis
236 2285 418 2351 molestiam
450 2284 617 2369 impellere
645 2305 710 2350 non
744 2283 872 2350 desinit.
927 2283 1002 2348 Non
1035 2293 1085 2350 est
1135 2283 1281 2350 manabit
1302 2285 1342 2348 ad
1370 2305 1482 2351 omncs
1511 2284 1656 2369 populos.
1703 2284 1768 2350 Sed
1791 2287 1868 2369 quia
1896 2287 1973 2353 alibi
2000 2289 2106 2355 fusius

105 2373 211 2457 igitur
230 2392 289 2437 eur
307 2391 365 2436 nos
383 2370 550 2435 exanimet
567 2370 681 2436 mnndi
703 2369 915 2455 ingratitudo,
937 2370 965 2435 si
987 2371 1083 2435 multi
1134 2370 1214 2437 haec
1236 2391 1289 2436 res
1311 2369 1504 2454 explicanda
1525 2371 1596 2450 erit,
1620 2389 1707 2436 nuno
1724 2379 1853 2436 tantum
1871 2372 2017 2440 breviter
2033 2397 2107 2459 per·

105 2459 200 2526 nobis
223 2455 326 2542 gratis
346 2456 456 2523 infesti
479 2457 561 2534 sint,
591 2462 624 2521 et
652 2456 746 2522 nulla
773 2456 894 2521 iniuria
917 2454 1083 2539 provocati
1133 2456 1269 2537 stringo.

105 2563 226 2610 nocere
244 2541 414 2608 studeant:
436 2544 493 2608 sed
511 2541 573 2608 hoe
590 2562 658 2607 uno
675 2541 791 2607 solatio
808 2541 952 2608 contenti
969 2541 1081 2620 simus,
1218 2542 1248 2606 4.
1273 2540 1317 2606 Et
1348 2541 1425 2607 obiit
1454 2541 1584 2606 Abram.
1629 2541 1720 2608 Haec
1753 2544 1854 2608 verba
1887 2546 2051 2628 arripiunt
2072 2549 2106 2613 in

102 2629 192 2713 quod
234 2647 404 2694 commune
436 2629 529 2694 Deus
567 2627 736 2694 nobiscnm
776 2627 898 2693 bellum
934 2627 1080 2710 suscipit.
1133 2630 1253 2692 erroris
1278 2627 1329 2692 sni
1354 2627 1547 2710 suffragium
1577 2628 1632 2709 qui
1654 2628 1762 2693 Deum
1789 2639 1907 2712 putant
1929 2633 2037 2699 Abrae
2059 2634 2107 2699 lo·

104 2715 160 2780 Ad
177 2715 262 2780 haee
279 2734 354 2780 suos
371 2713 462 2779 Deus
480 2713 522 2779 nd
539 2711 708 2779 colendam
725 2733 801 2780 oum
818 2713 970 2780 omnibns
987 2712 1082 2778 bonis
1133 2727 1270 2798 quntum
1292 2733 1362 2778 esse
1384 2712 1419 2777 in
1442 2712 1584 2778 (tharan.
1620 2713 1687 2779 Sed
1709 2715 1803 2780 facile
1822 2716 1983 2782 refellitur
2004 2721 2106 2784 cavil-

104 2799 205 2868 fidem
228 2809 263 2864 et
283 2799 523 2864 humanitatem
553 2797 718 2864 hortatur:
749 2810 782 2864 et
802 2819 952 2876 rumam,
981 2807 1019 2865 nt
1040 2797 1082 2864 ab
1132 2799 1219 2864 lum:
1247 2807 1421 2882 postquem
1451 2801 1537 2863 enim
1566 2799 1773 2882 profectionis
1800 2823 1931 2867 eausam
1960 2804 2106 2889 interpo-

102 2887 193 2952 omni
216 2885 339 2950 iniuria
359 2883 555 2950 abstineant.
592 2883 654 2954 Est
671 2885 758 2950 enim
779 2885 840 2950 hoo
858 2904 925 2949 non
946 2885 1002 2950 vnl
1063 2905 1081 2950 e
1132 2886 1207 2963 suit,
1231 2886 1306 2968 quia
1328 2884 1451 2950 seilicet
1472 2893 1602 2950 coaetus
1624 2894 1709 2952 esset
1726 2886 1850 2952 Abram
1868 2887 1933 2953 Dei
1952 2889 2106 2956 mandato

100 2972 355 3036 incitamentum
378 2969 419 3034 ad
442 2969 553 3036 fideles
580 2969 758 3048 iuvandos,
788 2969 872 3054 quod
895 2971 1000 3054 siqui
1044 2971 1079 3035 in
1132 2970 1243 3036 natale
1275 2970 1380 3035 solum
1414 2969 1615 3053 relinquere:
1649 2991 1738 3036 nnnc
1767 2973 1851 3037 redit
1880 2973 1921 3038 ad
1950 2974 2106 3042 historiae

99 3079 157 3123 eos
181 3056 283 3122 officii
303 3055 546 3135 contulerimus,
565 3054 657 3121 Deus
680 3056 851 3140 rependet:
875 3076 936 3121 nse
957 3055 1080 3120 medio·
1131 3064 1331 3121 contextum.
1356 3056 1424 3122 Cur
1436 3053 1476 3120 ad
1489 3066 1617 3140 tempus
1629 3055 1811 3123 substiterit
1823 3059 1960 3125 Gharria
1971 3060 2105 3141 Abram,

99 3145 202 3209 oriter
225 3163 286 3206 nos
308 3151 431 3206 terrere
454 3140 558 3218 debet,
581 3141 666 3223 quod
689 3141 810 3207 bellum
836 3141 931 3207 nobis
953 3141 1078 3207 denun-
1131 3143 1294 3207 nescimus
1327 3141 1390 3206 nisi
1422 3140 1508 3224 qnod
1540 3142 1588 3206 illi
1622 3163 1755 3208 manum
1788 3145 1898 3209 iniecit
1928 3147 2036 3227 Deus,
2065 3171 2106 3214 no

98 3231 176 3308 ciat,
201 3228 231 3292 si
254 3247 349 3311 quem
374 3249 415 3291 ex
437 3226 507 3292 suis
529 3227 698 3293 laedimus.
1131 3228 1242 3294 statim
1264 3236 1438 3310 conspectu
1460 3237 1567 3292 torrae
1589 3229 1759 3310 potiretur,
1783 3251 1889 3312 quam,
1908 3231 1982 3298 lieet
2000 3233 2107 3301 adhuc

191 3313 419 3379 Bmeetoenmr
435 3313 472 3377 in
488 3318 525 3378 te.
564 3311 601 3378 Si
619 3313 671 3377 cui
694 3313 800 3379 locum
823 3313 913 3379 buno
931 3314 1079 3378 restricte
1129 3313 1347 3398 incognitam,
1377 3313 1502 3395 patriae
1526 3325 1633 3377 tamen
1657 3334 1734 3380 suae
1757 3317 1964 3398 praetulerat.
2010 3319 2106 3386 Nunc

98 3402 251 3482 aecipere
283 3397 400 3476 libeat,
433 3398 519 3481 quod
551 3398 746 3480 proverbiali
779 3399 887 3482 ligura
918 3400 1080 3482 sumpturi
1131 3399 1250 3464 dicitur
1273 3398 1409 3466 Obarris
1431 3415 1599 3483 egressus,
1631 3409 1668 3463 ut
1690 3401 1855 3482 inceptum
1882 3404 1946 3466 iter
1966 3407 2104 3472 confice·

96 3486 169 3551 sint
194 3484 303 3550 Abrae
324 3504 461 3563 nomen,
489 3485 545 3566 qni
568 3484 644 3549 filiis
668 3485 718 3548 vel
741 3485 855 3550 amicis
877 3483 1079 3562 benedicent,
1129 3493 1196 3549 ret:
1228 3484 1315 3567 quod
1348 3485 1445 3550 etiam
1479 3484 1646 3566 proximus
1681 3507 1793 3551 versus
1825 3489 2013 3568 confirmat,
2048 3492 2104 3556 ubi

98 3572 236 3636 fruatur
265 3570 329 3634 hoo
354 3588 470 3634 sensu:
501 3571 562 3636 hoc
591 3570 678 3634 enim
707 3571 832 3652 petitur
860 3569 993 3654 linguae
1022 3571 1079 3636 he·
1112 3569 1248 3636 'dicitnr
1270 3569 1384 3635 tulisse
1405 3569 1500 3636 Sorai
1523 3590 1667 3651 uxorem,
1690 3581 1724 3636 et
1741 3573 1806 3637 Lot
1827 3583 1977 3656 nepotem
1997 3597 2104 3642 suum.

97 3657 233 3722 braicae
262 3656 408 3740 phrasis,
439 3663 476 3720 ut
498 3655 626 3722 dicatur
647 3655 779 3722 futurus
802 3657 926 3721 Abram
950 3657 1079 3740 insigne
1129 3655 1413 3737 Quemadmodum
1443 3655 1529 3720 enim
1552 3654 1650 3723 ductu
1672 3665 1706 3721 et
1732 3658 1886 3740 auspiciis
1906 3661 2010 3742 patris
2031 3683 2106 3744 pro·

98 3741 269 3808 felicitatis
309 3741 485 3825 exemplar.
543 3739 615 3824 Ego
647 3749 756 3806 tamen
790 3741 886 3808 latius
918 3742 1077 3808 extendo:
1129 3742 1205 3807 lecti
1226 3751 1321 3807 erant
1343 3763 1385 3806 ex
1407 3739 1589 3807 Chaldaea:
1611 3743 1657 3807 ita
1681 3764 1769 3808 nuno
1791 3743 1867 3808 dnm
1892 3756 1940 3810 est
1963 3746 2106 3814 familiae

97 3829 179 3911 qnia
212 3826 299 3892 idem
332 3827 479 3909 promitti
511 3827 572 3892 hoc
604 3827 675 3894 loco
708 3827 849 3892 arbitror
878 3826 964 3911 quod
986 3827 1078 3893 Deus
1128 3837 1226 3910 caput
1248 3829 1386 3906 Abram,
1410 3827 1496 3911 quod
1520 3837 1652 3912 epatre
1675 3836 1824 3912 coeptum
1848 3839 1934 3910 erat,
1956 3836 2104 3917 exsequi·

99 3911 286 3998 infra(22,
309 3911 363 4000 18)
392 3912 511 3978 elarius
539 3921 672 3997 repetet.
718 3915 826 3996 Atque
853 3912 918 3979 hue
941 3934 993 3978 me
1022 3913 1077 3978 de-
1128 3920 1184 3979 tur
1216 3923 1250 3978 et
1280 3911 1427 3978 obsolvit.
1480 3912 1674 3996 Quanquam
1712 3915 1783 3978 fieri
1816 3925 1923 3998 potest
1955 3927 1992 3982 ut
2025 3930 2102 3985 tnnc

97 3999 195 4064 ducit
228 3998 325 4064 Pauli
365 3999 538 4075 autoritas,
578 3999 634 4082 qui
673 3999 919 4082 promissionem
961 4000 1077 4064 semini
1127 4019 1254 4082 quoque
1272 3998 1423 4064 hortatus
1441 3999 1541 4063 luerit
1557 4020 1631 4064 eum
1650 3998 1812 4065 Dominus
1830 4000 1872 4066 ad
1890 4005 2101 4087 pergendum,

96 4085 289 4162 Abraham,
317 4084 380 4150 hoe
400 4095 452 4148 est
473 4084 622 4163 Christo,
653 4083 763 4149 datam
793 4105 863 4150 esse
891 4083 970 4148 dicit
998 4105 1077 4168 qua·
1128 4086 1205 4169 quia
1225 4104 1315 4149 mors
1344 4085 1447 4168 patris
1476 4085 1710 4162 intervenerat,
1742 4095 1775 4150 ct
1803 4087 1947 4152 secundo
1973 4091 2103 4157 oraculo

94 4169 288 4254 dringentis
310 4179 342 4234 st
364 4169 500 4254 triginta
521 4178 598 4234 ante
619 4170 724 4254 legem
743 4171 838 4236 annis
855 4169 943 4256 (Gal.
963 4171 992 4249 3,
1013 4170 1076 4256 17).
1127 4171 1270 4254 priorem
1299 4171 1501 4236 rotationem
1528 4172 1779 4236 confirmaverit.
1826 4171 1897 4238 Hoc
1928 4195 2005 4239 vero
2032 4199 2102 4242 cer-

95 4256 204 4339 Atqui
244 4257 431 4339 supputatio
469 4275 629 4320 annorum
669 4256 799 4340 flagitat
837 4267 874 4320 ut
916 4257 1077 4340 promissa
1127 4265 1197 4320 tum
1220 4264 1286 4334 est,
1315 4255 1442 4321 laudari
1467 4255 1619 4321 hocloco
1642 4255 1717 4320 fidei
1740 4257 1972 4323 obedientiam:
1995 4283 2100 4346 neque

94 4343 203 4406 sitin
226 4339 361 4407 (lhristo
390 4340 585 4422 benedictio,
614 4361 713 4424 quum
740 4341 870 4407 veniret
890 4343 925 4406 in
954 4349 1077 4406 terram
1127 4340 1160 4406 id
1182 4340 1390 4423 simpliciter,
1421 4340 1479 4406 ssd
1508 4350 1711 4406 constantem
1733 4350 1767 4406 et
1796 4356 1988 4426 perpetuum
2011 4361 2100 4413 teno-

94 4427 271 4492 Chanaan.
323 4427 413 4510 Ergo
439 4428 530 4492 Deus
558 4425 644 4512 (meo
676 4427 806 4514 indicio)
839 4426 1076 4493 benedicendas
1126 4447 1205 4492 rem.
1250 4427 1366 4509 Neque
1388 4427 1474 4491 enim
1498 4427 1609 4492 dubito
1631 4430 1709 4511 quin
1735 4427 1842 4493 dicere
1864 4430 2005 4495 voluerit
2026 4433 2098 4499 Mo-

95 4513 298 4594 pronnnciat
319 4521 434 4596 gentes
455 4533 569 4577 omnes
587 4512 622 4576 in
640 4532 736 4578 servo
757 4534 816 4579 suo
840 4516 976 4579 Abram:
1000 4515 1076 4596 qnia
1126 4533 1193 4594 ses,
1233 4533 1300 4577 non
1334 4513 1531 4596 poenitentia
1570 4512 1752 4579 substitisse
1793 4513 1930 4582 Oharris
1965 4515 2097 4594 Abram,

93 4599 132 4663 in
166 4598 288 4664 lumbis
314 4599 384 4663 eins
406 4598 552 4664 inclusus
574 4606 645 4663 erat
666 4597 828 4665 Christus.
877 4597 949 4664 Hoc
979 4599 1075 4664 modo
1126 4598 1219 4681 quasi
1242 4620 1262 4664 a
1283 4608 1371 4664 recto
1395 4599 1573 4665 vocationis
1600 4619 1677 4664 suae
1699 4619 1796 4664 cursu
1820 4599 2017 4667 deflecteret:
2041 4605 2098 4670 sed

94 4705 166 4749 non
201 4692 330 4749 tantum
363 4683 527 4768 signifieat
558 4683 667 4767 ipsum
699 4684 770 4750 fore
802 4684 983 4768 exemplar,
1017 4683 1074 4749 sed
1123 4683 1278 4750 habuisse
1315 4703 1446 4766 semper
1477 4685 1614 4748 infixum
1650 4685 1759 4748 animo
1792 4684 1855 4749 Dei
1895 4686 2095 4756 mandatnm.

92 4789 233 4835 oausam
263 4766 515 4835 benedictionis:
540 4779 579 4833 ut
600 4771 642 4835 sit
672 4771 770 4836 tacita
792 4767 966 4835 antithesis
989 4771 1076 4835 inter
1124 4770 1240 4852 Itaque
1267 4770 1461 4852 particulam
1484 4769 1582 4835 hanc:
1613 4769 1713 4836 Smer·
1730 4771 1875 4852 loqrsutus
1895 4777 1963 4837 eret
1983 4773 2095 4841 Domi-

94 4855 210 4920 Adam
239 4863 272 4918 et
294 4854 474 4920 Obristum.
517 4855 604 4920 Nam
631 4876 731 4939 quum
760 4876 932 4921 nascamur
961 4877 1074 4922 omnes
1124 4875 1201 4932 aas,
1232 4854 1273 4920 ad
1302 4856 1443 4937 primum
1465 4855 1634 4920 oraculum
1665 4855 1786 4920 relerre
1815 4857 1915 4935 malo,
1944 4868 1982 4924 ut
2010 4860 2097 4927 dieat

93 4939 267 5005 maledicti
284 4961 325 5004 ex
344 4961 408 5022 qno
430 4941 590 5005 alienatus
611 4950 662 5006 est
684 4943 809 5025 primus
830 4941 927 5005 homo
950 4962 970 5007 a
992 4938 1073 5020 Deo,
1125 4942 1235 5008 Moses
1256 4941 1289 5004 in
1321 4941 1485 5024 proposito
1508 4961 1566 5006 suo
1595 4941 1740 5018 stetisse,
1771 4961 1832 5006 nec
1859 4953 1963 5008 morte
1992 4949 2095 5026 patris

94 5027 152 5091 hic
183 5045 307 5090 novum
340 5025 520 5092 remedium
553 5026 645 5092 nobis
677 5029 821 5093 offertur.
867 5027 934 5092 Nec
967 5024 1074 5092 obstat
1123 5028 1299 5109 abruptum
1329 5026 1428 5091 luisse
1456 5027 1600 5092 studium
1629 5027 1824 5110 obsequendi
1855 5028 1933 5092 Deo.
1979 5029 2095 5098 (laete-

92 5109 188 5196 qnod
207 5109 247 5176 ab
265 5111 336 5194 ipso
354 5110 477 5177 Abram
500 5112 636 5177 minime
658 5113 799 5197 petenda
815 5113 858 5178 sit
880 5110 1072 5190 benedictio,
1123 5133 1196 5178 rum
1217 5110 1272 5174 hie
1293 5111 1388 5176 nobis
1409 5131 1474 5176 erno
1502 5114 1603 5178 verbo
1629 5112 1862 5196 praescribitur
1886 5114 1984 5180 totius
2006 5117 2095 5184 vitae

91 5198 178 5280 qnia
206 5194 326 5263 dicitnr
351 5197 414 5264 hoo
436 5197 560 5264 (lhristi
588 5208 748 5283 respectu.
792 5198 858 5264 Hie
888 5197 1073 5281 petulanter
1121 5194 1310 5267 formandae
1332 5198 1460 5282 regula:
1483 5219 1525 5264 ns
1546 5197 1623 5282 qnid
1644 5198 1767 5265 seilicet
1784 5198 2096 5284 aggrediamnrnisi

90 5286 277 5366 insurgunt
305 5281 436 5363 Iudaei,
469 5305 506 5349 oo
540 5284 641 5350 multa
673 5285 853 5368 scripturae
885 5283 1073 5350 testimonia
1123 5283 1195 5349 Deo
1222 5289 1345 5349 autore.
1392 5282 1558 5367 Quidquid
1586 5284 1671 5350 enim
1696 5285 1736 5348 de
1765 5285 1943 5351 virtutibus
1963 5306 2001 5352 ae
2021 5288 2098 5356 olli·

204 5383 314 5440 Geleim'
328 5399 419 5454 opere.
457 5384 515 5443 Vct
538 5383 661 5441 xx111.
1856 5387 1888 5440 12
