<?xml version="1.0" encoding="UTF-8"?>
<!DOCTYPE html PUBLIC "-//W3C//DTD XHTML 1.0 Transitional//EN"
    "http://www.w3.org/TR/xhtml1/DTD/xhtml1-transitional.dtd">
<html xmlns="http://www.w3.org/1999/xhtml" xml:lang="en" lang="en">
 <head>
  <title>
</title>
<meta http-equiv="Content-Type" content="text/html;charset=utf-8" />
  <meta name='ocr-system' content='tesseract 3.04.00' />
  <meta name='ocr-capabilities' content='ocr_page ocr_carea ocr_par ocr_line ocrx_word'/>
</head>
<body>
  <div class='ocr_page' id='page_1' title='image "./ioanniscalvinio06reusgoog_0068.png"; bbox 0 0 5022 6192; ppageno 0'>
   <div class='ocr_carea' id='block_1_1' title="bbox 404 423 2402 496">
    <p class='ocr_par' dir='ltr' id='par_1_1' title="bbox 404 423 2402 496">
     <span class='ocr_line' id='line_1_1' title="bbox 404 423 2402 496; baseline 0.001 -5"><span class='ocrx_word' id='word_1_1' title='bbox 404 426 449 492; x_wconf 84' lang='lat'><strong>63</strong></span> <span class='ocrx_word' id='word_1_2' title='bbox 1073 425 1433 496; x_wconf 72' lang='lat' dir='ltr'><strong>COMMENTARIUS</strong></span> <span class='ocrx_word' id='word_1_3' title='bbox 1454 423 1504 490; x_wconf 88' lang='lat' dir='ltr'><strong>IN</strong></span> <span class='ocrx_word' id='word_1_4' title='bbox 1525 423 1739 494; x_wconf 81' lang='lat' dir='ltr'><strong>GENESIN.</strong></span> <span class='ocrx_word' id='word_1_5' title='bbox 2364 425 2402 492; x_wconf 83' lang='grc'><strong>64</strong></span> 
     </span>
    </p>
   </div>
   <div class='ocr_carea' id='block_1_2' title="bbox 405 612 2486 5416">
    <p class='ocr_par' dir='ltr' id='par_1_2' title="bbox 405 612 2486 5416">
     <span class='ocr_line' id='line_1_2' title="bbox 405 612 2401 700; baseline 0.001 -22"><span class='ocrx_word' id='word_1_6' title='bbox 405 615 538 680; x_wconf 86' lang='lat' dir='ltr'><strong>inerant</strong></span> <span class='ocrx_word' id='word_1_7' title='bbox 549 612 610 692; x_wconf 90' lang='lat' dir='ltr'><strong>dis,</strong></span> <span class='ocrx_word' id='word_1_8' title='bbox 619 613 877 681; x_wconf 80' lang='lat' dir='ltr'><strong>exoidissezideo</strong></span> <span class='ocrx_word' id='word_1_9' title='bbox 888 614 1093 698; x_wconf 85' lang='lat' dir='ltr'><strong>Augustinus</strong></span> <span class='ocrx_word' id='word_1_10' title='bbox 1111 616 1233 696; x_wconf 88' lang='lat' dir='ltr'><strong>soribit,</strong></span> <span class='ocrx_word' id='word_1_11' title='bbox 1250 617 1379 684; x_wconf 76' lang='lat' dir='ltr'><strong>stetisse</strong></span> <span class='ocrx_word' id='word_1_12' title='bbox 1453 633 1547 681; x_wconf 86' lang='lat' dir='ltr'><strong>essue</strong></span> <span class='ocrx_word' id='word_1_13' title='bbox 1568 621 1635 694; x_wconf 88' lang='lat' dir='ltr'><strong>est,</strong></span> <span class='ocrx_word' id='word_1_14' title='bbox 1658 613 1715 682; x_wconf 85' lang='lat' dir='ltr'><strong>sed</strong></span> <span class='ocrx_word' id='word_1_15' title='bbox 1742 615 1855 684; x_wconf 85' lang='lat' dir='ltr'><strong>voluit.</strong></span> <span class='ocrx_word' id='word_1_16' title='bbox 1905 615 1991 682; x_wconf 89' lang='lat' dir='ltr'><strong>Nem</strong></span> <span class='ocrx_word' id='word_1_17' title='bbox 2013 623 2047 682; x_wconf 89' lang='lat' dir='ltr'><strong>et</strong></span> <span class='ocrx_word' id='word_1_18' title='bbox 2074 615 2237 700; x_wconf 88' lang='lat' dir='ltr'><strong>serpentis</strong></span> <span class='ocrx_word' id='word_1_19' title='bbox 2257 615 2401 699; x_wconf 87' lang='lat' dir='ltr'><strong>linguam</strong></span> 
     </span>
     <span class='ocr_line' id='line_1_3' title="bbox 407 699 2400 784; baseline 0.001 -20"><span class='ocrx_word' id='word_1_20' title='bbox 407 708 536 764; x_wconf 89' lang='lat' dir='ltr'><strong>tantum</strong></span> <span class='ocrx_word' id='word_1_21' title='bbox 553 718 612 781; x_wconf 89' lang='lat' dir='ltr'><strong>per</strong></span> <span class='ocrx_word' id='word_1_22' title='bbox 628 720 688 765; x_wconf 84' lang='lat' dir='ltr'><strong>sex</strong></span> <span class='ocrx_word' id='word_1_23' title='bbox 706 699 813 766; x_wconf 86' lang='lat' dir='ltr'><strong>horus.</strong></span> <span class='ocrx_word' id='word_1_24' title='bbox 852 700 949 781; x_wconf 75' lang='lat' dir='ltr'><strong>Quod</strong></span> <span class='ocrx_word' id='word_1_25' title='bbox 966 701 1022 766; x_wconf 91' lang='lat' dir='ltr'><strong>alii</strong></span> <span class='ocrx_word' id='word_1_26' title='bbox 1040 701 1227 781; x_wconf 87' lang='lat' dir='ltr'><strong>eoniioiunt,</strong></span> <span class='ocrx_word' id='word_1_27' title='bbox 1245 702 1379 769; x_wconf 90' lang='lat' dir='ltr'><strong>dilatam</strong></span> <span class='ocrx_word' id='word_1_28' title='bbox 1454 699 1573 778; x_wconf 88' lang='lat' dir='ltr'><strong>&#39;ebolo,</strong></span> <span class='ocrx_word' id='word_1_29' title='bbox 1595 709 1724 784; x_wconf 89' lang='lat' dir='ltr'><strong>praeter</strong></span> <span class='ocrx_word' id='word_1_30' title='bbox 1752 701 1953 768; x_wconf 91' lang='lat' dir='ltr'><strong>ordinarium</strong></span> <span class='ocrx_word' id='word_1_31' title='bbox 1975 709 2114 768; x_wconf 86' lang='lat' dir='ltr'><strong>naturae</strong></span> <span class='ocrx_word' id='word_1_32' title='bbox 2131 722 2237 780; x_wconf 89' lang='lat' dir='ltr'><strong>usum,</strong></span> <span class='ocrx_word' id='word_1_33' title='bbox 2265 721 2400 768; x_wconf 86' lang='lat' dir='ltr'><strong>eommo-</strong></span> 
     </span>
     <span class='ocr_line' id='line_1_4' title="bbox 406 784 2401 872; baseline 0.001 -22"><span class='ocrx_word' id='word_1_34' title='bbox 406 786 506 850; x_wconf 81' lang='lat' dir='ltr'><strong>fuisse</strong></span> <span class='ocrx_word' id='word_1_35' title='bbox 538 784 575 849; x_wconf 91' lang='lat' dir='ltr'><strong>in</strong></span> <span class='ocrx_word' id='word_1_36' title='bbox 607 784 694 851; x_wconf 88' lang='lat' dir='ltr'><strong>diem</strong></span> <span class='ocrx_word' id='word_1_37' title='bbox 727 785 877 851; x_wconf 78' lang='lat' dir='ltr'><strong>sabbathi</strong></span> <span class='ocrx_word' id='word_1_38' title='bbox 899 787 1114 853; x_wconf 71' lang='lat' dir='ltr'><strong>tentationem</strong></span> <span class='ocrx_word' id='word_1_39' title='bbox 1137 810 1157 853; x_wconf 89' lang='lat' dir='ltr'><strong>a</strong></span> <span class='ocrx_word' id='word_1_40' title='bbox 1178 789 1320 867; x_wconf 82' lang='lat' dir='ltr'><strong>Satara,</strong></span> <span class='ocrx_word' id='word_1_41' title='bbox 1342 797 1380 853; x_wconf 89' lang='lat' dir='ltr'><strong>ut</strong></span> <span class='ocrx_word' id='word_1_42' title='bbox 1431 785 1538 851; x_wconf 86' lang='lat' dir='ltr'><strong>davit:</strong></span> <span class='ocrx_word' id='word_1_43' title='bbox 1579 786 1852 869; x_wconf 90' lang='lat' dir='ltr'><strong>quemadmodum</strong></span> <span class='ocrx_word' id='word_1_44' title='bbox 1884 787 1914 854; x_wconf 89' lang='lat' dir='ltr'><strong>si</strong></span> <span class='ocrx_word' id='word_1_45' title='bbox 1952 788 2025 870; x_wconf 89' lang='lat' dir='ltr'><strong>quis</strong></span> <span class='ocrx_word' id='word_1_46' title='bbox 2064 787 2158 853; x_wconf 87' lang='lat' dir='ltr'><strong>alteri</strong></span> <span class='ocrx_word' id='word_1_47' title='bbox 2191 786 2337 872; x_wconf 77' lang='lat' dir='ltr'><strong>gladium</strong></span> <span class='ocrx_word' id='word_1_48' title='bbox 2371 793 2401 852; x_wconf 91' lang='lat' dir='ltr'><strong>st</strong></span> 
     </span>
     <span class='ocr_line' id='line_1_5' title="bbox 407 870 2402 955; baseline 0.001 -20"><span class='ocrx_word' id='word_1_49' title='bbox 407 878 557 936; x_wconf 90' lang='lat' dir='ltr'><strong>sanetum</strong></span> <span class='ocrx_word' id='word_1_50' title='bbox 580 870 668 936; x_wconf 90' lang='lat' dir='ltr'><strong>diem</strong></span> <span class='ocrx_word' id='word_1_51' title='bbox 684 871 899 953; x_wconf 77' lang='lat' dir='ltr'><strong>profanaret,</strong></span> <span class='ocrx_word' id='word_1_52' title='bbox 922 872 1020 938; x_wconf 90' lang='lat' dir='ltr'><strong>nimis</strong></span> <span class='ocrx_word' id='word_1_53' title='bbox 1041 873 1209 938; x_wconf 85' lang='lat' dir='ltr'><strong>infirmum</strong></span> <span class='ocrx_word' id='word_1_54' title='bbox 1231 887 1290 940; x_wconf 91' lang='lat' dir='ltr'><strong>est.</strong></span> <span class='ocrx_word' id='word_1_55' title='bbox 1335 875 1382 940; x_wconf 83' lang='lat' dir='ltr'><strong>Et</strong></span> <span class='ocrx_word' id='word_1_56' title='bbox 1431 891 1523 938; x_wconf 89' lang='lat' dir='ltr'><strong>erma</strong></span> <span class='ocrx_word' id='word_1_57' title='bbox 1550 871 1742 955; x_wconf 73' lang='lat' dir='ltr'><strong>suppeditet.</strong></span> <span class='ocrx_word' id='word_1_58' title='bbox 1787 871 1900 955; x_wconf 75' lang='lat' dir='ltr'><strong>Quum</strong></span> <span class='ocrx_word' id='word_1_59' title='bbox 1928 872 2043 940; x_wconf 79' lang='lat' dir='ltr'><strong>infelix</strong></span> <span class='ocrx_word' id='word_1_60' title='bbox 2074 882 2214 940; x_wconf 86' lang='lat' dir='ltr'><strong>eventus</strong></span> <span class='ocrx_word' id='word_1_61' title='bbox 2239 871 2290 938; x_wconf 90' lang='lat' dir='ltr'><strong>illi</strong></span> <span class='ocrx_word' id='word_1_62' title='bbox 2320 881 2402 939; x_wconf 87' lang='lat' dir='ltr'><strong>esset</strong></span> 
     </span>
     <span class='ocr_line' id='line_1_6' title="bbox 407 955 2401 1043; baseline 0.001 -21"><span class='ocrx_word' id='word_1_63' title='bbox 407 966 494 1022; x_wconf 86' lang='lat' dir='ltr'><strong>uerte</strong></span> <span class='ocrx_word' id='word_1_64' title='bbox 519 955 571 1022; x_wconf 90' lang='lat' dir='ltr'><strong>his</strong></span> <span class='ocrx_word' id='word_1_65' title='bbox 605 955 809 1023; x_wconf 77' lang='lat' dir='ltr'><strong>documentis</strong></span> <span class='ocrx_word' id='word_1_66' title='bbox 841 966 1017 1024; x_wconf 91' lang='lat' dir='ltr'><strong>monentur</strong></span> <span class='ocrx_word' id='word_1_67' title='bbox 1050 958 1097 1042; x_wconf 92' lang='lat' dir='ltr'><strong>pii</strong></span> <span class='ocrx_word' id='word_1_68' title='bbox 1129 979 1244 1024; x_wconf 87' lang='lat' dir='ltr'><strong>omues</strong></span> <span class='ocrx_word' id='word_1_69' title='bbox 1276 971 1314 1027; x_wconf 95' lang='grc' dir='ltr'><strong>ιιι</strong></span> <span class='ocrx_word' id='word_1_70' title='bbox 1345 961 1380 1024; x_wconf 92' lang='lat' dir='ltr'><strong>in</strong></span> <span class='ocrx_word' id='word_1_71' title='bbox 1431 977 1547 1041; x_wconf 87' lang='lat' dir='ltr'><strong>praeeo</strong></span> <span class='ocrx_word' id='word_1_72' title='bbox 1596 957 1677 1036; x_wconf 79' lang='lat' dir='ltr'><strong>tus,</strong></span> <span class='ocrx_word' id='word_1_73' title='bbox 1706 958 1887 1024; x_wconf 90' lang='lat' dir='ltr'><strong>remedium</strong></span> <span class='ocrx_word' id='word_1_74' title='bbox 1914 959 2009 1043; x_wconf 87' lang='lat' dir='ltr'><strong>quale</strong></span> <span class='ocrx_word' id='word_1_75' title='bbox 2030 966 2174 1042; x_wconf 88' lang='lat' dir='ltr'><strong>poterat,</strong></span> <span class='ocrx_word' id='word_1_76' title='bbox 2199 980 2265 1026; x_wconf 91' lang='lat' dir='ltr'><strong>non</strong></span> <span class='ocrx_word' id='word_1_77' title='bbox 2287 957 2401 1024; x_wconf 90' lang='lat' dir='ltr'><strong>attulit.</strong></span> 
     </span>
     <span class='ocr_line' id='line_1_7' title="bbox 407 1041 2402 1130; baseline 0.001 -23"><span class='ocrx_word' id='word_1_78' title='bbox 407 1041 515 1107; x_wconf 91' lang='lat' dir='ltr'><strong>dubiis</strong></span> <span class='ocrx_word' id='word_1_79' title='bbox 532 1041 809 1124; x_wconf 90' lang='lat' dir='ltr'><strong>speeulstionibus</strong></span> <span class='ocrx_word' id='word_1_80' title='bbox 826 1044 888 1108; x_wconf 89' lang='lat' dir='ltr'><strong>sibi</strong></span> <span class='ocrx_word' id='word_1_81' title='bbox 910 1044 1039 1127; x_wconf 84' lang='lat' dir='ltr'><strong>peruius</strong></span> <span class='ocrx_word' id='word_1_82' title='bbox 1060 1043 1262 1128; x_wconf 75' lang='lat' dir='ltr'><strong>indulgeant.</strong></span> <span class='ocrx_word' id='word_1_83' title='bbox 1307 1046 1380 1130; x_wconf 78' lang='lat' dir='ltr'><strong>ligo</strong></span> <span class='ocrx_word' id='word_1_84' title='bbox 1434 1041 1501 1110; x_wconf 84' lang='lat' dir='ltr'><strong>Sed</strong></span> <span class='ocrx_word' id='word_1_85' title='bbox 1533 1043 1588 1108; x_wconf 91' lang='lat' dir='ltr'><strong>ui</strong></span> <span class='ocrx_word' id='word_1_86' title='bbox 1618 1042 1660 1108; x_wconf 97' lang='lat' dir='ltr'><strong>ad</strong></span> <span class='ocrx_word' id='word_1_87' title='bbox 1699 1042 1866 1110; x_wconf 91' lang='lat' dir='ltr'><strong>hominem</strong></span> <span class='ocrx_word' id='word_1_88' title='bbox 1906 1054 2041 1110; x_wconf 87' lang='lat' dir='ltr'><strong>ventum</strong></span> <span class='ocrx_word' id='word_1_89' title='bbox 2077 1044 2194 1121; x_wconf 71' lang='lat' dir='ltr'><strong>fuant,</strong></span> <span class='ocrx_word' id='word_1_90' title='bbox 2226 1045 2402 1127; x_wconf 84' lang='lat' dir='ltr'><strong>reperietur</strong></span> 
     </span>
     <span class='ocr_line' id='line_1_8' title="bbox 408 1127 2401 1213; baseline 0.001 -20"><span class='ocrx_word' id='word_1_91' title='bbox 408 1135 446 1193; x_wconf 92' lang='lat' dir='ltr'><strong>ut</strong></span> <span class='ocrx_word' id='word_1_92' title='bbox 466 1127 506 1192; x_wconf 92' lang='lat' dir='ltr'><strong>de</strong></span> <span class='ocrx_word' id='word_1_93' title='bbox 534 1138 682 1211; x_wconf 88' lang='lat' dir='ltr'><strong>tempore</strong></span> <span class='ocrx_word' id='word_1_94' title='bbox 715 1127 801 1211; x_wconf 91' lang='lat' dir='ltr'><strong>quod</strong></span> <span class='ocrx_word' id='word_1_95' title='bbox 834 1149 976 1194; x_wconf 75' lang='lat' dir='ltr'><strong>esserum</strong></span> <span class='ocrx_word' id='word_1_96' title='bbox 1010 1149 1076 1194; x_wconf 89' lang='lat' dir='ltr'><strong>non</strong></span> <span class='ocrx_word' id='word_1_97' title='bbox 1110 1129 1230 1210; x_wconf 89' lang='lat' dir='ltr'><strong>habeo,</strong></span> <span class='ocrx_word' id='word_1_98' title='bbox 1263 1132 1311 1196; x_wconf 88' lang='lat' dir='ltr'><strong>ita</strong></span> <span class='ocrx_word' id='word_1_99' title='bbox 1339 1152 1380 1196; x_wconf 87' lang='lat' dir='ltr'><strong>sx</strong></span> <span class='ocrx_word' id='word_1_100' title='bbox 1433 1137 1547 1212; x_wconf 90' lang='lat' dir='ltr'><strong>sponte</strong></span> <span class='ocrx_word' id='word_1_101' title='bbox 1564 1148 1723 1213; x_wconf 70' lang='lat' dir='ltr'><strong>peteme,</strong></span> <span class='ocrx_word' id='word_1_102' title='bbox 1742 1136 1776 1196; x_wconf 90' lang='lat' dir='ltr'><strong>et</strong></span> <span class='ocrx_word' id='word_1_103' title='bbox 1796 1149 1862 1194; x_wconf 90' lang='lat' dir='ltr'><strong>uon</strong></span> <span class='ocrx_word' id='word_1_104' title='bbox 1885 1130 1995 1196; x_wconf 89' lang='lat' dir='ltr'><strong>minus</strong></span> <span class='ocrx_word' id='word_1_105' title='bbox 2015 1129 2116 1194; x_wconf 90' lang='lat' dir='ltr'><strong>libero</strong></span> <span class='ocrx_word' id='word_1_106' title='bbox 2138 1151 2236 1213; x_wconf 90' lang='lat' dir='ltr'><strong>quam</strong></span> <span class='ocrx_word' id='word_1_107' title='bbox 2254 1149 2401 1212; x_wconf 87' lang='lat' dir='ltr'><strong>perverso</strong></span> 
     </span>
     <span class='ocr_line' id='line_1_9' title="bbox 408 1213 2400 1297; baseline 0.001 -19"><span class='ocrx_word' id='word_1_108' title='bbox 408 1213 513 1278; x_wconf 83' lang='lat' dir='ltr'><strong>Mosis</strong></span> <span class='ocrx_word' id='word_1_109' title='bbox 524 1215 710 1279; x_wconf 87' lang='lat' dir='ltr'><strong>narratione</strong></span> <span class='ocrx_word' id='word_1_110' title='bbox 724 1213 833 1297; x_wconf 86' lang='lat' dir='ltr'><strong>oolligi</strong></span> <span class='ocrx_word' id='word_1_111' title='bbox 855 1235 947 1296; x_wconf 84' lang='lat' dir='ltr'><strong>posse</strong></span> <span class='ocrx_word' id='word_1_112' title='bbox 970 1215 1118 1294; x_wconf 86' lang='lat' dir='ltr'><strong>arbitror,</strong></span> <span class='ocrx_word' id='word_1_113' title='bbox 1141 1236 1208 1280; x_wconf 91' lang='lat' dir='ltr'><strong>non</strong></span> <span class='ocrx_word' id='word_1_114' title='bbox 1226 1215 1282 1283; x_wconf 90' lang='lat' dir='ltr'><strong>diu</strong></span> <span class='ocrx_word' id='word_1_115' title='bbox 1304 1217 1383 1282; x_wconf 89' lang='lat' dir='ltr'><strong>reti·</strong></span> <span class='ocrx_word' id='word_1_116' title='bbox 1433 1215 1535 1280; x_wconf 91' lang='lat' dir='ltr'><strong>animi</strong></span> <span class='ocrx_word' id='word_1_117' title='bbox 1557 1225 1656 1293; x_wconf 90' lang='lat' dir='ltr'><strong>motu,</strong></span> <span class='ocrx_word' id='word_1_118' title='bbox 1679 1213 1910 1282; x_wconf 67' lang='lat' dir='ltr'><strong>hemmenam</strong></span> <span class='ocrx_word' id='word_1_119' title='bbox 1931 1216 2046 1282; x_wconf 86' lang='lat' dir='ltr'><strong>feoisse</strong></span> <span class='ocrx_word' id='word_1_120' title='bbox 2068 1234 2088 1279; x_wconf 93' lang='lat' dir='ltr'><strong>a</strong></span> <span class='ocrx_word' id='word_1_121' title='bbox 2109 1216 2181 1281; x_wconf 90' lang='lat' dir='ltr'><strong>Deo</strong></span> <span class='ocrx_word' id='word_1_122' title='bbox 2202 1217 2316 1282; x_wconf 83' lang='lat' dir='ltr'><strong>liotore</strong></span> <span class='ocrx_word' id='word_1_123' title='bbox 2337 1237 2400 1280; x_wconf 90' lang='lat' dir='ltr'><strong>suo.</strong></span> 
     </span>
     <span class='ocr_line' id='line_1_10' title="bbox 406 1298 2403 1386; baseline 0.001 -22"><span class='ocrx_word' id='word_1_124' title='bbox 406 1299 518 1365; x_wconf 88' lang='lat' dir='ltr'><strong>nuisse</strong></span> <span class='ocrx_word' id='word_1_125' title='bbox 551 1319 648 1382; x_wconf 87' lang='lat' dir='ltr'><strong>quem</strong></span> <span class='ocrx_word' id='word_1_126' title='bbox 671 1311 864 1382; x_wconf 85' lang='lat' dir='ltr'><strong>eeoeperant</strong></span> <span class='ocrx_word' id='word_1_127' title='bbox 884 1298 1093 1386; x_wconf 89' lang='lat' dir='ltr'><strong>dignitatem,</strong></span> <span class='ocrx_word' id='word_1_128' title='bbox 1126 1323 1203 1367; x_wconf 91' lang='lat' dir='ltr'><strong>nam</strong></span> <span class='ocrx_word' id='word_1_129' title='bbox 1225 1302 1323 1370; x_wconf 89' lang='lat' dir='ltr'><strong>simul</strong></span> <span class='ocrx_word' id='word_1_130' title='bbox 1345 1323 1383 1369; x_wconf 91' lang='lat' dir='ltr'><strong>ae</strong></span> <span class='ocrx_word' id='word_1_131' title='bbox 1434 1299 1503 1366; x_wconf 87' lang='lat' dir='ltr'><strong>Nee</strong></span> <span class='ocrx_word' id='word_1_132' title='bbox 1535 1299 1642 1366; x_wconf 83' lang='lat' dir='ltr'><strong>disere</strong></span> <span class='ocrx_word' id='word_1_133' title='bbox 1680 1300 1806 1379; x_wconf 88' lang='lat' dir='ltr'><strong>liesbit,</strong></span> <span class='ocrx_word' id='word_1_134' title='bbox 1845 1301 1946 1368; x_wconf 85' lang='lat' dir='ltr'><strong>fuisse</strong></span> <span class='ocrx_word' id='word_1_135' title='bbox 1977 1300 2050 1367; x_wconf 84' lang='lat' dir='ltr'><strong>leve</strong></span> <span class='ocrx_word' id='word_1_136' title='bbox 2082 1301 2213 1385; x_wconf 91' lang='lat' dir='ltr'><strong>aliquod</strong></span> <span class='ocrx_word' id='word_1_137' title='bbox 2242 1301 2403 1379; x_wconf 78' lang='lat' dir='ltr'><strong>delictum,</strong></span> 
     </span>
     <span class='ocr_line' id='line_1_11' title="bbox 408 1383 2404 1471; baseline 0 -19"><span class='ocrx_word' id='word_1_138' title='bbox 408 1383 554 1452; x_wconf 89' lang='lat' dir='ltr'><strong>eonditos</strong></span> <span class='ocrx_word' id='word_1_139' title='bbox 569 1383 669 1450; x_wconf 80' lang='lat' dir='ltr'><strong>fuisse</strong></span> <span class='ocrx_word' id='word_1_140' title='bbox 680 1385 773 1464; x_wconf 80' lang='lat' dir='ltr'><strong>dixit,</strong></span> <span class='ocrx_word' id='word_1_141' title='bbox 791 1385 883 1451; x_wconf 90' lang='lat' dir='ltr'><strong>nulla</strong></span> <span class='ocrx_word' id='word_1_142' title='bbox 900 1387 1034 1452; x_wconf 88' lang='lat' dir='ltr'><strong>alterius</strong></span> <span class='ocrx_word' id='word_1_143' title='bbox 1045 1388 1092 1453; x_wconf 89' lang='lat' dir='ltr'><strong>rei</strong></span> <span class='ocrx_word' id='word_1_144' title='bbox 1103 1387 1188 1454; x_wconf 82' lang='lat' dir='ltr'><strong>faeta</strong></span> <span class='ocrx_word' id='word_1_145' title='bbox 1204 1388 1381 1466; x_wconf 87' lang='lat' dir='ltr'><strong>mentione,</strong></span> <span class='ocrx_word' id='word_1_146' title='bbox 1434 1384 1519 1469; x_wconf 91' lang='lat' dir='ltr'><strong>quod</strong></span> <span class='ocrx_word' id='word_1_147' title='bbox 1539 1384 1638 1451; x_wconf 84' lang='lat' dir='ltr'><strong>fidem</strong></span> <span class='ocrx_word' id='word_1_148' title='bbox 1668 1385 1732 1452; x_wconf 90' lang='lat' dir='ltr'><strong>Dei</strong></span> <span class='ocrx_word' id='word_1_149' title='bbox 1759 1387 1859 1454; x_wconf 85' lang='lat' dir='ltr'><strong>verbo</strong></span> <span class='ocrx_word' id='word_1_150' title='bbox 1876 1386 2053 1471; x_wconf 88' lang='lat' dir='ltr'><strong>abrogans,</strong></span> <span class='ocrx_word' id='word_1_151' title='bbox 2076 1386 2177 1470; x_wconf 91' lang='lat' dir='ltr'><strong>impia</strong></span> <span class='ocrx_word' id='word_1_152' title='bbox 2198 1395 2232 1453; x_wconf 91' lang='lat' dir='ltr'><strong>et</strong></span> <span class='ocrx_word' id='word_1_153' title='bbox 2248 1386 2404 1471; x_wconf 86' lang='lat' dir='ltr'><strong>saerilega</strong></span> 
     </span>
     <span class='ocr_line' id='line_1_12' title="bbox 407 1468 2403 1557; baseline 0.001 -21"><span class='ocrx_word' id='word_1_154' title='bbox 407 1471 526 1536; x_wconf 80' lang='lat' dir='ltr'><strong>transit</strong></span> <span class='ocrx_word' id='word_1_155' title='bbox 556 1468 597 1535; x_wconf 89' lang='lat' dir='ltr'><strong>ad</strong></span> <span class='ocrx_word' id='word_1_156' title='bbox 626 1470 849 1538; x_wconf 77' lang='lat' dir='ltr'><strong>defossionem.</strong></span> <span class='ocrx_word' id='word_1_157' title='bbox 912 1470 950 1539; x_wconf 85' lang='lat' dir='ltr'><strong>Si</strong></span> <span class='ocrx_word' id='word_1_158' title='bbox 983 1472 1034 1538; x_wconf 87' lang='lat' dir='ltr'><strong>vel</strong></span> <span class='ocrx_word' id='word_1_159' title='bbox 1067 1471 1193 1540; x_wconf 87' lang='lat' dir='ltr'><strong>modion</strong></span> <span class='ocrx_word' id='word_1_160' title='bbox 1228 1473 1382 1557; x_wconf 87' lang='lat' dir='ltr'><strong>temporis</strong></span> <span class='ocrx_word' id='word_1_161' title='bbox 1433 1470 1653 1537; x_wconf 72' lang='lat' dir='ltr'><strong>aemulatione</strong></span> <span class='ocrx_word' id='word_1_162' title='bbox 1685 1482 1800 1538; x_wconf 88' lang='lat' dir='ltr'><strong>eontra</strong></span> <span class='ocrx_word' id='word_1_163' title='bbox 1832 1493 1908 1539; x_wconf 90' lang='lat' dir='ltr'><strong>eum</strong></span> <span class='ocrx_word' id='word_1_164' title='bbox 1940 1494 1977 1539; x_wconf 91' lang='lat' dir='ltr'><strong>se</strong></span> <span class='ocrx_word' id='word_1_165' title='bbox 2010 1471 2146 1551; x_wconf 84' lang='lat' dir='ltr'><strong>extulit,</strong></span> <span class='ocrx_word' id='word_1_166' title='bbox 2180 1471 2267 1556; x_wconf 91' lang='lat' dir='ltr'><strong>quod</strong></span> <span class='ocrx_word' id='word_1_167' title='bbox 2300 1472 2403 1538; x_wconf 90' lang='lat' dir='ltr'><strong>noluit</strong></span> 
     </span>
     <span class='ocr_line' id='line_1_13' title="bbox 407 1555 2403 1643; baseline 0 -20"><span class='ocrx_word' id='word_1_168' title='bbox 407 1557 512 1639; x_wconf 88' lang='lat' dir='ltr'><strong>spatio</strong></span> <span class='ocrx_word' id='word_1_169' title='bbox 531 1555 711 1622; x_wconf 87' lang='lat' dir='ltr'><strong>habitasset</strong></span> <span class='ocrx_word' id='word_1_170' title='bbox 729 1555 836 1623; x_wconf 88' lang='lat' dir='ltr'><strong>Adam</strong></span> <span class='ocrx_word' id='word_1_171' title='bbox 855 1579 931 1624; x_wconf 89' lang='lat' dir='ltr'><strong>oum</strong></span> <span class='ocrx_word' id='word_1_172' title='bbox 949 1579 1059 1635; x_wconf 81' lang='lat' dir='ltr'><strong>uxore,</strong></span> <span class='ocrx_word' id='word_1_173' title='bbox 1078 1579 1145 1624; x_wconf 92' lang='lat' dir='ltr'><strong>non</strong></span> <span class='ocrx_word' id='word_1_174' title='bbox 1165 1559 1274 1625; x_wconf 86' lang='lat' dir='ltr'><strong>inanis</strong></span> <span class='ocrx_word' id='word_1_175' title='bbox 1294 1568 1382 1626; x_wconf 85' lang='lat' dir='ltr'><strong>uerte</strong></span> <span class='ocrx_word' id='word_1_176' title='bbox 1434 1557 1503 1622; x_wconf 86' lang='lat' dir='ltr'><strong>eiua</strong></span> <span class='ocrx_word' id='word_1_177' title='bbox 1532 1556 1669 1640; x_wconf 90' lang='lat' dir='ltr'><strong>imperio</strong></span> <span class='ocrx_word' id='word_1_178' title='bbox 1697 1557 1847 1636; x_wconf 85' lang='lat' dir='ltr'><strong>subesse,</strong></span> <span class='ocrx_word' id='word_1_179' title='bbox 1875 1557 1960 1642; x_wconf 89' lang='lat' dir='ltr'><strong>quod</strong></span> <span class='ocrx_word' id='word_1_180' title='bbox 1989 1557 2129 1641; x_wconf 89' lang='lat' dir='ltr'><strong>denique</strong></span> <span class='ocrx_word' id='word_1_181' title='bbox 2151 1569 2185 1624; x_wconf 88' lang='lat' dir='ltr'><strong>et</strong></span> <span class='ocrx_word' id='word_1_182' title='bbox 2212 1559 2352 1643; x_wconf 85' lang='lat' dir='ltr'><strong>superbe</strong></span> <span class='ocrx_word' id='word_1_183' title='bbox 2372 1568 2403 1624; x_wconf 87' lang='lat' dir='ltr'><strong>st</strong></span> 
     </span>
     <span class='ocr_line' id='line_1_14' title="bbox 407 1640 2403 1729; baseline 0.001 -23"><span class='ocrx_word' id='word_1_184' title='bbox 407 1641 524 1709; x_wconf 83' lang='lat' dir='ltr'><strong>fuisset</strong></span> <span class='ocrx_word' id='word_1_185' title='bbox 553 1640 618 1706; x_wconf 93' lang='lat' dir='ltr'><strong>Dei</strong></span> <span class='ocrx_word' id='word_1_186' title='bbox 650 1642 830 1708; x_wconf 86' lang='lat' dir='ltr'><strong>benedictio</strong></span> <span class='ocrx_word' id='word_1_187' title='bbox 864 1643 901 1707; x_wconf 93' lang='lat' dir='ltr'><strong>in</strong></span> <span class='ocrx_word' id='word_1_188' title='bbox 933 1643 1143 1728; x_wconf 87' lang='lat' dir='ltr'><strong>propaganda</strong></span> <span class='ocrx_word' id='word_1_189' title='bbox 1171 1645 1295 1710; x_wconf 90' lang='lat' dir='ltr'><strong>sobole:</strong></span> <span class='ocrx_word' id='word_1_190' title='bbox 1325 1643 1382 1712; x_wconf 89' lang='lat' dir='ltr'><strong>sed</strong></span> <span class='ocrx_word' id='word_1_191' title='bbox 1433 1643 1557 1727; x_wconf 88' lang='lat' dir='ltr'><strong>perfide</strong></span> <span class='ocrx_word' id='word_1_192' title='bbox 1585 1641 1627 1707; x_wconf 83' lang='lat' dir='ltr'><strong>ab</strong></span> <span class='ocrx_word' id='word_1_193' title='bbox 1655 1663 1693 1708; x_wconf 87' lang='lat' dir='ltr'><strong>eo</strong></span> <span class='ocrx_word' id='word_1_194' title='bbox 1728 1642 1852 1710; x_wconf 82' lang='lat' dir='ltr'><strong>defeoit.</strong></span> <span class='ocrx_word' id='word_1_195' title='bbox 1904 1645 1996 1729; x_wconf 82' lang='lat' dir='ltr'><strong>Ergo</strong></span> <span class='ocrx_word' id='word_1_196' title='bbox 2020 1642 2178 1728; x_wconf 90' lang='lat' dir='ltr'><strong>quidquid</strong></span> <span class='ocrx_word' id='word_1_197' title='bbox 2210 1645 2336 1728; x_wconf 82' lang='lat' dir='ltr'><strong>pseusti</strong></span> <span class='ocrx_word' id='word_1_198' title='bbox 2358 1653 2403 1710; x_wconf 90' lang='lat' dir='ltr'><strong>est</strong></span> 
     </span>
     <span class='ocr_line' id='line_1_15' title="bbox 408 1727 2403 1815; baseline 0.002 -22"><span class='ocrx_word' id='word_1_199' title='bbox 408 1728 519 1793; x_wconf 86' lang='lat' dir='ltr'><strong>Moses</strong></span> <span class='ocrx_word' id='word_1_200' title='bbox 542 1727 606 1792; x_wconf 92' lang='lat' dir='ltr'><strong>Dei</strong></span> <span class='ocrx_word' id='word_1_201' title='bbox 628 1728 792 1796; x_wconf 83' lang='lat' dir='ltr'><strong>benefieiis</strong></span> <span class='ocrx_word' id='word_1_202' title='bbox 814 1728 959 1813; x_wconf 86' lang='lat' dir='ltr'><strong>privatos</strong></span> <span class='ocrx_word' id='word_1_203' title='bbox 981 1731 1081 1795; x_wconf 86' lang='lat' dir='ltr'><strong>fuisse</strong></span> <span class='ocrx_word' id='word_1_204' title='bbox 1099 1731 1272 1815; x_wconf 86' lang='lat' dir='ltr'><strong>signifieat,</strong></span> <span class='ocrx_word' id='word_1_205' title='bbox 1290 1740 1381 1797; x_wconf 90' lang='lat' dir='ltr'><strong>ente-</strong></span> <span class='ocrx_word' id='word_1_206' title='bbox 1434 1749 1472 1794; x_wconf 91' lang='lat' dir='ltr'><strong>ae</strong></span> <span class='ocrx_word' id='word_1_207' title='bbox 1500 1728 1615 1812; x_wconf 88' lang='lat' dir='ltr'><strong>eulpae</strong></span> <span class='ocrx_word' id='word_1_208' title='bbox 1635 1728 1671 1794; x_wconf 90' lang='lat' dir='ltr'><strong>in</strong></span> <span class='ocrx_word' id='word_1_209' title='bbox 1700 1729 1879 1812; x_wconf 90' lang='lat' dir='ltr'><strong>primorum</strong></span> <span class='ocrx_word' id='word_1_210' title='bbox 1902 1730 2074 1795; x_wconf 91' lang='lat' dir='ltr'><strong>hominum</strong></span> <span class='ocrx_word' id='word_1_211' title='bbox 2097 1731 2207 1813; x_wconf 87' lang='lat' dir='ltr'><strong>lapsu,</strong></span> <span class='ocrx_word' id='word_1_212' title='bbox 2229 1751 2332 1814; x_wconf 88' lang='lat' dir='ltr'><strong>penes</strong></span> <span class='ocrx_word' id='word_1_213' title='bbox 2353 1751 2403 1796; x_wconf 86' lang='lat' dir='ltr'><strong>eos</strong></span> 
     </span>
     <span class='ocr_line' id='line_1_16' title="bbox 409 1813 2402 1900; baseline 0.002 -23"><span class='ocrx_word' id='word_1_214' title='bbox 409 1834 508 1896; x_wconf 89' lang='lat' dir='ltr'><strong>quam</strong></span> <span class='ocrx_word' id='word_1_215' title='bbox 538 1813 585 1878; x_wconf 93' lang='lat' dir='ltr'><strong>uti</strong></span> <span class='ocrx_word' id='word_1_216' title='bbox 622 1822 878 1879; x_wconf 88' lang='lat' dir='ltr'><strong>oonsueseerent.</strong></span> <span class='ocrx_word' id='word_1_217' title='bbox 930 1813 1041 1881; x_wconf 79' lang='lat' dir='ltr'><strong>Feoile</strong></span> <span class='ocrx_word' id='word_1_218' title='bbox 1069 1816 1171 1898; x_wconf 85' lang='lat' dir='ltr'><strong>igitur</strong></span> <span class='ocrx_word' id='word_1_219' title='bbox 1203 1815 1383 1900; x_wconf 76' lang='lat' dir='ltr'><strong>Augustini</strong></span> <span class='ocrx_word' id='word_1_220' title='bbox 1435 1813 1571 1879; x_wconf 88' lang='lat' dir='ltr'><strong>residet:</strong></span> <span class='ocrx_word' id='word_1_221' title='bbox 1602 1813 1689 1897; x_wconf 91' lang='lat' dir='ltr'><strong>quod</strong></span> <span class='ocrx_word' id='word_1_222' title='bbox 1725 1816 1903 1897; x_wconf 87' lang='lat' dir='ltr'><strong>praeoesait</strong></span> <span class='ocrx_word' id='word_1_223' title='bbox 1926 1823 2096 1882; x_wconf 87' lang='lat' dir='ltr'><strong>aeternum</strong></span> <span class='ocrx_word' id='word_1_224' title='bbox 2125 1815 2190 1881; x_wconf 92' lang='lat' dir='ltr'><strong>Dei</strong></span> <span class='ocrx_word' id='word_1_225' title='bbox 2222 1817 2402 1892; x_wconf 88' lang='lat' dir='ltr'><strong>eonsilium,</strong></span> 
     </span>
     <span class='ocr_line' id='line_1_17' title="bbox 408 1898 2402 1984; baseline 0.001 -20"><span class='ocrx_word' id='word_1_226' title='bbox 408 1898 639 1964; x_wconf 84' lang='lat' dir='ltr'><strong>exolamationi</strong></span> <span class='ocrx_word' id='word_1_227' title='bbox 649 1898 1044 1970; x_wconf 73' lang='lat' dir='ltr'><strong>subsorib020miserum</strong></span> <span class='ocrx_word' id='word_1_228' title='bbox 1056 1901 1194 1967; x_wconf 90' lang='lat' dir='ltr'><strong>liborum</strong></span> <span class='ocrx_word' id='word_1_229' title='bbox 1202 1903 1382 1980; x_wconf 87' lang='lat' dir='ltr'><strong>arbitrium,</strong></span> <span class='ocrx_word' id='word_1_230' title='bbox 1434 1900 1521 1965; x_wconf 87' lang='lat' dir='ltr'><strong>iusta</strong></span> <span class='ocrx_word' id='word_1_231' title='bbox 1550 1899 1674 1966; x_wconf 89' lang='lat' dir='ltr'><strong>ratione</strong></span> <span class='ocrx_word' id='word_1_232' title='bbox 1696 1921 1764 1966; x_wconf 91' lang='lat' dir='ltr'><strong>uon</strong></span> <span class='ocrx_word' id='word_1_233' title='bbox 1786 1909 1892 1981; x_wconf 86' lang='lat' dir='ltr'><strong>seret,</strong></span> <span class='ocrx_word' id='word_1_234' title='bbox 1915 1902 2066 1984; x_wconf 85' lang='lat' dir='ltr'><strong>quamvis</strong></span> <span class='ocrx_word' id='word_1_235' title='bbox 2093 1901 2186 1968; x_wconf 89' lang='lat' dir='ltr'><strong>nobis</strong></span> <span class='ocrx_word' id='word_1_236' title='bbox 2208 1900 2402 1968; x_wconf 79' lang='lat' dir='ltr'><strong>abscondita.</strong></span> 
     </span>
     <span class='ocr_line' id='line_1_18' title="bbox 409 1983 2404 2069; baseline 0.001 -19"><span class='ocrx_word' id='word_1_237' title='bbox 409 1983 494 2068; x_wconf 90' lang='lat' dir='ltr'><strong>quod</strong></span> <span class='ocrx_word' id='word_1_238' title='bbox 521 1983 627 2051; x_wconf 61' lang='lat' dir='ltr'><strong>mbae</strong></span> <span class='ocrx_word' id='word_1_239' title='bbox 655 1984 819 2052; x_wconf 87' lang='lat' dir='ltr'><strong>ineolume</strong></span> <span class='ocrx_word' id='word_1_240' title='bbox 840 1993 909 2052; x_wconf 89' lang='lat' dir='ltr'><strong>tam</strong></span> <span class='ocrx_word' id='word_1_241' title='bbox 931 2005 1049 2068; x_wconf 88' lang='lat' dir='ltr'><strong>parurn</strong></span> <span class='ocrx_word' id='word_1_242' title='bbox 1072 1985 1188 2052; x_wconf 89' lang='lat' dir='ltr'><strong>babuit</strong></span> <span class='ocrx_word' id='word_1_243' title='bbox 1208 1988 1381 2054; x_wconf 88' lang='lat' dir='ltr'><strong>firmitatis.</strong></span> <span class='ocrx_word' id='word_1_244' title='bbox 1433 1984 1595 2052; x_wconf 88' lang='lat' dir='ltr'><strong>Videmus</strong></span> <span class='ocrx_word' id='word_1_245' title='bbox 1611 1985 1751 2069; x_wconf 91' lang='lat' dir='ltr'><strong>quidem</strong></span> <span class='ocrx_word' id='word_1_246' title='bbox 1785 2007 1826 2052; x_wconf 85' lang='lat' dir='ltr'><strong>ex</strong></span> <span class='ocrx_word' id='word_1_247' title='bbox 1854 1995 1922 2052; x_wconf 90' lang='lat' dir='ltr'><strong>tem</strong></span> <span class='ocrx_word' id='word_1_248' title='bbox 1955 1986 2105 2052; x_wconf 86' lang='lat' dir='ltr'><strong>horribili</strong></span> <span class='ocrx_word' id='word_1_249' title='bbox 2138 1987 2235 2052; x_wconf 89' lang='lat' dir='ltr'><strong>ruina</strong></span> <span class='ocrx_word' id='word_1_250' title='bbox 2263 1987 2404 2052; x_wconf 84' lang='lat' dir='ltr'><strong>frustum</strong></span> 
     </span>
     <span class='ocr_line' id='line_1_19' title="bbox 409 2069 2404 2156; baseline 0.001 -21"><span class='ocrx_word' id='word_1_251' title='bbox 409 2072 518 2152; x_wconf 80' lang='lat' dir='ltr'><strong>Atque</strong></span> <span class='ocrx_word' id='word_1_252' title='bbox 540 2079 578 2136; x_wconf 90' lang='lat' dir='ltr'><strong>ut</strong></span> <span class='ocrx_word' id='word_1_253' title='bbox 595 2083 762 2137; x_wconf 87' lang='lat' dir='ltr'><strong>taoeamus</strong></span> <span class='ocrx_word' id='word_1_254' title='bbox 784 2069 825 2136; x_wconf 89' lang='lat' dir='ltr'><strong>de</strong></span> <span class='ocrx_word' id='word_1_255' title='bbox 846 2071 1008 2138; x_wconf 83' lang='lat' dir='ltr'><strong>brevitate</strong></span> <span class='ocrx_word' id='word_1_256' title='bbox 1030 2074 1201 2156; x_wconf 88' lang='lat' dir='ltr'><strong>temporis,</strong></span> <span class='ocrx_word' id='word_1_257' title='bbox 1224 2073 1282 2138; x_wconf 91' lang='lat' dir='ltr'><strong>illa</strong></span> <span class='ocrx_word' id='word_1_258' title='bbox 1303 2074 1383 2139; x_wconf 88' lang='lat' dir='ltr'><strong>Ber·</strong></span> <span class='ocrx_word' id='word_1_259' title='bbox 1434 2070 1579 2154; x_wconf 88' lang='lat' dir='ltr'><strong>quotidie</strong></span> <span class='ocrx_word' id='word_1_260' title='bbox 1607 2093 1789 2156; x_wconf 80' lang='lat' dir='ltr'><strong>emergere,</strong></span> <span class='ocrx_word' id='word_1_261' title='bbox 1818 2073 1902 2156; x_wconf 89' lang='lat' dir='ltr'><strong>quod</strong></span> <span class='ocrx_word' id='word_1_262' title='bbox 1931 2072 2053 2138; x_wconf 89' lang='lat' dir='ltr'><strong>uostris</strong></span> <span class='ocrx_word' id='word_1_263' title='bbox 2081 2072 2221 2139; x_wconf 87' lang='lat' dir='ltr'><strong>miseriis</strong></span> <span class='ocrx_word' id='word_1_264' title='bbox 2251 2071 2346 2138; x_wconf 90' lang='lat' dir='ltr'><strong>Deus</strong></span> <span class='ocrx_word' id='word_1_265' title='bbox 2366 2072 2404 2137; x_wconf 90' lang='lat' dir='ltr'><strong>ad</strong></span> 
     </span>
     <span class='ocr_line' id='line_1_20' title="bbox 408 2153 2403 2242; baseline 0.001 -22"><span class='ocrx_word' id='word_1_266' title='bbox 408 2153 503 2220; x_wconf 88' lang='lat' dir='ltr'><strong>nardi</strong></span> <span class='ocrx_word' id='word_1_267' title='bbox 525 2155 703 2221; x_wconf 72' lang='lat' dir='ltr'><strong>admonitio</strong></span> <span class='ocrx_word' id='word_1_268' title='bbox 733 2166 915 2223; x_wconf 89' lang='lat' dir='ltr'><strong>memoratu</strong></span> <span class='ocrx_word' id='word_1_269' title='bbox 948 2156 1049 2241; x_wconf 86' lang='lat' dir='ltr'><strong>digna</strong></span> <span class='ocrx_word' id='word_1_270' title='bbox 1081 2166 1146 2224; x_wconf 83' lang='lat' dir='ltr'><strong>ost:</strong></span> <span class='ocrx_word' id='word_1_271' title='bbox 1179 2158 1292 2242; x_wconf 79' lang='lat' dir='ltr'><strong>Quum</strong></span> <span class='ocrx_word' id='word_1_272' title='bbox 1315 2168 1381 2225; x_wconf 89' lang='lat' dir='ltr'><strong>tam</strong></span> <span class='ocrx_word' id='word_1_273' title='bbox 1435 2155 1653 2222; x_wconf 87' lang='lat' dir='ltr'><strong>bumilitatem</strong></span> <span class='ocrx_word' id='word_1_274' title='bbox 1693 2178 1754 2224; x_wconf 88' lang='lat' dir='ltr'><strong>nos</strong></span> <span class='ocrx_word' id='word_1_275' title='bbox 1792 2158 1916 2235; x_wconf 90' lang='lat' dir='ltr'><strong>erudit,</strong></span> <span class='ocrx_word' id='word_1_276' title='bbox 1956 2157 2074 2224; x_wconf 86' lang='lat' dir='ltr'><strong>deindo</strong></span> <span class='ocrx_word' id='word_1_277' title='bbox 2113 2158 2200 2241; x_wconf 91' lang='lat' dir='ltr'><strong>quod</strong></span> <span class='ocrx_word' id='word_1_278' title='bbox 2230 2158 2403 2225; x_wconf 90' lang='lat' dir='ltr'><strong>bonitatem</strong></span> 
     </span>
     <span class='ocr_line' id='line_1_21' title="bbox 407 2240 2404 2328; baseline 0.002 -23"><span class='ocrx_word' id='word_1_279' title='bbox 407 2240 564 2307; x_wconf 85' lang='lat' dir='ltr'><strong>horribile</strong></span> <span class='ocrx_word' id='word_1_280' title='bbox 581 2242 808 2324; x_wconf 88' lang='lat' dir='ltr'><strong>praeeipitium</strong></span> <span class='ocrx_word' id='word_1_281' title='bbox 825 2243 859 2306; x_wconf 93' lang='lat' dir='ltr'><strong>in</strong></span> <span class='ocrx_word' id='word_1_282' title='bbox 877 2243 1027 2326; x_wconf 87' lang='lat' dir='ltr'><strong>paradiso</strong></span> <span class='ocrx_word' id='word_1_283' title='bbox 1049 2243 1203 2312; x_wconf 86' lang='lat' dir='ltr'><strong>eoeidisse</strong></span> <span class='ocrx_word' id='word_1_284' title='bbox 1225 2244 1382 2328; x_wconf 87' lang='lat' dir='ltr'><strong>legemus,</strong></span> <span class='ocrx_word' id='word_1_285' title='bbox 1434 2262 1528 2308; x_wconf 91' lang='lat' dir='ltr'><strong>suam</strong></span> <span class='ocrx_word' id='word_1_286' title='bbox 1557 2243 1679 2309; x_wconf 89' lang='lat' dir='ltr'><strong>elarius</strong></span> <span class='ocrx_word' id='word_1_287' title='bbox 1701 2242 1853 2310; x_wconf 89' lang='lat' dir='ltr'><strong>illustrat.</strong></span> <span class='ocrx_word' id='word_1_288' title='bbox 1884 2244 1972 2310; x_wconf 90' lang='lat' dir='ltr'><strong>Nam</strong></span> <span class='ocrx_word' id='word_1_289' title='bbox 1982 2244 2114 2310; x_wconf 88' lang='lat' dir='ltr'><strong>uberior</strong></span> <span class='ocrx_word' id='word_1_290' title='bbox 2135 2244 2206 2309; x_wconf 92' lang='lat' dir='ltr'><strong>eius</strong></span> <span class='ocrx_word' id='word_1_291' title='bbox 2223 2245 2332 2328; x_wconf 85' lang='lat' dir='ltr'><strong>gratia</strong></span> <span class='ocrx_word' id='word_1_292' title='bbox 2352 2265 2404 2326; x_wconf 91' lang='lat' dir='ltr'><strong>per</strong></span> 
     </span>
     <span class='ocr_line' id='line_1_22' title="bbox 408 2325 2405 2413; baseline 0.001 -21"><span class='ocrx_word' id='word_1_293' title='bbox 408 2325 487 2410; x_wconf 91' lang='lat' dir='ltr'><strong>quid</strong></span> <span class='ocrx_word' id='word_1_294' title='bbox 525 2347 586 2393; x_wconf 92' lang='lat' dir='ltr'><strong>nos</strong></span> <span class='ocrx_word' id='word_1_295' title='bbox 625 2328 742 2394; x_wconf 78' lang='lat' dir='ltr'><strong>leotari</strong></span> <span class='ocrx_word' id='word_1_296' title='bbox 780 2349 894 2394; x_wconf 89' lang='lat' dir='ltr'><strong>sumus</strong></span> <span class='ocrx_word' id='word_1_297' title='bbox 932 2329 967 2394; x_wconf 91' lang='lat' dir='ltr'><strong>in</strong></span> <span class='ocrx_word' id='word_1_298' title='bbox 1007 2329 1232 2412; x_wconf 85' lang='lat' dir='ltr'><strong>sterquilinio?</strong></span> <span class='ocrx_word' id='word_1_299' title='bbox 1275 2330 1382 2397; x_wconf 85' lang='lat' dir='ltr'><strong>Simul</strong></span> <span class='ocrx_word' id='word_1_300' title='bbox 1434 2327 1605 2395; x_wconf 75' lang='lat' dir='ltr'><strong>Christum</strong></span> <span class='ocrx_word' id='word_1_301' title='bbox 1622 2329 1728 2396; x_wconf 85' lang='lat' dir='ltr'><strong>effuse</strong></span> <span class='ocrx_word' id='word_1_302' title='bbox 1744 2339 1795 2395; x_wconf 89' lang='lat' dir='ltr'><strong>est</strong></span> <span class='ocrx_word' id='word_1_303' title='bbox 1815 2331 1850 2396; x_wconf 91' lang='lat' dir='ltr'><strong>in</strong></span> <span class='ocrx_word' id='word_1_304' title='bbox 1872 2329 2041 2408; x_wconf 86' lang='lat' dir='ltr'><strong>mundum,</strong></span> <span class='ocrx_word' id='word_1_305' title='bbox 2064 2350 2163 2413; x_wconf 88' lang='lat' dir='ltr'><strong>quem</strong></span> <span class='ocrx_word' id='word_1_306' title='bbox 2179 2329 2272 2395; x_wconf 89' lang='lat' dir='ltr'><strong>Ades</strong></span> <span class='ocrx_word' id='word_1_307' title='bbox 2293 2330 2405 2396; x_wconf 83' lang='lat' dir='ltr'><strong>uellate</strong></span> 
     </span>
     <span class='ocr_line' id='line_1_23' title="bbox 408 2413 2404 2515; baseline 0.001 -37"><span class='ocrx_word' id='word_1_308' title='bbox 408 2413 565 2478; x_wconf 88' lang='lat' dir='ltr'><strong>memorie</strong></span> <span class='ocrx_word' id='word_1_309' title='bbox 587 2413 774 2493; x_wconf 88' lang='lat' dir='ltr'><strong>tenendum,</strong></span> <span class='ocrx_word' id='word_1_310' title='bbox 797 2435 861 2497; x_wconf 92' lang='lat' dir='ltr'><strong>quo</strong></span> <span class='ocrx_word' id='word_1_311' title='bbox 884 2421 1054 2498; x_wconf 81' lang='lat' dir='ltr'><strong>praetextu</strong></span> <span class='ocrx_word' id='word_1_312' title='bbox 1076 2416 1110 2480; x_wconf 93' lang='lat' dir='ltr'><strong>in</strong></span> <span class='ocrx_word' id='word_1_313' title='bbox 1132 2416 1302 2500; x_wconf 82' lang='lat' dir='ltr'><strong>ospitalem</strong></span> <span class='ocrx_word' id='word_1_314' title='bbox 1320 2416 1384 2483; x_wconf 91' lang='lat' dir='ltr'><strong>sibi</strong></span> <span class='ocrx_word' id='word_1_315' title='bbox 1434 2421 1521 2480; x_wconf 87' lang='lat' dir='ltr'><strong>esset</strong></span> <span class='ocrx_word' id='word_1_316' title='bbox 1544 2435 1565 2478; x_wconf 91' lang='lat' dir='ltr'><strong>e</strong></span> <span class='ocrx_word' id='word_1_317' title='bbox 1596 2414 1764 2515; x_wconf 82' lang='lat' dir='ltr'><strong>prinoipio.</strong></span> <span class='ocrx_word' id='word_1_318' title='bbox 1820 2416 1891 2481; x_wconf 89' lang='lat' dir='ltr'><strong>Iem</strong></span> <span class='ocrx_word' id='word_1_319' title='bbox 1921 2415 1950 2482; x_wconf 89' lang='lat' dir='ltr'><strong>si</strong></span> <span class='ocrx_word' id='word_1_320' title='bbox 1977 2436 2037 2482; x_wconf 90' lang='lat' dir='ltr'><strong>nos</strong></span> <span class='ocrx_word' id='word_1_321' title='bbox 2070 2416 2155 2481; x_wconf 88' lang='lat' dir='ltr'><strong>ratio</strong></span> <span class='ocrx_word' id='word_1_322' title='bbox 2187 2416 2310 2500; x_wconf 81' lang='lat' dir='ltr'><strong>fugiat,</strong></span> <span class='ocrx_word' id='word_1_323' title='bbox 2344 2437 2404 2480; x_wconf 92' lang='lat' dir='ltr'><strong>nou</strong></span> 
     </span>
     <span class='ocr_line' id='line_1_24' title="bbox 409 2499 2405 2582; baseline 0.001 -18"><span class='ocrx_word' id='word_1_324' title='bbox 409 2519 447 2564; x_wconf 91' lang='lat' dir='ltr'><strong>ao</strong></span> <span class='ocrx_word' id='word_1_325' title='bbox 475 2499 614 2582; x_wconf 87' lang='lat' dir='ltr'><strong>posteris</strong></span> <span class='ocrx_word' id='word_1_326' title='bbox 650 2500 719 2566; x_wconf 89' lang='lat' dir='ltr'><strong>suis</strong></span> <span class='ocrx_word' id='word_1_327' title='bbox 744 2500 895 2566; x_wconf 87' lang='lat' dir='ltr'><strong>omuibus</strong></span> <span class='ocrx_word' id='word_1_328' title='bbox 923 2499 1071 2566; x_wconf 80' lang='lat' dir='ltr'><strong>fraudem</strong></span> <span class='ocrx_word' id='word_1_329' title='bbox 1095 2500 1220 2568; x_wconf 87' lang='lat' dir='ltr'><strong>induoti</strong></span> <span class='ocrx_word' id='word_1_330' title='bbox 1249 2502 1380 2567; x_wconf 83' lang='lat' dir='ltr'><strong>fuerint.</strong></span> <span class='ocrx_word' id='word_1_331' title='bbox 1435 2499 1556 2565; x_wconf 89' lang='lat' dir='ltr'><strong>mirum</strong></span> <span class='ocrx_word' id='word_1_332' title='bbox 1578 2500 1606 2566; x_wconf 93' lang='lat' dir='ltr'><strong>si</strong></span> <span class='ocrx_word' id='word_1_333' title='bbox 1635 2501 1729 2568; x_wconf 81' lang='lat' dir='ltr'><strong>nobis</strong></span> <span class='ocrx_word' id='word_1_334' title='bbox 1756 2521 1914 2567; x_wconf 88' lang='lat' dir='ltr'><strong>areanum</strong></span> <span class='ocrx_word' id='word_1_335' title='bbox 1943 2502 2007 2568; x_wconf 90' lang='lat' dir='ltr'><strong>Dei</strong></span> <span class='ocrx_word' id='word_1_336' title='bbox 2033 2500 2205 2568; x_wconf 89' lang='lat' dir='ltr'><strong>eonsilium</strong></span> <span class='ocrx_word' id='word_1_337' title='bbox 2232 2502 2278 2567; x_wconf 85' lang='lat' dir='ltr'><strong>sit</strong></span> <span class='ocrx_word' id='word_1_338' title='bbox 2306 2503 2405 2567; x_wconf 85' lang='lat' dir='ltr'><strong>instar</strong></span> 
     </span>
     <span class='ocr_line' id='line_1_25' title="bbox 409 2583 1626 2669; baseline 0.002 -21"><span class='ocrx_word' id='word_1_339' title='bbox 409 2583 596 2651; x_wconf 89' lang='lat' dir='ltr'><strong>Plaueibilis</strong></span> <span class='ocrx_word' id='word_1_340' title='bbox 614 2593 685 2650; x_wconf 91' lang='lat' dir='ltr'><strong>erat</strong></span> <span class='ocrx_word' id='word_1_341' title='bbox 701 2585 767 2651; x_wconf 89' lang='lat' dir='ltr'><strong>ista</strong></span> <span class='ocrx_word' id='word_1_342' title='bbox 777 2583 922 2652; x_wconf 85' lang='lat' dir='ltr'><strong>Satanae</strong></span> <span class='ocrx_word' id='word_1_343' title='bbox 940 2585 1099 2652; x_wconf 87' lang='lat' dir='ltr'><strong>adulatio:</strong></span> <span class='ocrx_word' id='word_1_344' title='bbox 1121 2585 1239 2654; x_wconf 76' lang='lat' dir='ltr'><strong>Sciatis</strong></span> <span class='ocrx_word' id='word_1_345' title='bbox 1261 2587 1382 2654; x_wconf 90' lang='lat' dir='ltr'><strong>bouum</strong></span> <span class='ocrx_word' id='word_1_346' title='bbox 1433 2584 1626 2669; x_wconf 84' lang='lat' dir='ltr'><strong>labyrinthi.</strong></span> 
     </span>
     <span class='ocr_line' id='line_1_26' title="bbox 409 2669 2404 2756; baseline 0.001 -22"><span class='ocrx_word' id='word_1_347' title='bbox 409 2679 443 2735; x_wconf 92' lang='lat' dir='ltr'><strong>et</strong></span> <span class='ocrx_word' id='word_1_348' title='bbox 464 2670 603 2736; x_wconf 89' lang='lat' dir='ltr'><strong>malum:</strong></span> <span class='ocrx_word' id='word_1_349' title='bbox 637 2671 696 2738; x_wconf 87' lang='lat' dir='ltr'><strong>sed</strong></span> <span class='ocrx_word' id='word_1_350' title='bbox 727 2670 800 2737; x_wconf 91' lang='lat' dir='ltr'><strong>ideo</strong></span> <span class='ocrx_word' id='word_1_351' title='bbox 832 2670 1041 2738; x_wconf 81' lang='lat' dir='ltr'><strong>maledictum</strong></span> <span class='ocrx_word' id='word_1_352' title='bbox 1075 2679 1145 2738; x_wconf 89' lang='lat' dir='ltr'><strong>eret</strong></span> <span class='ocrx_word' id='word_1_353' title='bbox 1176 2673 1260 2738; x_wconf 90' lang='lat' dir='ltr'><strong>illud</strong></span> <span class='ocrx_word' id='word_1_354' title='bbox 1288 2673 1381 2752; x_wconf 85' lang='lat' dir='ltr'><strong>seire,</strong></span> <span class='ocrx_word' id='word_1_355' title='bbox 1519 2669 1565 2735; x_wconf 83' lang='lat' dir='ltr'><strong>Et</strong></span> <span class='ocrx_word' id='word_1_356' title='bbox 1579 2675 1764 2738; x_wconf 67' lang='lat' dir='ltr'><strong>moremati</strong></span> <span class='ocrx_word' id='word_1_357' title='bbox 1778 2671 1868 2753; x_wconf 79' lang='lat' dir='ltr'><strong>folio.</strong></span> <span class='ocrx_word' id='word_1_358' title='bbox 1904 2669 2129 2756; x_wconf 72' lang='lat' dir='ltr'><strong>Quadrupes</strong></span> <span class='ocrx_word' id='word_1_359' title='bbox 2151 2672 2229 2753; x_wconf 79' lang='lat' dir='ltr'><strong>dixi,</strong></span> <span class='ocrx_word' id='word_1_360' title='bbox 2252 2691 2404 2739; x_wconf 86' lang='lat' dir='ltr'><strong>nsevero</strong></span> 
     </span>
     <span class='ocr_line' id='line_1_27' title="bbox 409 2755 2486 2842; baseline 0.002 -22"><span class='ocrx_word' id='word_1_361' title='bbox 409 2757 486 2838; x_wconf 91' lang='lat' dir='ltr'><strong>quia</strong></span> <span class='ocrx_word' id='word_1_362' title='bbox 503 2764 631 2839; x_wconf 86' lang='lat' dir='ltr'><strong>prester</strong></span> <span class='ocrx_word' id='word_1_363' title='bbox 659 2756 724 2822; x_wconf 86' lang='lat' dir='ltr'><strong>Dei</strong></span> <span class='ocrx_word' id='word_1_364' title='bbox 752 2757 892 2840; x_wconf 87' lang='lat' dir='ltr'><strong>gretiam</strong></span> <span class='ocrx_word' id='word_1_365' title='bbox 920 2759 1141 2840; x_wconf 87' lang='lat' dir='ltr'><strong>appetebatur.</strong></span> <span class='ocrx_word' id='word_1_366' title='bbox 1185 2757 1297 2841; x_wconf 79' lang='lat' dir='ltr'><strong>Quare</strong></span> <span class='ocrx_word' id='word_1_367' title='bbox 1318 2760 1383 2824; x_wconf 90' lang='lat' dir='ltr'><strong>uisi</strong></span> <span class='ocrx_word' id='word_1_368' title='bbox 1434 2755 1566 2839; x_wconf 91' lang='lat' dir='ltr'><strong>pudore,</strong></span> <span class='ocrx_word' id='word_1_369' title='bbox 1607 2778 1667 2823; x_wconf 89' lang='lat' dir='ltr'><strong>nse</strong></span> <span class='ocrx_word' id='word_1_370' title='bbox 1705 2755 1791 2823; x_wconf 90' lang='lat' dir='ltr'><strong>serio</strong></span> <span class='ocrx_word' id='word_1_371' title='bbox 1830 2766 1921 2824; x_wconf 88' lang='lat' dir='ltr'><strong>metu</strong></span> <span class='ocrx_word' id='word_1_372' title='bbox 1960 2757 2002 2823; x_wconf 91' lang='lat' dir='ltr'><strong>ad</strong></span> <span class='ocrx_word' id='word_1_373' title='bbox 2041 2758 2277 2842; x_wconf 88' lang='lat' dir='ltr'><strong>poenitentiam</strong></span> <span class='ocrx_word' id='word_1_374' title='bbox 2310 2760 2404 2824; x_wconf 86' lang='lat' dir='ltr'><strong>fuisse</strong></span> <span class='ocrx_word' id='word_1_375' title='bbox 2485 2799 2486 2814; x_wconf 49' lang='grc' dir='ltr'>ι</span> 
     </span>
     <span class='ocr_line' id='line_1_28' title="bbox 409 2840 2486 2928; baseline -0.001 -19"><span class='ocrx_word' id='word_1_376' title='bbox 409 2841 549 2909; x_wconf 78' lang='lat' dir='ltr'><strong>velimus</strong></span> <span class='ocrx_word' id='word_1_377' title='bbox 577 2848 695 2925; x_wconf 89' lang='lat' dir='ltr'><strong>sponte</strong></span> <span class='ocrx_word' id='word_1_378' title='bbox 727 2840 857 2909; x_wconf 89' lang='lat' dir='ltr'><strong>eosdem</strong></span> <span class='ocrx_word' id='word_1_379' title='bbox 885 2841 1021 2908; x_wconf 89' lang='lat' dir='ltr'><strong>iuduere</strong></span> <span class='ocrx_word' id='word_1_380' title='bbox 1051 2843 1197 2927; x_wconf 88' lang='lat' dir='ltr'><strong>laqueos,</strong></span> <span class='ocrx_word' id='word_1_381' title='bbox 1220 2843 1382 2911; x_wconf 86' lang='lat' dir='ltr'><strong>diseamus</strong></span> <span class='ocrx_word' id='word_1_382' title='bbox 1434 2841 1605 2922; x_wconf 89' lang='lat' dir='ltr'><strong>edduetos,</strong></span> <span class='ocrx_word' id='word_1_383' title='bbox 1644 2863 1731 2909; x_wconf 87' lang='lat' dir='ltr'><strong>nune</strong></span> <span class='ocrx_word' id='word_1_384' title='bbox 1763 2843 1882 2910; x_wconf 86' lang='lat' dir='ltr'><strong>melius</strong></span> <span class='ocrx_word' id='word_1_385' title='bbox 1913 2851 2013 2928; x_wconf 90' lang='lat' dir='ltr'><strong>patet.</strong></span> <span class='ocrx_word' id='word_1_386' title='bbox 2068 2843 2243 2910; x_wconf 81' lang='lat' dir='ltr'><strong>Oonsuunt</strong></span> <span class='ocrx_word' id='word_1_387' title='bbox 2273 2844 2337 2910; x_wconf 87' lang='lat' dir='ltr'><strong>sibi</strong></span> <span class='ocrx_word' id='word_1_388' title='bbox 2366 2863 2405 2908; x_wconf 84' lang='lat' dir='ltr'><strong>ex</strong></span> <span class='ocrx_word' id='word_1_389' title='bbox 2485 2887 2486 2922; x_wconf 79' lang='lat'><strong>,</strong></span> 
     </span>
     <span class='ocr_line' id='line_1_29' title="bbox 408 2926 2486 3015; baseline 0 -23"><span class='ocrx_word' id='word_1_390' title='bbox 408 2926 591 2994; x_wconf 89' lang='lat' dir='ltr'><strong>asoloDei</strong></span> <span class='ocrx_word' id='word_1_391' title='bbox 609 2937 701 3008; x_wconf 90' lang='lat' dir='ltr'><strong>nutu,</strong></span> <span class='ocrx_word' id='word_1_392' title='bbox 720 2948 817 3011; x_wconf 93' lang='lat' dir='ltr'><strong>quem</strong></span> <span class='ocrx_word' id='word_1_393' title='bbox 835 2927 995 2994; x_wconf 89' lang='lat' dir='ltr'><strong>bonorum</strong></span> <span class='ocrx_word' id='word_1_394' title='bbox 1012 2929 1157 2995; x_wconf 90' lang='lat' dir='ltr'><strong>omnium</strong></span> <span class='ocrx_word' id='word_1_395' title='bbox 1176 2931 1383 3015; x_wconf 89' lang='lat' dir='ltr'><strong>agnoseimus</strong></span> <span class='ocrx_word' id='word_1_396' title='bbox 1434 2927 1522 2994; x_wconf 86' lang='lat' dir='ltr'><strong>loliis</strong></span> <span class='ocrx_word' id='word_1_397' title='bbox 1548 2927 1755 3012; x_wconf 79' lang='lat' dir='ltr'><strong>perizomata.</strong></span> <span class='ocrx_word' id='word_1_398' title='bbox 1806 2927 1999 3011; x_wconf 79' lang='lat' dir='ltr'><strong>Quorsum?</strong></span> <span class='ocrx_word' id='word_1_399' title='bbox 2029 2939 2066 2994; x_wconf 92' lang='lat' dir='ltr'><strong>ut</strong></span> <span class='ocrx_word' id='word_1_400' title='bbox 2095 2938 2256 3013; x_wconf 89' lang='lat' dir='ltr'><strong>tauquam</strong></span> <span class='ocrx_word' id='word_1_401' title='bbox 2286 2931 2402 2994; x_wconf 85' lang='lat' dir='ltr'><strong>inrioto</strong></span> <span class='ocrx_word' id='word_1_402' title='bbox 2485 2939 2486 2964; x_wconf 66' lang='lat'>¹</span> 
     </span>
     <span class='ocr_line' id='line_1_30' title="bbox 409 3011 2404 3099; baseline 0.001 -21"><span class='ocrx_word' id='word_1_403' title='bbox 409 3023 574 3091; x_wconf 89' lang='lat' dir='ltr'><strong>autorem,</strong></span> <span class='ocrx_word' id='word_1_404' title='bbox 600 3014 733 3079; x_wconf 90' lang='lat' dir='ltr'><strong>omnino</strong></span> <span class='ocrx_word' id='word_1_405' title='bbox 762 3012 912 3097; x_wconf 89' lang='lat' dir='ltr'><strong>pendere.</strong></span> <span class='ocrx_word' id='word_1_406' title='bbox 957 3015 1004 3079; x_wconf 77' lang='lat' dir='ltr'><strong>Et</strong></span> <span class='ocrx_word' id='word_1_407' title='bbox 1025 3015 1178 3099; x_wconf 89' lang='lat' dir='ltr'><strong>quoniam</strong></span> <span class='ocrx_word' id='word_1_408' title='bbox 1199 3037 1259 3082; x_wconf 89' lang='lat' dir='ltr'><strong>nos</strong></span> <span class='ocrx_word' id='word_1_409' title='bbox 1280 3017 1382 3099; x_wconf 87' lang='lat' dir='ltr'><strong>sorip·</strong></span> <span class='ocrx_word' id='word_1_410' title='bbox 1435 3013 1680 3098; x_wconf 86' lang='lat' dir='ltr'><strong>propugneeulo</strong></span> <span class='ocrx_word' id='word_1_411' title='bbox 1716 3011 1826 3080; x_wconf 88' lang='lat' dir='ltr'><strong>Deum</strong></span> <span class='ocrx_word' id='word_1_412' title='bbox 1866 3014 1981 3097; x_wconf 88' lang='lat' dir='ltr'><strong>prooul</strong></span> <span class='ocrx_word' id='word_1_413' title='bbox 2016 3023 2159 3082; x_wconf 89' lang='lat' dir='ltr'><strong>eroeent.</strong></span> <span class='ocrx_word' id='word_1_414' title='bbox 2218 3015 2302 3081; x_wconf 83' lang='lat' dir='ltr'><strong>Fuit</strong></span> <span class='ocrx_word' id='word_1_415' title='bbox 2334 3035 2404 3099; x_wconf 88' lang='lat' dir='ltr'><strong>ergo</strong></span> 
     </span>
     <span class='ocr_line' id='line_1_31' title="bbox 410 3099 2405 3184; baseline -0.001 -20"><span class='ocrx_word' id='word_1_416' title='bbox 410 3109 486 3164; x_wconf 91' lang='lat' dir='ltr'><strong>tura</strong></span> <span class='ocrx_word' id='word_1_417' title='bbox 507 3099 629 3182; x_wconf 85' lang='lat' dir='ltr'><strong>passim</strong></span> <span class='ocrx_word' id='word_1_418' title='bbox 658 3099 816 3166; x_wconf 88' lang='lat' dir='ltr'><strong>nuditatis</strong></span> <span class='ocrx_word' id='word_1_419' title='bbox 841 3099 1033 3184; x_wconf 87' lang='lat' dir='ltr'><strong>inopiaeque</strong></span> <span class='ocrx_word' id='word_1_420' title='bbox 1060 3110 1191 3167; x_wconf 85' lang='lat' dir='ltr'><strong>nostres</strong></span> <span class='ocrx_word' id='word_1_421' title='bbox 1219 3099 1381 3180; x_wconf 87' lang='lat' dir='ltr'><strong>admonet,</strong></span> <span class='ocrx_word' id='word_1_422' title='bbox 1434 3099 1586 3166; x_wconf 85' lang='lat' dir='ltr'><strong>eoniusus</strong></span> <span class='ocrx_word' id='word_1_423' title='bbox 1604 3107 1745 3180; x_wconf 86' lang='lat' dir='ltr'><strong>tentum,</strong></span> <span class='ocrx_word' id='word_1_424' title='bbox 1764 3109 1796 3164; x_wconf 89' lang='lat' dir='ltr'><strong>et</strong></span> <span class='ocrx_word' id='word_1_425' title='bbox 1813 3121 1888 3167; x_wconf 90' lang='lat' dir='ltr'><strong>eum</strong></span> <span class='ocrx_word' id='word_1_426' title='bbox 1905 3099 2105 3168; x_wconf 88' lang='lat' dir='ltr'><strong>hebetudine</strong></span> <span class='ocrx_word' id='word_1_427' title='bbox 2116 3101 2311 3168; x_wconf 89' lang='lat' dir='ltr'><strong>ooniunotus</strong></span> <span class='ocrx_word' id='word_1_428' title='bbox 2333 3099 2405 3166; x_wconf 89' lang='lat' dir='ltr'><strong>mali</strong></span> 
     </span>
     <span class='ocr_line' id='line_1_32' title="bbox 410 3183 2404 3270; baseline -0.001 -21"><span class='ocrx_word' id='word_1_429' title='bbox 410 3193 443 3249; x_wconf 91' lang='lat' dir='ltr'><strong>et</strong></span> <span class='ocrx_word' id='word_1_430' title='bbox 465 3184 500 3248; x_wconf 93' lang='lat' dir='ltr'><strong>in</strong></span> <span class='ocrx_word' id='word_1_431' title='bbox 530 3183 665 3251; x_wconf 79' lang='lat' dir='ltr'><strong>Christo</strong></span> <span class='ocrx_word' id='word_1_432' title='bbox 693 3184 955 3269; x_wconf 72' lang='lat' dir='ltr'><strong>recuperandum</strong></span> <span class='ocrx_word' id='word_1_433' title='bbox 973 3187 1171 3268; x_wconf 80' lang='lat' dir='ltr'><strong>pronuntiet</strong></span> <span class='ocrx_word' id='word_1_434' title='bbox 1214 3187 1278 3252; x_wconf 91' lang='lat' dir='ltr'><strong>uod</strong></span> <span class='ocrx_word' id='word_1_435' title='bbox 1301 3187 1382 3252; x_wconf 89' lang='lat' dir='ltr'><strong>ami·</strong></span> <span class='ocrx_word' id='word_1_436' title='bbox 1434 3206 1565 3264; x_wconf 88' lang='lat' dir='ltr'><strong>sensus,</strong></span> <span class='ocrx_word' id='word_1_437' title='bbox 1592 3185 1698 3268; x_wconf 86' lang='lat' dir='ltr'><strong>qualis</strong></span> <span class='ocrx_word' id='word_1_438' title='bbox 1717 3185 1755 3251; x_wconf 90' lang='lat' dir='ltr'><strong>in</strong></span> <span class='ocrx_word' id='word_1_439' title='bbox 1777 3205 1892 3252; x_wconf 85' lang='lat' dir='ltr'><strong>somno</strong></span> <span class='ocrx_word' id='word_1_440' title='bbox 1914 3186 2058 3270; x_wconf 88' lang='lat' dir='ltr'><strong>inquieto</strong></span> <span class='ocrx_word' id='word_1_441' title='bbox 2076 3207 2147 3254; x_wconf 86' lang='lat' dir='ltr'><strong>esse</strong></span> <span class='ocrx_word' id='word_1_442' title='bbox 2169 3187 2260 3253; x_wconf 88' lang='lat' dir='ltr'><strong>solat.</strong></span> <span class='ocrx_word' id='word_1_443' title='bbox 2308 3186 2404 3252; x_wconf 87' lang='lat' dir='ltr'><strong>Nemo</strong></span> 
     </span>
     <span class='ocr_line' id='line_1_33' title="bbox 411 3209 2405 3356; baseline -0.001 -20"><span class='ocrx_word' id='word_1_444' title='bbox 411 3270 514 3336; x_wconf 89' lang='lat' dir='ltr'><strong>simus</strong></span> <span class='ocrx_word' id='word_1_445' title='bbox 535 3269 571 3334; x_wconf 93' lang='lat' dir='ltr'><strong>in</strong></span> <span class='ocrx_word' id='word_1_446' title='bbox 593 3270 717 3336; x_wconf 89' lang='lat' dir='ltr'><strong>Adam:</strong></span> <span class='ocrx_word' id='word_1_447' title='bbox 741 3270 911 3336; x_wconf 86' lang='lat' dir='ltr'><strong>exinanita</strong></span> <span class='ocrx_word' id='word_1_448' title='bbox 935 3272 1025 3337; x_wconf 91' lang='lat' dir='ltr'><strong>omni</strong></span> <span class='ocrx_word' id='word_1_449' title='bbox 1047 3273 1152 3339; x_wconf 85' lang='lat' dir='ltr'><strong>nostri</strong></span> <span class='ocrx_word' id='word_1_450' title='bbox 1174 3209 1301 3351; x_wconf 57' lang='lat' dir='ltr'><strong>fidutia,</strong></span> <span class='ocrx_word' id='word_1_451' title='bbox 1324 3293 1384 3339; x_wconf 88' lang='lat' dir='ltr'><strong>nos</strong></span> <span class='ocrx_word' id='word_1_452' title='bbox 1435 3278 1584 3337; x_wconf 89' lang='lat' dir='ltr'><strong>nostrum</strong></span> <span class='ocrx_word' id='word_1_453' title='bbox 1614 3280 1663 3337; x_wconf 88' lang='lat' dir='ltr'><strong>est</strong></span> <span class='ocrx_word' id='word_1_454' title='bbox 1691 3272 1747 3354; x_wconf 92' lang='lat' dir='ltr'><strong>qui</strong></span> <span class='ocrx_word' id='word_1_455' title='bbox 1777 3291 1844 3336; x_wconf 89' lang='lat' dir='ltr'><strong>non</strong></span> <span class='ocrx_word' id='word_1_456' title='bbox 1872 3271 2005 3338; x_wconf 91' lang='lat' dir='ltr'><strong>illorum</strong></span> <span class='ocrx_word' id='word_1_457' title='bbox 2029 3273 2203 3339; x_wconf 86' lang='lat' dir='ltr'><strong>stultitiam</strong></span> <span class='ocrx_word' id='word_1_458' title='bbox 2226 3270 2335 3338; x_wconf 88' lang='lat' dir='ltr'><strong>rideat</strong></span> <span class='ocrx_word' id='word_1_459' title='bbox 2359 3270 2405 3356; x_wconf 86' lang='lat' dir='ltr'><strong>(ut</strong></span> 
     </span>
     <span class='ocr_line' id='line_1_34' title="bbox 411 3355 2405 3444; baseline -0.001 -21"><span class='ocrx_word' id='word_1_460' title='bbox 411 3355 546 3423; x_wconf 77' lang='lat' dir='ltr'><strong>Christe</strong></span> <span class='ocrx_word' id='word_1_461' title='bbox 588 3376 706 3424; x_wconf 85' lang='lat' dir='ltr'><strong>veouos</strong></span> <span class='ocrx_word' id='word_1_462' title='bbox 744 3357 937 3436; x_wconf 85' lang='lat' dir='ltr'><strong>offeramus,</strong></span> <span class='ocrx_word' id='word_1_463' title='bbox 978 3366 1014 3424; x_wconf 94' lang='lat' dir='ltr'><strong>ut</strong></span> <span class='ocrx_word' id='word_1_464' title='bbox 1053 3359 1121 3424; x_wconf 89' lang='lat' dir='ltr'><strong>suis</strong></span> <span class='ocrx_word' id='word_1_465' title='bbox 1159 3379 1219 3425; x_wconf 86' lang='lat' dir='ltr'><strong>nos</strong></span> <span class='ocrx_word' id='word_1_466' title='bbox 1258 3357 1383 3425; x_wconf 82' lang='lat' dir='ltr'><strong>divitiis</strong></span> <span class='ocrx_word' id='word_1_467' title='bbox 1435 3364 1524 3422; x_wconf 90' lang='lat' dir='ltr'><strong>eerte</strong></span> <span class='ocrx_word' id='word_1_468' title='bbox 1550 3356 1725 3424; x_wconf 89' lang='lat' dir='ltr'><strong>ridioulum</strong></span> <span class='ocrx_word' id='word_1_469' title='bbox 1753 3357 1816 3422; x_wconf 90' lang='lat' dir='ltr'><strong>fuit</strong></span> <span class='ocrx_word' id='word_1_470' title='bbox 1841 3357 1907 3423; x_wconf 87' lang='lat' dir='ltr'><strong>tals</strong></span> <span class='ocrx_word' id='word_1_471' title='bbox 1935 3359 2200 3444; x_wconf 87' lang='lat' dir='ltr'><strong>integumentum</strong></span> <span class='ocrx_word' id='word_1_472' title='bbox 2222 3359 2288 3424; x_wconf 88' lang='lat' dir='ltr'><strong>Dei</strong></span> <span class='ocrx_word' id='word_1_473' title='bbox 2310 3357 2405 3424; x_wconf 85' lang='lat' dir='ltr'><strong>oeulis</strong></span> 
     </span>
     <span class='ocr_line' id='line_1_35' title="bbox 411 3440 2405 3528; baseline 0 -23"><span class='ocrx_word' id='word_1_474' title='bbox 411 3440 556 3526; x_wconf 86' lang='lat' dir='ltr'><strong>impleat.</strong></span> <span class='ocrx_word' id='word_1_475' title='bbox 1435 3441 1619 3528; x_wconf 90' lang='lat' dir='ltr'><strong>opponere).</strong></span> <span class='ocrx_word' id='word_1_476' title='bbox 1670 3442 1804 3508; x_wconf 89' lang='lat' dir='ltr'><strong>Interea</strong></span> <span class='ocrx_word' id='word_1_477' title='bbox 1828 3463 1942 3510; x_wconf 88' lang='lat' dir='ltr'><strong>omnes</strong></span> <span class='ocrx_word' id='word_1_478' title='bbox 1963 3445 2076 3510; x_wconf 90' lang='lat' dir='ltr'><strong>eodem</strong></span> <span class='ocrx_word' id='word_1_479' title='bbox 2102 3444 2293 3512; x_wconf 85' lang='lat' dir='ltr'><strong>laboramus</strong></span> <span class='ocrx_word' id='word_1_480' title='bbox 2315 3444 2405 3509; x_wconf 85' lang='lat' dir='ltr'><strong>vitio:</strong></span> 
     </span>
     <span class='ocr_line' id='line_1_36' title="bbox 498 3526 2405 3614; baseline 0 -22"><span class='ocrx_word' id='word_1_481' title='bbox 498 3528 526 3592; x_wconf 80' lang='grc'><strong>7.</strong></span> <span class='ocrx_word' id='word_1_482' title='bbox 550 3526 594 3592; x_wconf 84' lang='grc' dir='ltr'>Ει</span> <span class='ocrx_word' id='word_1_483' title='bbox 615 3528 716 3610; x_wconf 80' lang='lat' dir='ltr'><strong>aperti</strong></span> <span class='ocrx_word' id='word_1_484' title='bbox 736 3532 810 3594; x_wconf 84' lang='lat' dir='ltr'><strong>suot</strong></span> <span class='ocrx_word' id='word_1_485' title='bbox 837 3528 927 3595; x_wconf 81' lang='lat' dir='ltr'><strong>ocuti.</strong></span> <span class='ocrx_word' id='word_1_486' title='bbox 979 3528 1114 3596; x_wconf 85' lang='lat' dir='ltr'><strong>Velatos</strong></span> <span class='ocrx_word' id='word_1_487' title='bbox 1143 3549 1214 3596; x_wconf 89' lang='lat' dir='ltr'><strong>esee</strong></span> <span class='ocrx_word' id='word_1_488' title='bbox 1241 3533 1384 3614; x_wconf 89' lang='lat' dir='ltr'><strong>oportuit</strong></span> <span class='ocrx_word' id='word_1_489' title='bbox 1436 3549 1514 3593; x_wconf 89' lang='lat' dir='ltr'><strong>nem</strong></span> <span class='ocrx_word' id='word_1_490' title='bbox 1535 3527 1577 3593; x_wconf 93' lang='lat' dir='ltr'><strong>ad</strong></span> <span class='ocrx_word' id='word_1_491' title='bbox 1606 3528 1729 3613; x_wconf 90' lang='lat' dir='ltr'><strong>primes</strong></span> <span class='ocrx_word' id='word_1_492' title='bbox 1751 3529 1969 3596; x_wconf 88' lang='lat' dir='ltr'><strong>oonsuientiee</strong></span> <span class='ocrx_word' id='word_1_493' title='bbox 1990 3530 2186 3614; x_wconf 85' lang='lat' dir='ltr'><strong>panotiones</strong></span> <span class='ocrx_word' id='word_1_494' title='bbox 2207 3529 2405 3614; x_wconf 85' lang='lat' dir='ltr'><strong>trepidemus</strong></span> 
     </span>
     <span class='ocr_line' id='line_1_37' title="bbox 410 3611 2405 3700; baseline -0.001 -22"><span class='ocrx_word' id='word_1_495' title='bbox 410 3611 656 3693; x_wconf 77' lang='lat' dir='ltr'><strong>Heresooulos,</strong></span> <span class='ocrx_word' id='word_1_496' title='bbox 673 3612 774 3680; x_wconf 88' lang='lat' dir='ltr'><strong>donee</strong></span> <span class='ocrx_word' id='word_1_497' title='bbox 792 3613 844 3679; x_wconf 84' lang='lat' dir='ltr'><strong>vir</strong></span> <span class='ocrx_word' id='word_1_498' title='bbox 861 3635 988 3697; x_wconf 90' lang='lat' dir='ltr'><strong>quoque</strong></span> <span class='ocrx_word' id='word_1_499' title='bbox 1005 3614 1159 3697; x_wconf 87' lang='lat' dir='ltr'><strong>deeeptus</strong></span> <span class='ocrx_word' id='word_1_500' title='bbox 1177 3617 1275 3681; x_wconf 86' lang='lat' dir='ltr'><strong>foret:</strong></span> <span class='ocrx_word' id='word_1_501' title='bbox 1296 3637 1384 3683; x_wconf 89' lang='lat' dir='ltr'><strong>nuno</strong></span> <span class='ocrx_word' id='word_1_502' title='bbox 1436 3612 1569 3697; x_wconf 89' lang='lat' dir='ltr'><strong>quidem</strong></span> <span class='ocrx_word' id='word_1_503' title='bbox 1599 3623 1631 3680; x_wconf 89' lang='lat' dir='ltr'><strong>et</strong></span> <span class='ocrx_word' id='word_1_504' title='bbox 1659 3613 1782 3698; x_wconf 88' lang='lat' dir='ltr'><strong>pudore</strong></span> <span class='ocrx_word' id='word_1_505' title='bbox 1811 3614 1988 3682; x_wconf 86' lang='lat' dir='ltr'><strong>affioimur:</strong></span> <span class='ocrx_word' id='word_1_506' title='bbox 2017 3616 2075 3682; x_wconf 87' lang='lat' dir='ltr'><strong>sod</strong></span> <span class='ocrx_word' id='word_1_507' title='bbox 2103 3617 2255 3700; x_wconf 86' lang='lat' dir='ltr'><strong>protinus</strong></span> <span class='ocrx_word' id='word_1_508' title='bbox 2285 3613 2405 3698; x_wconf 90' lang='lat' dir='ltr'><strong>obrepit</strong></span> 
     </span>
     <span class='ocr_line' id='line_1_38' title="bbox 411 3698 2405 3786; baseline 0.001 -22"><span class='ocrx_word' id='word_1_509' title='bbox 411 3699 507 3764; x_wconf 87' lang='lat' dir='ltr'><strong>ambo</strong></span> <span class='ocrx_word' id='word_1_510' title='bbox 534 3699 671 3765; x_wconf 85' lang='lat' dir='ltr'><strong>infausti</strong></span> <span class='ocrx_word' id='word_1_511' title='bbox 700 3719 878 3766; x_wconf 88' lang='lat' dir='ltr'><strong>eonsensus</strong></span> <span class='ocrx_word' id='word_1_512' title='bbox 906 3700 1036 3767; x_wconf 84' lang='lat' dir='ltr'><strong>vineulo</strong></span> <span class='ocrx_word' id='word_1_513' title='bbox 1065 3701 1188 3784; x_wconf 90' lang='lat' dir='ltr'><strong>pariter</strong></span> <span class='ocrx_word' id='word_1_514' title='bbox 1216 3701 1384 3768; x_wconf 87' lang='lat' dir='ltr'><strong>oonstrioti</strong></span> <span class='ocrx_word' id='word_1_515' title='bbox 1437 3698 1645 3786; x_wconf 88' lang='lat' dir='ltr'><strong>indulgentia</strong></span> <span class='ocrx_word' id='word_1_516' title='bbox 1673 3720 1756 3784; x_wconf 90' lang='lat' dir='ltr'><strong>quae</strong></span> <span class='ocrx_word' id='word_1_517' title='bbox 1784 3722 1843 3767; x_wconf 88' lang='lat' dir='ltr'><strong>nos</strong></span> <span class='ocrx_word' id='word_1_518' title='bbox 1871 3699 1995 3767; x_wconf 92' lang='lat' dir='ltr'><strong>induoit</strong></span> <span class='ocrx_word' id='word_1_519' title='bbox 2025 3700 2067 3767; x_wconf 88' lang='lat' dir='ltr'><strong>ed</strong></span> <span class='ocrx_word' id='word_1_520' title='bbox 2094 3701 2230 3768; x_wconf 85' lang='lat' dir='ltr'><strong>frivolas</strong></span> <span class='ocrx_word' id='word_1_521' title='bbox 2260 3701 2405 3784; x_wconf 84' lang='lat' dir='ltr'><strong>ineptius,</strong></span> 
     </span>
     <span class='ocr_line' id='line_1_39' title="bbox 411 3783 2405 3870; baseline 0.001 -21"><span class='ocrx_word' id='word_1_522' title='bbox 411 3784 536 3851; x_wconf 89' lang='lat' dir='ltr'><strong>malum</strong></span> <span class='ocrx_word' id='word_1_523' title='bbox 562 3805 660 3851; x_wconf 93' lang='lat' dir='ltr'><strong>suum</strong></span> <span class='ocrx_word' id='word_1_524' title='bbox 688 3786 810 3851; x_wconf 88' lang='lat' dir='ltr'><strong>sentire</strong></span> <span class='ocrx_word' id='word_1_525' title='bbox 832 3785 1008 3868; x_wconf 83' lang='lat' dir='ltr'><strong>insipient:</strong></span> <span class='ocrx_word' id='word_1_526' title='bbox 1031 3807 1216 3870; x_wconf 86' lang='lat' dir='ltr'><strong>quenquam</strong></span> <span class='ocrx_word' id='word_1_527' title='bbox 1239 3787 1382 3853; x_wconf 91' lang='lat' dir='ltr'><strong>nondum</strong></span> <span class='ocrx_word' id='word_1_528' title='bbox 1436 3785 1533 3870; x_wconf 87' lang='lat' dir='ltr'><strong>quesi</strong></span> <span class='ocrx_word' id='word_1_529' title='bbox 1573 3795 1760 3870; x_wconf 88' lang='lat' dir='ltr'><strong>promptum</strong></span> <span class='ocrx_word' id='word_1_530' title='bbox 1793 3787 1836 3852; x_wconf 88' lang='lat' dir='ltr'><strong>sit</strong></span> <span class='ocrx_word' id='word_1_531' title='bbox 1869 3785 1941 3852; x_wconf 91' lang='lat' dir='ltr'><strong>Deo</strong></span> <span class='ocrx_word' id='word_1_532' title='bbox 1980 3785 2128 3853; x_wconf 89' lang='lat' dir='ltr'><strong>illudere.</strong></span> <span class='ocrx_word' id='word_1_533' title='bbox 2191 3787 2309 3870; x_wconf 87' lang='lat' dir='ltr'><strong>ltaque</strong></span> <span class='ocrx_word' id='word_1_534' title='bbox 2347 3783 2405 3850; x_wconf 90' lang='lat' dir='ltr'><strong>nisi</strong></span> 
     </span>
     <span class='ocr_line' id='line_1_40' title="bbox 411 3870 2484 3958; baseline -0.002 -22"><span class='ocrx_word' id='word_1_535' title='bbox 411 3871 497 3936; x_wconf 89' lang='lat' dir='ltr'><strong>seria</strong></span> <span class='ocrx_word' id='word_1_536' title='bbox 513 3870 627 3954; x_wconf 86' lang='lat' dir='ltr'><strong>eulpae</strong></span> <span class='ocrx_word' id='word_1_537' title='bbox 651 3891 730 3936; x_wconf 86' lang='lat' dir='ltr'><strong>suae</strong></span> <span class='ocrx_word' id='word_1_538' title='bbox 754 3870 869 3936; x_wconf 89' lang='lat' dir='ltr'><strong>notitia</strong></span> <span class='ocrx_word' id='word_1_539' title='bbox 888 3879 1077 3956; x_wconf 88' lang='lat' dir='ltr'><strong>tanguntur.</strong></span> <span class='ocrx_word' id='word_1_540' title='bbox 1112 3872 1221 3938; x_wconf 85' lang='lat' dir='ltr'><strong>Pudet</strong></span> <span class='ocrx_word' id='word_1_541' title='bbox 1231 3893 1287 3939; x_wconf 86' lang='lat' dir='ltr'><strong>eos</strong></span> <span class='ocrx_word' id='word_1_542' title='bbox 1305 3893 1385 3939; x_wconf 88' lang='lat' dir='ltr'><strong>suae</strong></span> <span class='ocrx_word' id='word_1_543' title='bbox 1436 3871 1541 3955; x_wconf 86' lang='lat' dir='ltr'><strong>magis</strong></span> <span class='ocrx_word' id='word_1_544' title='bbox 1559 3873 1726 3955; x_wconf 84' lang='lat' dir='ltr'><strong>promatur</strong></span> <span class='ocrx_word' id='word_1_545' title='bbox 1743 3872 1950 3950; x_wconf 87' lang='lat' dir='ltr'><strong>eonseisntia‚</strong></span> <span class='ocrx_word' id='word_1_546' title='bbox 1969 3873 2082 3938; x_wconf 89' lang='lat' dir='ltr'><strong>nulius</strong></span> <span class='ocrx_word' id='word_1_547' title='bbox 2100 3881 2150 3939; x_wconf 87' lang='lat' dir='ltr'><strong>est</strong></span> <span class='ocrx_word' id='word_1_548' title='bbox 2168 3879 2235 3937; x_wconf 85' lang='lat' dir='ltr'><strong>tam</strong></span> <span class='ocrx_word' id='word_1_549' title='bbox 2254 3871 2361 3938; x_wconf 86' lang='lat' dir='ltr'><strong>inanis</strong></span> <span class='ocrx_word' id='word_1_550' title='bbox 2377 3878 2406 3934; x_wconf 88' lang='lat' dir='ltr'><strong>et</strong></span> <span class='ocrx_word' id='word_1_551' title='bbox 2483 3951 2484 3958; x_wconf 6' lang='grc' dir='ltr'>ἵ</span> 
     </span>
     <span class='ocr_line' id='line_1_41' title="bbox 411 3955 2406 4042; baseline -0.001 -23"><span class='ocrx_word' id='word_1_552' title='bbox 411 3955 585 4023; x_wconf 86' lang='lat' dir='ltr'><strong>nuditatis:</strong></span> <span class='ocrx_word' id='word_1_553' title='bbox 613 3956 753 4023; x_wconf 70' lang='lat' dir='ltr'><strong>oonuoti</strong></span> <span class='ocrx_word' id='word_1_554' title='bbox 782 3963 894 4022; x_wconf 88' lang='lat' dir='ltr'><strong>tumen</strong></span> <span class='ocrx_word' id='word_1_555' title='bbox 919 3979 985 4023; x_wconf 91' lang='lat' dir='ltr'><strong>non</strong></span> <span class='ocrx_word' id='word_1_556' title='bbox 1014 3977 1049 4022; x_wconf 89' lang='lat' dir='ltr'><strong>se</strong></span> <span class='ocrx_word' id='word_1_557' title='bbox 1077 3955 1255 4024; x_wconf 90' lang='lat' dir='ltr'><strong>humiliant</strong></span> <span class='ocrx_word' id='word_1_558' title='bbox 1276 3979 1385 4026; x_wconf 89' lang='lat' dir='ltr'><strong>eorem</strong></span> <span class='ocrx_word' id='word_1_559' title='bbox 1436 3958 1545 4022; x_wconf 86' lang='lat' dir='ltr'><strong>fluxus</strong></span> <span class='ocrx_word' id='word_1_560' title='bbox 1566 3957 1784 4024; x_wconf 86' lang='lat' dir='ltr'><strong>exeusationia</strong></span> <span class='ocrx_word' id='word_1_561' title='bbox 1805 3957 1903 4037; x_wconf 91' lang='lat' dir='ltr'><strong>oolor,</strong></span> <span class='ocrx_word' id='word_1_562' title='bbox 1926 3958 1962 4024; x_wconf 92' lang='lat' dir='ltr'><strong>in</strong></span> <span class='ocrx_word' id='word_1_563' title='bbox 1983 3979 2047 4041; x_wconf 92' lang='lat' dir='ltr'><strong>quo</strong></span> <span class='ocrx_word' id='word_1_564' title='bbox 2069 3979 2136 4024; x_wconf 91' lang='lat' dir='ltr'><strong>uon</strong></span> <span class='ocrx_word' id='word_1_565' title='bbox 2154 3958 2406 4042; x_wconf 86' lang='lat' dir='ltr'><strong>eequissoamus:</strong></span> 
     </span>
     <span class='ocr_line' id='line_1_42' title="bbox 410 4040 2406 4127; baseline 0.001 -23"><span class='ocrx_word' id='word_1_566' title='bbox 410 4040 500 4120; x_wconf 90' lang='lat' dir='ltr'><strong>Deo,</strong></span> <span class='ocrx_word' id='word_1_567' title='bbox 530 4062 596 4107; x_wconf 92' lang='lat' dir='ltr'><strong>non</strong></span> <span class='ocrx_word' id='word_1_568' title='bbox 626 4048 777 4107; x_wconf 88' lang='lat' dir='ltr'><strong>metuunt</strong></span> <span class='ocrx_word' id='word_1_569' title='bbox 805 4043 875 4108; x_wconf 91' lang='lat' dir='ltr'><strong>eius</strong></span> <span class='ocrx_word' id='word_1_570' title='bbox 902 4042 1057 4108; x_wconf 92' lang='lat' dir='ltr'><strong>iudieium</strong></span> <span class='ocrx_word' id='word_1_571' title='bbox 1083 4051 1120 4108; x_wconf 91' lang='lat' dir='ltr'><strong>ut</strong></span> <span class='ocrx_word' id='word_1_572' title='bbox 1143 4042 1287 4124; x_wconf 81' lang='lat' dir='ltr'><strong>deseret,</strong></span> <span class='ocrx_word' id='word_1_573' title='bbox 1317 4045 1384 4110; x_wconf 91' lang='lat' dir='ltr'><strong>imo</strong></span> <span class='ocrx_word' id='word_1_574' title='bbox 1436 4042 1551 4109; x_wconf 89' lang='lat' dir='ltr'><strong>imosi</strong></span> <span class='ocrx_word' id='word_1_575' title='bbox 1580 4042 1692 4109; x_wconf 91' lang='lat' dir='ltr'><strong>nullus</strong></span> <span class='ocrx_word' id='word_1_576' title='bbox 1710 4042 1804 4110; x_wconf 85' lang='lat' dir='ltr'><strong>fusus</strong></span> <span class='ocrx_word' id='word_1_577' title='bbox 1825 4053 1993 4127; x_wconf 87' lang='lat' dir='ltr'><strong>suppetat,</strong></span> <span class='ocrx_word' id='word_1_578' title='bbox 2015 4044 2155 4110; x_wconf 84' lang='lat' dir='ltr'><strong>faeimus</strong></span> <span class='ocrx_word' id='word_1_579' title='bbox 2187 4055 2300 4108; x_wconf 87' lang='lat' dir='ltr'><strong>tamen</strong></span> <span class='ocrx_word' id='word_1_580' title='bbox 2322 4042 2406 4106; x_wconf 91' lang='lat' dir='ltr'><strong>nobis</strong></span> 
     </span>
     <span class='ocr_line' id='line_1_43' title="bbox 412 4127 2407 4214; baseline 0 -22"><span class='ocrx_word' id='word_1_581' title='bbox 412 4127 624 4210; x_wconf 84' lang='lat' dir='ltr'><strong>tergiversari</strong></span> <span class='ocrx_word' id='word_1_582' title='bbox 648 4149 714 4193; x_wconf 91' lang='lat' dir='ltr'><strong>non</strong></span> <span class='ocrx_word' id='word_1_583' title='bbox 744 4127 907 4194; x_wconf 87' lang='lat' dir='ltr'><strong>desinunt.</strong></span> <span class='ocrx_word' id='word_1_584' title='bbox 959 4129 1021 4194; x_wconf 78' lang='lat' dir='ltr'><strong>Est</strong></span> <span class='ocrx_word' id='word_1_585' title='bbox 1049 4135 1160 4195; x_wconf 90' lang='lat' dir='ltr'><strong>temen</strong></span> <span class='ocrx_word' id='word_1_586' title='bbox 1191 4129 1244 4195; x_wconf 88' lang='lat' dir='ltr'><strong>hio</strong></span> <span class='ocrx_word' id='word_1_587' title='bbox 1265 4130 1384 4214; x_wconf 86' lang='lat' dir='ltr'><strong>aliquis</strong></span> <span class='ocrx_word' id='word_1_588' title='bbox 1436 4127 1580 4208; x_wconf 87' lang='lat' dir='ltr'><strong>delitias,</strong></span> <span class='ocrx_word' id='word_1_589' title='bbox 1610 4139 1644 4194; x_wconf 86' lang='lat' dir='ltr'><strong>et</strong></span> <span class='ocrx_word' id='word_1_590' title='bbox 1672 4127 1772 4194; x_wconf 91' lang='lat' dir='ltr'><strong>tridui</strong></span> <span class='ocrx_word' id='word_1_591' title='bbox 1798 4129 1960 4196; x_wconf 87' lang='lat' dir='ltr'><strong>oblivione</strong></span> <span class='ocrx_word' id='word_1_592' title='bbox 1982 4139 2135 4213; x_wconf 87' lang='lat' dir='ltr'><strong>putemus</strong></span> <span class='ocrx_word' id='word_1_593' title='bbox 2157 4149 2216 4195; x_wconf 89' lang='lat' dir='ltr'><strong>nos</strong></span> <span class='ocrx_word' id='word_1_594' title='bbox 2240 4131 2324 4195; x_wconf 89' lang='lat' dir='ltr'><strong>bene</strong></span> <span class='ocrx_word' id='word_1_595' title='bbox 2345 4147 2407 4192; x_wconf 87' lang='lat' dir='ltr'><strong>esse</strong></span> 
     </span>
     <span class='ocr_line' id='line_1_44' title="bbox 411 4211 2407 4300; baseline -0.001 -22"><span class='ocrx_word' id='word_1_596' title='bbox 411 4213 590 4297; x_wconf 83' lang='lat' dir='ltr'><strong>profestos,</strong></span> <span class='ocrx_word' id='word_1_597' title='bbox 620 4211 705 4296; x_wconf 89' lang='lat' dir='ltr'><strong>quod</strong></span> <span class='ocrx_word' id='word_1_598' title='bbox 734 4234 834 4295; x_wconf 90' lang='lat' dir='ltr'><strong>quum</strong></span> <span class='ocrx_word' id='word_1_599' title='bbox 863 4234 969 4297; x_wconf 87' lang='lat' dir='ltr'><strong>nuper</strong></span> <span class='ocrx_word' id='word_1_600' title='bbox 995 4215 1120 4280; x_wconf 88' lang='lat' dir='ltr'><strong>eoelum</strong></span> <span class='ocrx_word' id='word_1_601' title='bbox 1141 4215 1248 4280; x_wconf 84' lang='lat' dir='ltr'><strong>instar</strong></span> <span class='ocrx_word' id='word_1_602' title='bbox 1269 4217 1384 4300; x_wconf 89' lang='lat' dir='ltr'><strong>gigan·</strong></span> <span class='ocrx_word' id='word_1_603' title='bbox 1438 4223 1549 4281; x_wconf 84' lang='lat' dir='ltr'><strong>testes.</strong></span> <span class='ocrx_word' id='word_1_604' title='bbox 1601 4213 1642 4279; x_wconf 91' lang='lat' dir='ltr'><strong>In</strong></span> <span class='ocrx_word' id='word_1_605' title='bbox 1672 4235 1817 4295; x_wconf 90' lang='lat' dir='ltr'><strong>summe,</strong></span> <span class='ocrx_word' id='word_1_606' title='bbox 1848 4213 2043 4282; x_wconf 87' lang='lat' dir='ltr'><strong>deseribitur</strong></span> <span class='ocrx_word' id='word_1_607' title='bbox 2067 4215 2121 4282; x_wconf 88' lang='lat' dir='ltr'><strong>bie</strong></span> <span class='ocrx_word' id='word_1_608' title='bbox 2140 4235 2160 4280; x_wconf 90' lang='lat' dir='ltr'><strong>a</strong></span> <span class='ocrx_word' id='word_1_609' title='bbox 2179 4215 2273 4281; x_wconf 83' lang='lat' dir='ltr'><strong>Mose</strong></span> <span class='ocrx_word' id='word_1_610' title='bbox 2297 4211 2407 4298; x_wconf 81' lang='lat' dir='ltr'><strong>frigida</strong></span> 
     </span>
     <span class='ocr_line' id='line_1_45' title="bbox 412 4298 2406 4386; baseline -0.002 -24"><span class='ocrx_word' id='word_1_611' title='bbox 412 4307 483 4364; x_wconf 90' lang='lat' dir='ltr'><strong>tum</strong></span> <span class='ocrx_word' id='word_1_612' title='bbox 513 4298 723 4382; x_wconf 86' lang='lat' dir='ltr'><strong>impeterent,</strong></span> <span class='ocrx_word' id='word_1_613' title='bbox 753 4319 839 4365; x_wconf 80' lang='lat' dir='ltr'><strong>urina</strong></span> <span class='ocrx_word' id='word_1_614' title='bbox 867 4299 1066 4383; x_wconf 87' lang='lat' dir='ltr'><strong>ignominiae</strong></span> <span class='ocrx_word' id='word_1_615' title='bbox 1088 4321 1166 4366; x_wconf 89' lang='lat' dir='ltr'><strong>suae</strong></span> <span class='ocrx_word' id='word_1_616' title='bbox 1189 4320 1290 4366; x_wconf 89' lang='lat' dir='ltr'><strong>sensu</strong></span> <span class='ocrx_word' id='word_1_617' title='bbox 1307 4321 1384 4368; x_wconf 87' lang='lat' dir='ltr'><strong>oon·</strong></span> <span class='ocrx_word' id='word_1_618' title='bbox 1437 4309 1471 4365; x_wconf 89' lang='lat' dir='ltr'><strong>et</strong></span> <span class='ocrx_word' id='word_1_619' title='bbox 1491 4299 1707 4366; x_wconf 75' lang='lat' dir='ltr'><strong>&#39;semimortua</strong></span> <span class='ocrx_word' id='word_1_620' title='bbox 1731 4300 1854 4384; x_wconf 89' lang='lat' dir='ltr'><strong>peooati</strong></span> <span class='ocrx_word' id='word_1_621' title='bbox 1882 4301 2044 4386; x_wconf 89' lang='lat' dir='ltr'><strong>eognitio,</strong></span> <span class='ocrx_word' id='word_1_622' title='bbox 2067 4300 2172 4385; x_wconf 83' lang='lat' dir='ltr'><strong>qualis</strong></span> <span class='ocrx_word' id='word_1_623' title='bbox 2194 4302 2344 4385; x_wconf 86' lang='lat' dir='ltr'><strong>ingenita</strong></span> <span class='ocrx_word' id='word_1_624' title='bbox 2364 4306 2406 4362; x_wconf 86' lang='lat' dir='ltr'><strong>est</strong></span> 
     </span>
     <span class='ocr_line' id='line_1_46' title="bbox 411 4383 2483 4468; baseline 0 -18"><span class='ocrx_word' id='word_1_625' title='bbox 411 4384 479 4450; x_wconf 83' lang='lat' dir='ltr'><strong>iusi</strong></span> <span class='ocrx_word' id='word_1_626' title='bbox 515 4385 556 4449; x_wconf 87' lang='lat' dir='ltr'><strong>ed</strong></span> <span class='ocrx_word' id='word_1_627' title='bbox 584 4383 726 4450; x_wconf 83' lang='lat' dir='ltr'><strong>latebras</strong></span> <span class='ocrx_word' id='word_1_628' title='bbox 755 4384 894 4468; x_wconf 84' lang='lat' dir='ltr'><strong>fugiunt.</strong></span> <span class='ocrx_word' id='word_1_629' title='bbox 938 4388 1049 4468; x_wconf 88' lang='lat' dir='ltr'><strong>Atque</strong></span> <span class='ocrx_word' id='word_1_630' title='bbox 1074 4386 1140 4450; x_wconf 87' lang='lat' dir='ltr'><strong>ista</strong></span> <span class='ocrx_word' id='word_1_631' title='bbox 1159 4385 1291 4468; x_wconf 92' lang='lat' dir='ltr'><strong>quidem</strong></span> <span class='ocrx_word' id='word_1_632' title='bbox 1308 4406 1384 4452; x_wconf 88' lang='lat' dir='ltr'><strong>oou·</strong></span> <span class='ocrx_word' id='word_1_633' title='bbox 1437 4386 1602 4452; x_wconf 88' lang='lat' dir='ltr'><strong>mentibus</strong></span> <span class='ocrx_word' id='word_1_634' title='bbox 1642 4384 1829 4464; x_wconf 92' lang='lat' dir='ltr'><strong>bominum,</strong></span> <span class='ocrx_word' id='word_1_635' title='bbox 1870 4398 1909 4451; x_wconf 90' lang='lat' dir='ltr'><strong>ut</strong></span> <span class='ocrx_word' id='word_1_636' title='bbox 1947 4385 2126 4452; x_wconf 88' lang='lat' dir='ltr'><strong>reddantur</strong></span> <span class='ocrx_word' id='word_1_637' title='bbox 2162 4385 2404 4453; x_wconf 84' lang='lat' dir='ltr'><strong>inexsusebiles</strong></span> <span class='ocrx_word' id='word_1_638' title='bbox 2482 4401 2483 4464; x_wconf 37' lang='grc' dir='ltr'>ζ</span> 
     </span>
     <span class='ocr_line' id='line_1_47' title="bbox 410 4468 2483 4555; baseline 0 -21"><span class='ocrx_word' id='word_1_639' title='bbox 410 4471 518 4536; x_wconf 91' lang='lat' dir='ltr'><strong>lorum</strong></span> <span class='ocrx_word' id='word_1_640' title='bbox 547 4470 671 4553; x_wconf 86' lang='lat' dir='ltr'><strong>apertio</strong></span> <span class='ocrx_word' id='word_1_641' title='bbox 697 4471 734 4534; x_wconf 94' lang='lat' dir='ltr'><strong>in</strong></span> <span class='ocrx_word' id='word_1_642' title='bbox 760 4470 875 4552; x_wconf 92' lang='lat' dir='ltr'><strong>primis</strong></span> <span class='ocrx_word' id='word_1_643' title='bbox 896 4471 1099 4550; x_wconf 86' lang='lat' dir='ltr'><strong>hominibus,</strong></span> <span class='ocrx_word' id='word_1_644' title='bbox 1124 4468 1166 4536; x_wconf 87' lang='lat' dir='ltr'><strong>ad</strong></span> <span class='ocrx_word' id='word_1_645' title='bbox 1187 4472 1384 4538; x_wconf 79' lang='lat' dir='ltr'><strong>cernendam</strong></span> <span class='ocrx_word' id='word_1_646' title='bbox 1437 4469 1561 4553; x_wconf 75' lang='lat' dir='ltr'><strong>Quaeri</strong></span> <span class='ocrx_word' id='word_1_647' title='bbox 1580 4485 1689 4537; x_wconf 89' lang='lat' dir='ltr'><strong>tamen</strong></span> <span class='ocrx_word' id='word_1_648' title='bbox 1707 4479 1821 4553; x_wconf 89' lang='lat' dir='ltr'><strong>potest,</strong></span> <span class='ocrx_word' id='word_1_649' title='bbox 1840 4471 1869 4536; x_wconf 88' lang='lat' dir='ltr'><strong>si</strong></span> <span class='ocrx_word' id='word_1_650' title='bbox 1890 4480 1960 4538; x_wconf 86' lang='lat' dir='ltr'><strong>tota</strong></span> <span class='ocrx_word' id='word_1_651' title='bbox 1976 4481 2096 4538; x_wconf 88' lang='lat' dir='ltr'><strong>natura</strong></span> <span class='ocrx_word' id='word_1_652' title='bbox 2117 4473 2241 4555; x_wconf 88' lang='lat' dir='ltr'><strong>peeeeti</strong></span> <span class='ocrx_word' id='word_1_653' title='bbox 2262 4472 2405 4538; x_wconf 86' lang='lat' dir='ltr'><strong>sordibus</strong></span> <span class='ocrx_word' id='word_1_654' title='bbox 2482 4485 2483 4500; x_wconf 62' lang='lat'>¹</span> 
     </span>
     <span class='ocr_line' id='line_1_48' title="bbox 412 4553 2404 4642; baseline -0.002 -20"><span class='ocrx_word' id='word_1_655' title='bbox 412 4576 507 4622; x_wconf 85' lang='lat' dir='ltr'><strong>suem</strong></span> <span class='ocrx_word' id='word_1_656' title='bbox 536 4553 784 4638; x_wconf 89' lang='lat' dir='ltr'><strong>turpitudinem,</strong></span> <span class='ocrx_word' id='word_1_657' title='bbox 812 4555 898 4621; x_wconf 88' lang='lat' dir='ltr'><strong>elare</strong></span> <span class='ocrx_word' id='word_1_658' title='bbox 932 4555 1135 4623; x_wconf 87' lang='lat' dir='ltr'><strong>demonstret</strong></span> <span class='ocrx_word' id='word_1_659' title='bbox 1166 4577 1226 4624; x_wconf 88' lang='lat' dir='ltr'><strong>suo</strong></span> <span class='ocrx_word' id='word_1_660' title='bbox 1257 4577 1384 4642; x_wconf 90' lang='lat' dir='ltr'><strong>quoque</strong></span> <span class='ocrx_word' id='word_1_661' title='bbox 1436 4555 1558 4622; x_wconf 79' lang='lat' dir='ltr'><strong>intaeta</strong></span> <span class='ocrx_word' id='word_1_662' title='bbox 1574 4565 1633 4635; x_wconf 90' lang='lat' dir='ltr'><strong>est,</strong></span> <span class='ocrx_word' id='word_1_663' title='bbox 1657 4578 1716 4624; x_wconf 87' lang='lat' dir='ltr'><strong>eur</strong></span> <span class='ocrx_word' id='word_1_664' title='bbox 1733 4567 1862 4623; x_wconf 88' lang='lat' dir='ltr'><strong>tentum</strong></span> <span class='ocrx_word' id='word_1_665' title='bbox 1880 4579 1946 4626; x_wconf 90' lang='lat' dir='ltr'><strong>una</strong></span> <span class='ocrx_word' id='word_1_666' title='bbox 1967 4559 2003 4622; x_wconf 92' lang='lat' dir='ltr'><strong>in</strong></span> <span class='ocrx_word' id='word_1_667' title='bbox 2025 4567 2118 4641; x_wconf 90' lang='lat' dir='ltr'><strong>parte</strong></span> <span class='ocrx_word' id='word_1_668' title='bbox 2139 4559 2286 4642; x_wconf 87' lang='lat' dir='ltr'><strong>eorporis</strong></span> <span class='ocrx_word' id='word_1_669' title='bbox 2309 4557 2404 4623; x_wconf 82' lang='lat' dir='ltr'><strong>defor-</strong></span> 
     </span>
     <span class='ocr_line' id='line_1_49' title="bbox 412 4639 2404 4727; baseline -0.001 -20"><span class='ocrx_word' id='word_1_670' title='bbox 412 4641 531 4707; x_wconf 89' lang='lat' dir='ltr'><strong>indieio</strong></span> <span class='ocrx_word' id='word_1_671' title='bbox 559 4641 659 4707; x_wconf 84' lang='lat' dir='ltr'><strong>fuisse</strong></span> <span class='ocrx_word' id='word_1_672' title='bbox 688 4639 868 4708; x_wconf 86' lang='lat' dir='ltr'><strong>damnatos.</strong></span> <span class='ocrx_word' id='word_1_673' title='bbox 913 4641 1067 4708; x_wconf 89' lang='lat' dir='ltr'><strong>Nondum</strong></span> <span class='ocrx_word' id='word_1_674' title='bbox 1096 4643 1200 4708; x_wconf 88' lang='lat' dir='ltr'><strong>vooeti</strong></span> <span class='ocrx_word' id='word_1_675' title='bbox 1233 4653 1312 4709; x_wconf 90' lang='lat' dir='ltr'><strong>sunt</strong></span> <span class='ocrx_word' id='word_1_676' title='bbox 1344 4642 1385 4710; x_wconf 89' lang='lat' dir='ltr'><strong>ad</strong></span> <span class='ocrx_word' id='word_1_677' title='bbox 1437 4643 1535 4708; x_wconf 87' lang='lat' dir='ltr'><strong>mitae</strong></span> <span class='ocrx_word' id='word_1_678' title='bbox 1577 4650 1740 4727; x_wconf 88' lang='lat' dir='ltr'><strong>appareat.</strong></span> <span class='ocrx_word' id='word_1_679' title='bbox 1794 4642 1910 4725; x_wconf 86' lang='lat' dir='ltr'><strong>Neque</strong></span> <span class='ocrx_word' id='word_1_680' title='bbox 1944 4645 2032 4709; x_wconf 92' lang='lat' dir='ltr'><strong>enim</strong></span> <span class='ocrx_word' id='word_1_681' title='bbox 2065 4644 2179 4710; x_wconf 80' lang='lat' dir='ltr'><strong>faeiem</strong></span> <span class='ocrx_word' id='word_1_682' title='bbox 2215 4643 2269 4710; x_wconf 85' lang='lat' dir='ltr'><strong>vel</strong></span> <span class='ocrx_word' id='word_1_683' title='bbox 2300 4651 2404 4726; x_wconf 90' lang='lat' dir='ltr'><strong>peetus</strong></span> 
     </span>
     <span class='ocr_line' id='line_1_50' title="bbox 413 4726 2403 4813; baseline -0.002 -20"><span class='ocrx_word' id='word_1_684' title='bbox 413 4728 476 4793; x_wconf 93' lang='lat' dir='ltr'><strong>Dei</strong></span> <span class='ocrx_word' id='word_1_685' title='bbox 499 4726 653 4805; x_wconf 89' lang='lat' dir='ltr'><strong>tribunal,</strong></span> <span class='ocrx_word' id='word_1_686' title='bbox 675 4726 784 4792; x_wconf 91' lang='lat' dir='ltr'><strong>nullus</strong></span> <span class='ocrx_word' id='word_1_687' title='bbox 802 4727 924 4810; x_wconf 90' lang='lat' dir='ltr'><strong>estqui</strong></span> <span class='ocrx_word' id='word_1_688' title='bbox 942 4747 998 4793; x_wconf 88' lang='lat' dir='ltr'><strong>eos</strong></span> <span class='ocrx_word' id='word_1_689' title='bbox 1016 4736 1145 4813; x_wconf 89' lang='lat' dir='ltr'><strong>urgeat:</strong></span> <span class='ocrx_word' id='word_1_690' title='bbox 1164 4749 1248 4812; x_wconf 87' lang='lat' dir='ltr'><strong>ques</strong></span> <span class='ocrx_word' id='word_1_691' title='bbox 1269 4737 1385 4812; x_wconf 88' lang='lat' dir='ltr'><strong>sponte</strong></span> <span class='ocrx_word' id='word_1_692' title='bbox 1437 4728 1588 4812; x_wconf 90' lang='lat' dir='ltr'><strong>operiunt</strong></span> <span class='ocrx_word' id='word_1_693' title='bbox 1609 4727 1716 4795; x_wconf 88' lang='lat' dir='ltr'><strong>Adam</strong></span> <span class='ocrx_word' id='word_1_694' title='bbox 1738 4735 1781 4798; x_wconf 80' lang='lat' dir='ltr'><strong>et</strong></span> <span class='ocrx_word' id='word_1_695' title='bbox 1789 4727 1900 4797; x_wconf 87' lang='lat' dir='ltr'><strong>Heva:</strong></span> <span class='ocrx_word' id='word_1_696' title='bbox 1927 4728 1984 4795; x_wconf 91' lang='lat' dir='ltr'><strong>sed</strong></span> <span class='ocrx_word' id='word_1_697' title='bbox 2005 4737 2133 4796; x_wconf 91' lang='lat' dir='ltr'><strong>tantum</strong></span> <span class='ocrx_word' id='word_1_698' title='bbox 2152 4728 2307 4812; x_wconf 89' lang='lat' dir='ltr'><strong>pudende</strong></span> <span class='ocrx_word' id='word_1_699' title='bbox 2329 4745 2403 4812; x_wconf 87' lang='lat' dir='ltr'><strong>quae</strong></span> 
     </span>
     <span class='ocr_line' id='line_1_51' title="bbox 414 4812 2482 4897; baseline -0.002 -19"><span class='ocrx_word' id='word_1_700' title='bbox 414 4812 501 4878; x_wconf 92' lang='lat' dir='ltr'><strong>subit</strong></span> <span class='ocrx_word' id='word_1_701' title='bbox 531 4812 744 4890; x_wconf 77' lang='lat' dir='ltr'><strong>verecundie,</strong></span> <span class='ocrx_word' id='word_1_702' title='bbox 778 4833 888 4878; x_wconf 87' lang='lat' dir='ltr'><strong>ennon</strong></span> <span class='ocrx_word' id='word_1_703' title='bbox 921 4821 1046 4879; x_wconf 88' lang='lat' dir='ltr'><strong>eertum</strong></span> <span class='ocrx_word' id='word_1_704' title='bbox 1084 4813 1198 4897; x_wconf 87' lang='lat' dir='ltr'><strong>eulpae</strong></span> <span class='ocrx_word' id='word_1_705' title='bbox 1229 4813 1384 4882; x_wconf 91' lang='lat' dir='ltr'><strong>indioium</strong></span> <span class='ocrx_word' id='word_1_706' title='bbox 1438 4834 1599 4880; x_wconf 79' lang='lat' dir='ltr'><strong>voremus.</strong></span> <span class='ocrx_word' id='word_1_707' title='bbox 1650 4815 1723 4880; x_wconf 87' lang='lat' dir='ltr'><strong>Heu</strong></span> <span class='ocrx_word' id='word_1_708' title='bbox 1739 4814 1908 4882; x_wconf 90' lang='lat' dir='ltr'><strong>ooeasione</strong></span> <span class='ocrx_word' id='word_1_709' title='bbox 1951 4817 2073 4882; x_wconf 81' lang='lat' dir='ltr'><strong>laetum</strong></span> <span class='ocrx_word' id='word_1_710' title='bbox 2110 4835 2180 4882; x_wconf 89' lang='lat' dir='ltr'><strong>osse</strong></span> <span class='ocrx_word' id='word_1_711' title='bbox 2213 4814 2355 4882; x_wconf 89' lang='lat' dir='ltr'><strong>arbitror</strong></span> <span class='ocrx_word' id='word_1_712' title='bbox 2374 4827 2403 4875; x_wconf 86' lang='lat' dir='ltr'><strong>nt</strong></span> <span class='ocrx_word' id='word_1_713' title='bbox 2481 4877 2482 4894; x_wconf 46' lang='lat'><strong>,</strong></span> 
     </span>
     <span class='ocr_line' id='line_1_52' title="bbox 413 4897 2403 4986; baseline -0.001 -23"><span class='ocrx_word' id='word_1_714' title='bbox 413 4898 485 4964; x_wconf 85' lang='lat' dir='ltr'><strong>est?</strong></span> <span class='ocrx_word' id='word_1_715' title='bbox 509 4897 601 4964; x_wconf 90' lang='lat' dir='ltr'><strong>Nihil</strong></span> <span class='ocrx_word' id='word_1_716' title='bbox 622 4897 724 4982; x_wconf 90' lang='lat' dir='ltr'><strong>igitur</strong></span> <span class='ocrx_word' id='word_1_717' title='bbox 744 4899 843 4964; x_wconf 89' lang='lat' dir='ltr'><strong>totius</strong></span> <span class='ocrx_word' id='word_1_718' title='bbox 865 4897 980 4964; x_wconf 89' lang='lat' dir='ltr'><strong>mundi</strong></span> <span class='ocrx_word' id='word_1_719' title='bbox 1001 4900 1147 4982; x_wconf 89' lang='lat' dir='ltr'><strong>profieiet</strong></span> <span class='ocrx_word' id='word_1_720' title='bbox 1167 4899 1317 4966; x_wconf 81' lang='lat' dir='ltr'><strong>ineundis</strong></span> <span class='ocrx_word' id='word_1_721' title='bbox 1345 4900 1387 4966; x_wconf 88' lang='lat' dir='ltr'><strong>ed</strong></span> <span class='ocrx_word' id='word_1_722' title='bbox 1438 4899 1536 4984; x_wconf 89' lang='lat' dir='ltr'><strong>vulgo</strong></span> <span class='ocrx_word' id='word_1_723' title='bbox 1548 4921 1614 4966; x_wconf 92' lang='lat' dir='ltr'><strong>non</strong></span> <span class='ocrx_word' id='word_1_724' title='bbox 1625 4902 1723 4967; x_wconf 87' lang='lat' dir='ltr'><strong>aliam</strong></span> <span class='ocrx_word' id='word_1_725' title='bbox 1741 4902 1827 4967; x_wconf 90' lang='lat' dir='ltr'><strong>vitae</strong></span> <span class='ocrx_word' id='word_1_726' title='bbox 1844 4901 2063 4986; x_wconf 88' lang='lat' dir='ltr'><strong>eorruptelem</strong></span> <span class='ocrx_word' id='word_1_727' title='bbox 2081 4910 2297 4985; x_wconf 86' lang='lat' dir='ltr'><strong>agnoseerent</strong></span> <span class='ocrx_word' id='word_1_728' title='bbox 2315 4917 2403 4984; x_wconf 87' lang='lat' dir='ltr'><strong>quam</strong></span> 
     </span>
     <span class='ocr_line' id='line_1_53' title="bbox 414 4983 2404 5072; baseline -0.001 -22"><span class='ocrx_word' id='word_1_729' title='bbox 414 5005 469 5050; x_wconf 88' lang='lat' dir='ltr'><strong>eos</strong></span> <span class='ocrx_word' id='word_1_730' title='bbox 509 4991 603 5050; x_wconf 87' lang='lat' dir='ltr'><strong>reatu</strong></span> <span class='ocrx_word' id='word_1_731' title='bbox 636 4983 835 5062; x_wconf 90' lang='lat' dir='ltr'><strong>liberandos,</strong></span> <span class='ocrx_word' id='word_1_732' title='bbox 875 4984 992 5069; x_wconf 87' lang='lat' dir='ltr'><strong>quibus</strong></span> <span class='ocrx_word' id='word_1_733' title='bbox 1023 5005 1084 5050; x_wconf 87' lang='lat' dir='ltr'><strong>sue</strong></span> <span class='ocrx_word' id='word_1_734' title='bbox 1116 4986 1312 5052; x_wconf 73' lang='lat' dir='ltr'><strong>eonscientiae</strong></span> <span class='ocrx_word' id='word_1_735' title='bbox 1345 4985 1387 5051; x_wconf 91' lang='lat' dir='ltr'><strong>ad</strong></span> <span class='ocrx_word' id='word_1_736' title='bbox 1437 4986 1471 5050; x_wconf 93' lang='lat' dir='ltr'><strong>in</strong></span> <span class='ocrx_word' id='word_1_737' title='bbox 1493 4986 1629 5053; x_wconf 92' lang='lat' dir='ltr'><strong>libidine</strong></span> <span class='ocrx_word' id='word_1_738' title='bbox 1647 5007 1795 5054; x_wconf 87' lang='lat' dir='ltr'><strong>venerea.</strong></span> <span class='ocrx_word' id='word_1_739' title='bbox 1819 4987 1920 5072; x_wconf 91' lang='lat' dir='ltr'><strong>Atqui</strong></span> <span class='ocrx_word' id='word_1_740' title='bbox 1942 4987 2126 5071; x_wconf 88' lang='lat' dir='ltr'><strong>expendere</strong></span> <span class='ocrx_word' id='word_1_741' title='bbox 2145 4987 2324 5064; x_wconf 87' lang='lat' dir='ltr'><strong>debebant,</strong></span> <span class='ocrx_word' id='word_1_742' title='bbox 2346 5005 2404 5048; x_wconf 91' lang='lat' dir='ltr'><strong>nou</strong></span> 
     </span>
     <span class='ocr_line' id='line_1_54' title="bbox 413 5068 2403 5155; baseline -0.001 -21"><span class='ocrx_word' id='word_1_743' title='bbox 413 5068 581 5136; x_wconf 85' lang='lat' dir='ltr'><strong>fatendam</strong></span> <span class='ocrx_word' id='word_1_744' title='bbox 617 5068 748 5154; x_wconf 90' lang='lat' dir='ltr'><strong>eulpam</strong></span> <span class='ocrx_word' id='word_1_745' title='bbox 785 5069 885 5136; x_wconf 85' lang='lat' dir='ltr'><strong>iudex</strong></span> <span class='ocrx_word' id='word_1_746' title='bbox 923 5070 993 5136; x_wconf 84' lang='lat' dir='ltr'><strong>fuit.</strong></span> <span class='ocrx_word' id='word_1_747' title='bbox 1051 5069 1141 5151; x_wconf 77' lang='lat' dir='ltr'><strong>Quin</strong></span> <span class='ocrx_word' id='word_1_748' title='bbox 1180 5073 1288 5155; x_wconf 88' lang='lat' dir='ltr'><strong>potius</strong></span> <span class='ocrx_word' id='word_1_749' title='bbox 1327 5092 1386 5138; x_wconf 88' lang='lat' dir='ltr'><strong>nos</strong></span> <span class='ocrx_word' id='word_1_750' title='bbox 1438 5072 1600 5138; x_wconf 87' lang='lat' dir='ltr'><strong>minorem</strong></span> <span class='ocrx_word' id='word_1_751' title='bbox 1636 5074 1734 5140; x_wconf 85' lang='lat' dir='ltr'><strong>inisse</strong></span> <span class='ocrx_word' id='word_1_752' title='bbox 1765 5072 1801 5138; x_wconf 92' lang='lat' dir='ltr'><strong>iu</strong></span> <span class='ocrx_word' id='word_1_753' title='bbox 1828 5075 1930 5140; x_wconf 88' lang='lat' dir='ltr'><strong>oeulis</strong></span> <span class='ocrx_word' id='word_1_754' title='bbox 1958 5087 1992 5138; x_wconf 92' lang='lat' dir='ltr'><strong>et</strong></span> <span class='ocrx_word' id='word_1_755' title='bbox 2020 5073 2153 5139; x_wconf 90' lang='lat' dir='ltr'><strong>auribus</strong></span> <span class='ocrx_word' id='word_1_756' title='bbox 2194 5071 2403 5137; x_wconf 81' lang='lat' dir='ltr'><strong>verecundiae</strong></span> 
     </span>
     <span class='ocr_line' id='line_1_55' title="bbox 414 5155 2403 5244; baseline -0.001 -23"><span class='ocrx_word' id='word_1_757' title='bbox 414 5176 527 5221; x_wconf 89' lang='lat' dir='ltr'><strong>omnes</strong></span> <span class='ocrx_word' id='word_1_758' title='bbox 565 5156 690 5239; x_wconf 88' lang='lat' dir='ltr'><strong>aperire</strong></span> <span class='ocrx_word' id='word_1_759' title='bbox 717 5155 825 5222; x_wconf 86' lang='lat' dir='ltr'><strong>oeulos</strong></span> <span class='ocrx_word' id='word_1_760' title='bbox 858 5155 965 5235; x_wconf 86' lang='lat' dir='ltr'><strong>deest,</strong></span> <span class='ocrx_word' id='word_1_761' title='bbox 1006 5164 1044 5222; x_wconf 92' lang='lat' dir='ltr'><strong>ut</strong></span> <span class='ocrx_word' id='word_1_762' title='bbox 1081 5155 1236 5223; x_wconf 87' lang='lat' dir='ltr'><strong>dedeeore</strong></span> <span class='ocrx_word' id='word_1_763' title='bbox 1277 5167 1386 5224; x_wconf 89' lang='lat' dir='ltr'><strong>nostro</strong></span> <span class='ocrx_word' id='word_1_764' title='bbox 1438 5177 1585 5235; x_wconf 89' lang='lat' dir='ltr'><strong>oausam,</strong></span> <span class='ocrx_word' id='word_1_765' title='bbox 1608 5179 1705 5242; x_wconf 90' lang='lat' dir='ltr'><strong>quem</strong></span> <span class='ocrx_word' id='word_1_766' title='bbox 1726 5159 1762 5222; x_wconf 91' lang='lat' dir='ltr'><strong>iu</strong></span> <span class='ocrx_word' id='word_1_767' title='bbox 1784 5168 1877 5242; x_wconf 84' lang='lat' dir='ltr'><strong>perte</strong></span> <span class='ocrx_word' id='word_1_768' title='bbox 1899 5157 2049 5244; x_wconf 86' lang='lat' dir='ltr'><strong>genitali,</strong></span> <span class='ocrx_word' id='word_1_769' title='bbox 2071 5179 2154 5241; x_wconf 88' lang='lat' dir='ltr'><strong>ques</strong></span> <span class='ocrx_word' id='word_1_770' title='bbox 2175 5165 2311 5242; x_wconf 86' lang='lat' dir='ltr'><strong>peeeato</strong></span> <span class='ocrx_word' id='word_1_771' title='bbox 2334 5177 2403 5221; x_wconf 91' lang='lat' dir='ltr'><strong>non·</strong></span> 
     </span>
     <span class='ocr_line' id='line_1_56' title="bbox 415 5240 2403 5328; baseline -0.001 -21"><span class='ocrx_word' id='word_1_772' title='bbox 415 5240 557 5320; x_wconf 76' lang='lat' dir='ltr'><strong>confusi,</strong></span> <span class='ocrx_word' id='word_1_773' title='bbox 582 5240 695 5307; x_wconf 90' lang='lat' dir='ltr'><strong>demus</strong></span> <span class='ocrx_word' id='word_1_774' title='bbox 723 5241 860 5325; x_wconf 85' lang='lat' dir='ltr'><strong>glorium</strong></span> <span class='ocrx_word' id='word_1_775' title='bbox 880 5240 951 5308; x_wconf 90' lang='lat' dir='ltr'><strong>Deo</strong></span> <span class='ocrx_word' id='word_1_776' title='bbox 968 5241 1096 5326; x_wconf 85' lang='lat' dir='ltr'><strong>qualem</strong></span> <span class='ocrx_word' id='word_1_777' title='bbox 1114 5251 1266 5310; x_wconf 89' lang='lat' dir='ltr'><strong>meretur.</strong></span> <span class='ocrx_word' id='word_1_778' title='bbox 1310 5243 1385 5309; x_wconf 82' lang='lat' dir='ltr'><strong>Fle·</strong></span> <span class='ocrx_word' id='word_1_779' title='bbox 1438 5241 1514 5308; x_wconf 92' lang='lat' dir='ltr'><strong>dum</strong></span> <span class='ocrx_word' id='word_1_780' title='bbox 1534 5243 1663 5310; x_wconf 87' lang='lat' dir='ltr'><strong>foedata</strong></span> <span class='ocrx_word' id='word_1_781' title='bbox 1678 5252 1761 5309; x_wconf 87' lang='lat' dir='ltr'><strong>eret:</strong></span> <span class='ocrx_word' id='word_1_782' title='bbox 1785 5265 1885 5328; x_wconf 92' lang='lat' dir='ltr'><strong>quum</strong></span> <span class='ocrx_word' id='word_1_783' title='bbox 1909 5265 2004 5310; x_wconf 87' lang='lat' dir='ltr'><strong>aures</strong></span> <span class='ocrx_word' id='word_1_784' title='bbox 2022 5255 2055 5309; x_wconf 88' lang='lat' dir='ltr'><strong>et</strong></span> <span class='ocrx_word' id='word_1_785' title='bbox 2076 5245 2161 5310; x_wconf 89' lang='lat' dir='ltr'><strong>oouli</strong></span> <span class='ocrx_word' id='word_1_786' title='bbox 2183 5245 2403 5328; x_wconf 84' lang='lat' dir='ltr'><strong>inquinassent</strong></span> 
     </span>
     <span class='ocr_line' id='line_1_57' title="bbox 416 5326 2403 5416; baseline -0.002 -23"><span class='ocrx_word' id='word_1_787' title='bbox 416 5326 547 5393; x_wconf 88' lang='lat' dir='ltr'><strong>xibilem</strong></span> <span class='ocrx_word' id='word_1_788' title='bbox 577 5326 668 5392; x_wconf 87' lang='lat' dir='ltr'><strong>Deus</strong></span> <span class='ocrx_word' id='word_1_789' title='bbox 697 5326 864 5392; x_wconf 86' lang='lat' dir='ltr'><strong>hominem</strong></span> <span class='ocrx_word' id='word_1_790' title='bbox 893 5328 1029 5395; x_wconf 81' lang='lat' dir='ltr'><strong>ornavit:</strong></span> <span class='ocrx_word' id='word_1_791' title='bbox 1061 5329 1182 5396; x_wconf 86' lang='lat' dir='ltr'><strong>tentari</strong></span> <span class='ocrx_word' id='word_1_792' title='bbox 1201 5351 1267 5396; x_wconf 90' lang='lat' dir='ltr'><strong>non</strong></span> <span class='ocrx_word' id='word_1_793' title='bbox 1290 5330 1387 5395; x_wconf 91' lang='lat' dir='ltr'><strong>modo</strong></span> <span class='ocrx_word' id='word_1_794' title='bbox 1437 5329 1546 5394; x_wconf 89' lang='lat' dir='ltr'><strong>Adam</strong></span> <span class='ocrx_word' id='word_1_795' title='bbox 1568 5339 1601 5394; x_wconf 91' lang='lat' dir='ltr'><strong>et</strong></span> <span class='ocrx_word' id='word_1_796' title='bbox 1618 5329 1724 5408; x_wconf 84' lang='lat' dir='ltr'><strong>Hera,</strong></span> <span class='ocrx_word' id='word_1_797' title='bbox 1750 5339 1784 5396; x_wconf 89' lang='lat' dir='ltr'><strong>st</strong></span> <span class='ocrx_word' id='word_1_798' title='bbox 1808 5330 1935 5396; x_wconf 88' lang='lat' dir='ltr'><strong>diabolo</strong></span> <span class='ocrx_word' id='word_1_799' title='bbox 1953 5331 2046 5416; x_wconf 91' lang='lat' dir='ltr'><strong>quasi</strong></span> <span class='ocrx_word' id='word_1_800' title='bbox 2064 5351 2155 5396; x_wconf 86' lang='lat' dir='ltr'><strong>erma</strong></span> <span class='ocrx_word' id='word_1_801' title='bbox 2172 5329 2403 5413; x_wconf 85' lang='lat' dir='ltr'><strong>praebuissent</strong></span> 
     </span>
    </p>
   </div>
   <div class='ocr_carea' id='block_1_3' title="bbox 0 0 2523 6192">
    <p class='ocr_par' dir='ltr' id='par_1_3' title="bbox 0 0 2523 6192">
     <span class='ocr_line' id='line_1_58' title="bbox 0 0 2523 6192; baseline 0 0"><span class='ocrx_word' id='word_1_802' title='bbox 0 0 2523 6192; x_wconf 95' lang='lat' dir='ltr'><strong> </strong></span> 
     </span>
    </p>
   </div>
  </div>
 </body>
</html>
