5000 6208
127 409 187 476 361
784 409 1155 480 COMMENTARIUS
1176 411 1228 478 IN
1249 409 1463 480 GllNllSIN.
2056 409 2122 478 362

126 598 278 682 delapsus
309 605 403 666 esset.
454 597 528 668 Hoc
560 599 647 665 enim
674 597 843 683 proprium
874 595 972 662 habet
1004 596 1097 676 fides,
1147 599 1276 666 metant.
1321 598 1518 684 Quanquam
1540 601 1628 667 enim
1651 598 1764 684 pedem
1788 619 1853 664 non
1876 596 2016 663 habebat
2042 619 2118 682 pra·

126 685 212 770 quod
231 705 289 752 nos
304 685 392 750 iutra
409 694 514 751 metas
531 683 690 752 divinitus
707 683 849 768 praescri
873 693 923 748 tas
940 683 1096 763 continet,
1147 685 1237 769 priae
1259 686 1491 768 possessionis,
1516 695 1685 752 attamen
1707 683 1848 751 alliciam
1870 683 1945 750 boni
1967 684 2119 767 patrisfa-

125 793 167 837 ne
196 771 273 855 quid
308 779 472 837 tentemus
499 770 563 838 nisi
590 791 631 836 ex
660 772 729 836 cius
758 790 836 834 man
861 778 914 834 ato
942 768 995 834 vel
1022 790 1096 853 pcr-
1146 771 1256 838 milies
1277 781 1473 854 praestaret,
1501 773 1642 838 familiae
1669 792 1748 837 suae
1778 770 1900 835 victum
1923 790 2040 852 parare
2062 769 2119 835 de·

123 857 236 924 missu.
271 855 369 925 Unde
390 858 538 940 sequitur
560 856 728 924 vacillasse
749 854 846 920 fidem
869 853 973 932 Isaac,
995 875 1097 938 quum
1147 855 1229 923 buit:
1261 870 1294 922 et
1315 857 1399 924 forte
1422 861 1490 924 eius
1519 857 1726 924 sedulitatem
1748 876 1786 922 ac
1813 854 2008 920 industriam
2031 856 2119 922 acuit

124 944 165 1009 ab
188 943 295 1008 cilicio
316 944 426 1008 mariti
456 942 597 1008 deflexit.
642 942 837 1026 (lolligimue
862 947 1032 1023 praeterea
1053 961 1096 1006 ex
1148 943 1266 1019 sames,
1296 953 1333 1009 ut
1353 944 1414 1009 sibi
1437 945 1473 1008 in
1501 957 1668 1027 posterum
1696 940 1884 1026 diligentius
1909 943 2120 1025 prospiceret.

124 1030 232 1096 verbis
256 1027 463 1105 Abimelech,
496 1049 628 1095 sensum
661 1029 750 1093 hunc
779 1027 925 1111 gentium
949 1027 1094 1090 omnium
1146 1027 1307 1094 Memoria
1325 1038 1435 1095 tamen
1454 1038 1601 1112 repetere
1618 1029 1773 1096 convenit
1790 1025 1876 1110 quod
1894 1047 1999 1110 nuper
2014 1028 2118 1111 attigi,

121 1116 242 1180 animis
259 1115 399 1182 infixum
416 1114 525 1192 luisse,
549 1125 588 1180 ut
604 1116 707 1181 sancti
724 1113 821 1180 coniu
847 1112 869 1176 'i
886 1111 1095 1178 violationem
1146 1114 1378 1180 abundantiam
1414 1135 1511 1198 quam
1544 1136 1603 1181 suo
1638 1114 1747 1180 labore
1785 1111 1922 1196 adeptus
1956 1122 2019 1193 est,
2053 1112 2118 1179 Dei

122 1200 248 1268 crimen
270 1221 340 1266 esse
362 1200 482 1266 scirent
503 1200 632 1268 coelesti
654 1198 801 1266 vindicta
839 1199 952 1282 ignum
971 1198 1095 1280 sibique
1146 1203 1270 1284 gratiae
1292 1201 1369 1264 ferri
1391 1209 1567 1285 acceptam.

121 1308 141 1352 a
165 1287 230 1352 Dei
251 1285 372 1353 iudicio
393 1296 587 1352 metuerent.
632 1286 718 1352 Nam
740 1285 803 1351 etsi
824 1283 942 1350 crassis
967 1281 1095 1349 nebulis
1233 1285 1283 1351 14.
1296 1281 1342 1350 ut
1358 1287 1576 1353 incidemutci
1590 1283 1761 1351 Pclistbim.
1790 1285 1956 1351 Docemur
1972 1282 2035 1350 hac
2052 1283 2119 1350 his-

120 1372 354 1438 obtcnebratae
386 1381 463 1439 sunt
496 1371 667 1437 bominum
700 1378 843 1450 mentes,
882 1377 922 1434 ut
956 1368 1095 1436 subinde
1145 1372 1230 1437 toria
1258 1370 1500 1438 benedictiones
1523 1370 1589 1437 Dei
1615 1392 1699 1455 quae
1727 1370 1768 1436 ad
1789 1369 1972 1454 praesentis
1992 1387 2030 1434 aa
2051 1381 2119 1436 ter·

120 1457 381 1535 hallucinantur,
404 1458 496 1523 Deus
525 1467 636 1524 tamen
663 1456 793 1541 aliquod
821 1455 902 1522 iusti
923 1463 958 1520 et
981 1455 1095 1520 iniusti
1145 1475 1245 1523 ranae
1269 1457 1354 1522 vitae
1376 1478 1470 1524 usum
1491 1468 1655 1541 spectant,
1683 1476 1849 1540 nunquam
1873 1474 1970 1539 purae
1993 1475 2063 1520 esse
2085 1464 2118 1522 et

36 1571 38 1576 ’
120 1543 297 1610 discrimen
320 1563 453 1610 manere
481 1542 599 1622 voluit,
633 1553 672 1609 ut
692 1563 788 1608 suum
811 1541 945 1625 quisque
967 1549 1094 1608 reatum
1144 1540 1301 1626 liquidas,
1332 1543 1388 1609 sed
1411 1544 1589 1627 permixtas
1610 1542 1772 1626 aliquibus
1800 1541 1974 1621 molestiis,
2002 1561 2044 1605 ne
2065 1559 2117 1606 sc·

120 1629 348 1708 obeuntem,
371 1630 500 1713 sintque
522 1649 635 1695 omnes
652 1625 902 1694 inexcusabiles.
947 1625 1094 1709 Quodsi
1145 1627 1288 1695 cordiam
1321 1649 1362 1694 ex
1397 1630 1507 1712 quiete
1536 1639 1568 1694 et
1598 1627 1719 1695 delitiis
1747 1627 1952 1696 contrabant.
2005 1625 2118 1706 Quare

119 1713 307 1783 incredulos
343 1735 468 1799 quoque
500 1714 540 1782 ad
575 1735 672 1781 suum
705 1711 849 1779 tribunal
881 1711 959 1778 citat
991 1711 1093 1790 Deus,
1146 1714 1308 1781 discemus
1341 1735 1455 1782 omnes
1487 1736 1554 1781 non
1587 1714 1686 1780 nimis
1719 1712 1837 1798 cupide
1869 1731 2006 1796 magnas
2038 1731 2119 1796 opes

119 1823 181 1868 uec
215 1801 336 1868 iustam
369 1800 610 1866 damnationem
644 1799 788 1885 effugere
820 1797 961 1883 patitur,
1016 1817 1093 1862 uam
1145 1809 1308 1885 appetere.
1337 1799 1375 1867 Si
1386 1821 1449 1884 qua
1461 1800 1687 1884 inquietudine
1698 1805 1860 1865 vexentur
1871 1797 2000 1874 divites,
2013 1799 2120 1864 sciant

118 1885 287 1952 horribilis
314 1908 419 1970 poena
446 1907 506 1954 nos
528 1893 639 1952 manet
659 1887 687 1951 si
710 1885 860 1951 notitiam
878 1905 978 1968 quam
1036 1904 1094 1949 eus
1145 1908 1181 1952 se
1209 1886 1425 1972 expergefieri
1446 1907 1465 1950 a
1488 1887 1646 1964 Domino,
1677 1906 1718 1950 ne
1747 1886 1814 1950 suis
1842 1883 1978 1949 lautitiis
2006 1882 2119 1949 indor-

118 1973 328 2040 conecientiis
349 1972 468 2039 nostris
489 1970 677 2055 insculpsit,
703 1971 829 2036 malitia
850 1977 965 2036 nostra
986 1966 1094 2036 delere
1145 1972 1265 2037 miant:
1293 1992 1453 2056 pauperes
1475 1971 1537 2038 boc
1559 1971 1674 2037 solatio
1702 1971 1870 2048 fruantur,
1900 1966 1986 2052 quod
2007 1967 2118 2052 inopia

116 2057 299 2126 conamur?
1145 2058 1215 2124 suis
1237 2059 1335 2123 etiam
1365 2057 1542 2125 commodis
1564 2079 1629 2123 nou
1653 2065 1751 2123 caret.
1795 2055 1909 2139 Neque
1931 2054 2019 2119 enim
2041 2054 2116 2120 vul·

207 2144 259 2210 11.
292 2143 338 2209 Et
363 2144 524 2228 proecepit
554 2142 739 2210 Attacori.
790 2140 887 2224 Quod
920 2139 1093 2225 capitalem
1145 2165 1223 2229 gare
1244 2143 1366 2209 bonum
1387 2154 1452 2223 est,
1476 2153 1571 2208 extra
1592 2141 1765 2219 invidiam,
1789 2141 1950 2206 tumultus
1973 2149 2006 2205 et
2028 2139 2117 2207 rixas

116 2250 258 2314 poenam
281 2229 458 2296 denunciat
475 2230 503 2295 si
520 2231 592 2311 quis
612 2229 736 2294 homini
753 2227 913 2310 inquilino
938 2226 1094 2292 iniuriam
1145 2231 1266 2296 vivere.
1320 2227 1356 2296 Si
1385 2229 1458 2312 quis
1488 2228 1633 2308 obiiciat,
1666 2227 1728 2293 hoc
1753 2227 1788 2292 in
1817 2227 1924 2310 gratio
1951 2246 2019 2291 non
2046 2246 2120 2292 esse

116 2317 250 2397 iecerit,
293 2316 451 2399 singulari
495 2315 669 2401 privilegio
708 2314 771 2380 hoe
809 2314 909 2380 luisse
948 2312 1092 2379 edictum
1144 2313 1389 2398 imputandum,
1417 2313 1502 2398 quod
1523 2313 1617 2380 Deus
1637 2313 1732 2379 Isaac
1759 2312 1875 2396 opibus
1903 2310 2116 2395 amplificans,

116 2403 280 2469 coniicere
302 2401 394 2468 licet:
428 2401 643 2485 nequeenim
666 2399 841 2467 cuiuslibet
862 2399 1001 2464 iniuriae
1023 2407 1092 2463 tam
1143 2400 1305 2480 invidiae,
1331 2399 1608 2480 contentionibus,
1638 2398 1803 2464 etmulti·
1833 2396 2035 2464 turbiseum
2058 2416 2116 2461 ax·

111 2487 222 2573 rigide
249 2486 410 2554 vindicari
437 2486 553 2553 solent.
599 2485 698 2553 Unde
726 2506 823 2570 porro
853 2485 915 2550 hcc
944 2484 1090 2550 studium
1143 2487 1267 2570 posuit:
1302 2485 1419 2552 solutio
1451 2485 1487 2549 in
1519 2493 1674 2568 promptu
1707 2497 1771 2562 est,
1804 2483 1971 2549 molestias
2003 2503 2116 2548 omues

111 2575 194 2659 regi,
218 2582 257 2638 ut
277 2573 471 2638 sanationem
494 2573 612 2638 habeat
629 2571 722 2639 Isaac
744 2572 896 2637 omuibus
917 2569 1090 2655 indigenis,
1143 2573 1261 2656 quibus
1289 2591 1365 2637 suos
1394 2571 1494 2638 Deus·
1514 2580 1660 2648 exercet,
1694 2592 1759 2636 uon
1786 2569 1914 2635 obstare
1942 2569 2116 2652 quominus

110 2671 247 2726 etcum
270 2658 338 2724 iere
361 2657 423 2724 sibi
447 2659 645 2742 aequiparet,
669 2658 733 2723 nisi
755 2655 841 2741 quod
859 2657 892 2726 iu
911 2678 949 2722 eo
967 2655 1090 2722 relucet
1141 2678 1353 2741 quaecunque
1374 2656 1515 2741 largitur
1536 2655 1709 2734 beneficia,
1739 2655 1867 2738 paterni
1895 2655 1967 2720 eius
1995 2653 2117 2719 amoris

110 2744 274 2828 quaedem
297 2743 361 2810 Dei
389 2744 545 2811 maiestas
574 2764 655 2827 quae
682 2743 782 2810 talem
810 2743 840 2807 ei
869 2741 1089 2809 reverentiam
1187 2753 1272 2809 stum
1296 2743 1468 2808 retineant.
1512 2740 1664 2826 Denique
1686 2741 1732 2806 sic
1760 2749 1922 2824 temperat
1954 2760 2050 2824 quem
2080 2740 2114 2804 iu

109 2829 291 2898 conciliat?
314 2831 406 2897 Deus
428 2839 555 2909 autem,
585 2837 623 2894 ut
643 2830 731 2896 servi
759 2828 984 2894 infirmitatem
1011 2827 1089 2892 sub·
1165 2851 1202 2896 oc
1231 2826 1354 2894 mundo
1382 2828 1526 2894 favorem
1555 2826 1698 2894 declarat
1718 2825 1795 2893 filiis
1817 2826 1900 2904 suis,
1932 2833 1971 2890 ut
1990 2825 2116 2890 acerbis

108 2917 214 2996 levet,
233 2915 339 2982 modis
361 2915 512 2982 omuibus
535 2915 577 2982 ad
599 2917 687 2981 hunc
708 2915 857 2981 savorem
877 2913 1006 2999 profani
1029 2913 1088 2980 ho·
1140 2914 1267 2980 interea
1276 2912 1508 2997 punctionibus
1525 2933 1580 2980 eos
1597 2912 1786 2979 exstimulat
1803 2911 1844 2978 ad
1861 2909 2009 2978 coelestis
2027 2912 2115 2976 vitae

108 3003 214 3070 minis
243 3001 382 3068 inflectit
407 3001 565 3068 animum.
608 3001 678 3068 Nec
705 3001 839 3066 dubium
865 3009 914 3066 cst
936 3001 1014 3084 quin
1035 3019 1089 3064 re·
1140 3008 1333 3084 respectum.
1378 2999 1554 3066 Caeterum
1582 3020 1648 3065 non
1678 2999 1761 3064 levis
1783 2996 1847 3062 tuit
1873 2997 1936 3063 ista
1964 2995 2114 3078 tentatio,

109 3110 187 3174 gem
220 3089 319 3154 etiam
347 3089 416 3154 eius
445 3085 643 3154 verecundia
669 3086 838 3169 impulerit
859 3084 901 3152 ad
923 3107 999 3151 enm
1020 3092 1088 3150 tam
1141 3084 1226 3170 quod
1255 3085 1452 3152 elementum
1482 3083 1594 3150 bestiis
1622 3086 1722 3150 etiam
1750 3079 1901 3149 cmm'bus
1933 3101 2117 3163 commune,

108 3174 253 3242 sollicite
286 3172 453 3239 tuendum.
504 3173 589 3239 Nam
623 3172 788 3238 hominem
822 3171 984 3255 trepidum
1018 3190 1089 3236 esse
1140 3180 1253 3237 sancto
1281 3169 1485 3255 patriarchae
1512 3178 1668 3255 negatum
1698 3180 1762 3236 est:
1795 3191 1859 3336 δυο
1892 3169 2027 3252 aequius
2054 3189 2115 3234 nos

108 3260 248 3337 videns,
271 3260 326 3343 qui
348 3260 498 3343 propriae
519 3258 632 3326 uxoris
654 3259 782 3324 iactura
805 3258 906 3324 vitam
930 3257 1089 3322 redimere
1140 3257 1226 3323 ferre
1258 3257 1349 3322 decet
1380 3255 1560 3323 mediocres
1593 3256 1741 3324 iniurias.
1830 3253 1894 3319 uod
1926 3254 1953 3319 si
1986 3252 2115 3337 quaudo

107 3355 253 3431 paratus
286 3345 405 3423 luerat,
445 3365 483 3410 eo
516 3345 724 3428 propensiore
755 3343 864 3409 animo
895 3342 986 3409 lavet
1018 3342 1090 3408 eius
1139 3343 1210 3409 indi
1258 3364 1276 3407 e
1303 3341 1383 3408 laesi
1418 3341 1675 3422 effervescimus,
1707 3339 1822 3408 subeat
1851 3341 1886 3404 in
1913 3340 2114 3417 memoriam,

107 3431 280 3516 periculis,
303 3451 366 3513 quc
384 3438 476 3496 tutus
493 3430 528 3495 in
545 3451 606 3497 sua
625 3429 747 3495 ditione
763 3449 962 3513 securusque
981 3427 1088 3514 degat.
1141 3449 1186 3494 no
1232 3449 1286 3494 um
1321 3428 1439 3494 saltem
1472 3425 1552 3492 adeo
1581 3427 1767 3515 immaniter
1795 3424 1964 3504 uobiscum
1994 3425 2049 3510 agi
2077 3434 2115 3489 ιιι

203 3517 256 3584 12.
280 3516 326 3582 Ει
347 3517 426 3582 seed
446 3515 550 3582 Isaac.
594 3516 660 3582 Hic
681 3517 791 3582 Moses
819 3535 953 3582 narrare
979 3514 1090 3600 pergit
1141 3537 1215 3582 curn
1237 3520 1349 3581 sancto
1370 3512 1481 3594 Isaac,
1511 3512 1566 3597 qui
1589 3511 1629 3578 de
1650 3531 1735 3597 aqua
1756 3519 1881 3578 certare
1903 3519 2032 3594 coactus
2053 3519 2115 3575 est.

106 3603 280 3689 quomodo
301 3601 394 3668 Isam
413 3601 622 3668 manifestum
645 3603 788 3668 fructum
809 3602 994 3686 perceperit
1014 3621 1089 3686 prc-
1141 3600 1236 3667 Adde
1257 3599 1343 3684 quod
1365 3619 1432 3665 non
1455 3598 1646 3684 simpliciter
1668 3607 1817 3682 ereptum
1841 3596 1890 3661 illi
1918 3596 1982 3662 fuit
2011 3614 2114 3678 aquae

104 3691 236 3755 missae
258 3688 358 3754 sibia
380 3687 452 3754 Dec
474 3684 717 3754 benedictionis.
762 3688 853 3754 Dicit
877 3687 965 3752 enim
988 3707 1088 3770 quum
1140 3687 1355 3762 elementum,
1387 3683 1444 3750 sed
1479 3684 1587 3749 obruti
1620 3693 1699 3750 suut
1731 3681 1837 3766 putei,
1874 3703 1954 3764 quoe
1985 3681 2047 3746 sibi
2080 3689 2115 3746 et

104 3776 328 3852 seminasset,
367 3783 563 3857 proventum
598 3773 752 3856 centuplo
785 3773 885 3839 fuisse
918 3773 1088 3842 maiorem:
1140 3773 1278 3856 posteris
1299 3771 1425 3838 foderat
1446 3770 1626 3836 Abraham
1659 3771 1820 3835 Extrema
1837 3767 1941 3852 igitur
1962 3766 2027 3831 fuit
2049 3767 2114 3832 ista

103 3882 195 3944 quae
224 3881 302 3926 rara
328 3868 378 3925 cst
406 3861 503 3924 etiam
524 3861 560 3923 in
581 3859 647 3925 illis
676 3860 771 3925 terris
800 3860 941 3925 ubertas.
987 3858 1090 3923 Addit
1139 3857 1330 3937 crudelitas,
1359 3857 1522 3940 hospitem
1551 3877 1617 3921 non
1648 3855 1753 3922 solum
1782 3854 1871 3919 omui
1893 3851 2000 3919 officio
2022 3851 2113 3917 irau-

101 3947 215 4013 etiam
239 3945 338 4012 luisse
361 3944 496 4011 divitem
521 3945 662 4028 pecoris,
696 3944 849 4010 habuisse
871 3944 1019 4028 amplum
1040 3945 1088 4008 fa·
1139 3944 1226 4024 dare,
1247 3942 1305 4009 sed
1327 3944 1426 4008 edam
1449 3941 1576 4025 eripere
1597 3940 1681 4025 quod
1700 3940 1803 4024 patris
1821 3938 1872 4004 sui
1889 3938 1999 4004 labore
2015 3956 2112 4022 quaa·

101 4032 292 4100 malitium.
328 4031 458 4096 Horum
477 4050 554 4096 varo
571 4032 717 4096 omnium
738 4029 867 4096 laudem
890 4029 1007 4096 tribuit
1024 4028 1089 4095 Dei
1138 4030 1238 4096 eitum
1259 4029 1330 4094 sine
1350 4029 1540 4110 cuiusquam
1563 4025 1766 4094 incommodo
1786 4023 1939 4108 possidet.

101 4117 351 4184 benedictioni:
371 4118 455 4183 sicut
471 4116 568 4182 etiam
588 4115 725 4182 habetur
741 4117 777 4180 in
789 4116 931 4197 Psalmo,
950 4114 1036 4201 (127,
1054 4114 1089 4266 22
1227 4116 1276 4180 16.
1300 4115 1395 4180 Dicit
1414 4114 1508 4180 etiam
1528 4112 1714 4179 Atimeleolr.
1750 4111 1917 4177 Incertum
1941 4117 1991 4174 est
2013 4130 2112 4192 spon·

100 4203 297 4270 Dominum
320 4203 388 4269 suis
410 4201 648 4268 dormientibus
665 4201 790 4268 affatim
807 4223 984 4288 suggerere
1001 4223 1065 4285 quo
1139 4211 1214 4267 tene
1236 4201 1392 4284 expulsus
1412 4199 1514 4265 luerit
1533 4198 1628 4266 Isaac
1649 4219 1668 4262 a
1689 4219 1767 4282 rege
1789 4197 1897 4262 Gerar
1918 4216 1960 4262 ex
1981 4215 2042 4258 sua
2064 4192 2112 4260 di·

98 4289 174 4355 illis
218 4287 369 4356 sufficiat.
424 4286 603 4370 Quaeritur
643 4297 754 4354 tamen
786 4288 947 4369 quomodo
980 4307 1088 4354 serere
1138 4288 1235 4366 tionc,
1259 4309 1300 4352 an
1319 4286 1382 4351 alio
1399 4283 1575 4351 concedere
1596 4284 1738 4364 iusserit,
1761 4282 1836 4366 quia
1857 4278 1991 4346 videbat
2008 4300 2111 4364 popu·

98 4374 258 4462 potuerit
275 4374 376 4455 Isaac,
400 4395 496 4458 quem
515 4374 606 4440 Deus
628 4382 697 4440 tota
718 4374 790 4440 vita
811 4374 1012 4458 peregrinari
1035 4375 1086 4438 iu·
1137 4373 1260 4439 laribus
1282 4393 1353 4439 esse
1374 4371 1527 4436 invisum.
1563 4369 1677 4435 Potuit
1698 4369 1786 4435 enim
1808 4366 1868 4434 hoe
1890 4365 1985 4432 modo
2008 4366 2111 4433 amice

98 4463 220 4528 bebat.
266 4459 354 4526 Sunt
373 4461 429 4542 qni
450 4469 569 4542 putant
597 4479 717 4544 agrum
739 4459 880 4542 aliquem
903 4461 1031 4538 emisse,
1054 4467 1088 4526 et
1138 4459 1185 4523 illi
1214 4458 1393 4524 consulere.
1437 4454 1632 4538 Quanquam
1660 4453 1838 4520 verisimile
1860 4463 1910 4518 est
1932 4451 2110 4517 alienatum

97 4551 150 4615 ita
196 4566 314 4614 vocem
347 4561 405 4632 bip
437 4546 699 4628 interpretantur
729 4546 990 4612 Possessionem:
1029 4545 1087 4611 sed
1137 4545 1237 4611 fuisse
1259 4545 1329 4610 eius
1347 4543 1492 4608 animum
1510 4540 1551 4607 ab
1568 4541 1679 4608 Isaac:
1705 4561 1781 4604 nam
1799 4537 1860 4606 sub
1877 4538 1976 4602 finem
1994 4537 2110 4620 capitis

96 4640 290 4702 contextus
311 4647 422 4696 eorum
445 4652 589 4696 errorem
610 4631 774 4716 coarguit:
799 4632 876 4715 quia
897 4631 993 4713 paulo
1015 4640 1087 4713 post
1137 4631 1255 4696 referet
1278 4629 1401 4708 Moses,
1430 4627 1538 4693 odiose
1560 4626 1600 4692 dc
1621 4628 1692 4712 ipso
1721 4645 1862 4709 queque,
1895 4634 1934 4688 ut
1955 4622 1996 4687 de
2026 4622 2109 4701 aliis,

95 4717 264 4786 venditio
284 4716 377 4783 nulla
398 4729 547 4782 sanctum
569 4717 678 4782 virum
696 4725 823 4784 morata
841 4729 890 4783 eet
912 4717 1087 4800 quominus
1137 4724 1352 4800 conquestum
1375 4713 1475 4780 brisso
1497 4721 1646 4778 sanctuni
1670 4711 1845 4776 hominem.
1881 4707 1948 4776 Sed
1970 4708 2047 4792 quia
2069 4707 2109 4774 dc

96 4803 283 4872 vassalio
311 4803 520 4869 transferret:
554 4800 672 4869 deinde
692 4823 793 4886 quum
816 4803 886 4869 eius
915 4797 1086 4881 vocationi,
1137 4804 1206 4873 eius
1240 4803 1357 4868 affectu
1392 4798 1474 4864 nihil
1508 4808 1596 4864 certo
1622 4817 1766 4864 asserere
1797 4815 1967 4879 possumus
1996 4804 2109 4861 tenere

95 4893 243 4974 Deique
275 4887 428 4954 mandato
456 4909 609 4973 agrorum
642 4889 764 4972 emptio
795 4889 958 4956 contraria
991 4896 1086 4967 esset,
1137 4888 1279 4954 sufficiat
1300 4884 1386 4971 quod
1415 4885 1487 4968 plus
1517 4883 1615 4950 babet
1641 4882 1816 4948 momenti:
1843 4882 1915 4946 fieri
1943 4881 2108 4946 communi

95 4980 166 5044 hoc
199 4974 320 5060 procul
348 4974 445 5040 dnbio
474 4984 542 5039 tam
571 4973 713 5040 notabile
748 4973 868 5039 vitium
898 4993 965 5039 non
994 4993 1085 5056 prae·
1136 4973 1305 5039 hominum
1335 4971 1473 5052 malitia,
1506 4978 1544 5035 ut
1563 4969 1662 5052 vulgo
1683 4968 1825 5052 suspecti
1846 4967 1914 5033 siut
1934 4966 1990 5048 qui
2011 4966 2108 5050 longe

95 5060 387 5130 teriissetMoscs.
420 5058 516 5125 Adde
537 5059 622 5143 quod
644 5059 723 5125 dum
745 5063 856 5125 statim
873 5061 912 5125 fit
933 5080 1087 5143 expressa
1136 5080 1234 5142 super
1251 5058 1330 5123 alios
1349 5059 1508 5122 eminent:
1531 5055 1665 5121 satietas
1682 5053 1769 5119 enim
1791 5053 1993 5118 ferocitatem
2010 5053 2108 5134 parit.

94 5148 239 5216 mentio
261 5145 473 5224 tabernaculi,
494 5145 573 5212 hinc
594 5145 793 5229 colligimus,
815 5165 1008 5228 quocunque
1030 5167 1085 5210 ve·
1136 5143 1247 5227 Quare
1269 5144 1350 5209 nihil
1374 5145 1477 5227 magis
1499 5141 1643 5226 proclivo
1664 5150 1714 5206 est
1735 5159 1832 5222 quam
1854 5147 1890 5203 ut
1913 5136 2049 5219 superbe
2071 5157 2107 5204 se

93 5239 233 5312 nisset,
264 5232 400 5314 hospitis
422 5253 512 5298 more
540 5232 684 5316 precario
707 5230 880 5298 habitasse.
925 5231 1014 5314 Ergo
1037 5238 1084 5296 te-
1136 5230 1255 5296 iactent
1278 5231 1413 5306 divites,
1436 5249 1532 5313 seque
1556 5226 1752 5293 insolentius
1774 5246 1872 5308 qnam
1890 5222 2011 5306 parsit
2029 5221 2106 5288 effe-

91 5319 262 5390 ncndum
280 5317 514 5394 attentionem
533 5318 618 5383 hanc
633 5318 670 5382 in
689 5318 778 5402 agris
795 5316 999 5384 conductitiis
1014 5335 1085 5382 esse
1135 5324 1219 5395 rant,
1243 5327 1276 5381 et
1297 5336 1374 5383 suae
1396 5317 1557 5399 potentiae
1578 5332 1697 5380 nervos
1718 5310 1891 5377 intendant
1907 5308 1980 5376 aliis
1997 5309 2106 5392 oppri-
