5000 6208
129 405 188 471 ese
786 403 1159 471 oouuuumerus
1182 405 1231 472 ru
1254 404 1469 472 eeuusru.
1887 387 1890 401 “
2064 407 2130 474 ees

127 593 214 658 bras:
239 615 300 662 nec
317 600 489 660 contentae
506 593 627 660 saeculi
645 593 697 660 sui
714 592 860 672 intumis,
879 593 985 660 scelus
1003 611 1098 660 suum
1150 595 1197 658 m‘t
1216 592 1380 660 Abrabam
1402 594 1445 660 od
1462 593 1575 672 Deam,
1598 597 1628 658 et
1647 593 1775 658 samarit
1794 591 1885 658 Deae
1902 593 2080 662 Abimelecb
2101 601 2132 662 et

127 681 158 745 in
186 678 270 746 alias
298 689 422 746 aetates
451 679 634 746 traducunt.
678 680 768 763 Ergo
796 700 862 746 non
892 679 1028 746 dubium
1050 689 1100 744 est
1150 699 1278 744 marera
1297 680 1374 760 eius,
1396 684 1425 744 et
1445 677 1578 746 omullus
1600 678 1668 742 aiae
1690 683 1719 744 et
1733 685 1931 761 pepererant.
1973 680 2023 747 18.
2045 681 2129 763 Quia

146 766 202 830 uin
233 763 400 831 aSatana
428 765 620 844 tmoinatae,
649 785 744 830 omne
774 765 881 849 turpis
910 774 943 830 et
971 764 1100 829 honesti
1149 765 1319 831 academ
1340 765 1497 832 clauserat
1518 763 1635 830 Ieboaa
1657 783 1754 844 saper
1782 785 1902 831 marem
1929 765 2056 831 caluam
2076 768 2129 833 do-

127 787 302 916 discrimen
339 850 460 915 oblitae
498 851 629 916 luerint.
679 849 805 916 Paulus
847 849 956 935 (Rom.
991 851 1026 928 2,
1066 849 1100 936 5)
1149 870 1221 916 mas
1242 850 1421 916 Abiutelccb
1437 855 1569 933 propter
1592 848 1849 914 sarabaiam
1865 849 2040 918 Abrabam.

127 935 202 1002 dicit
235 938 389 1019 reprobos
417 945 492 1019 post
519 936 709 1001 diuturnam
736 935 902 1002 licentiam
936 934 1099 1019 peccandi,
1651 947 1665 969 ²

127 1022 257 1087 tandem
301 1023 424 1104 privari
462 1021 583 1088 doloris
624 1042 731 1088 sensu.
794 1021 884 1088 Talis
927 1021 1099 1105 stupiditas
1238 1021 1266 1085 1.
1297 1021 1341 1086 Et
1367 1022 1524 1104 profectae
1553 1026 1599 1088 est
1631 1021 1704 1085 iride
1733 1018 1905 1086 Abrabam.
1958 1019 2054 1104 Quod
2086 1021 2127 1090 de

126 1108 237 1190 procul
260 1107 358 1206 dubio
376 1107 507 1208 'puellas
538 1107 620 1206 istas
650 1117 880 1190 occupaverat,
910 1127 1011 1191 quum
1044 1126 1099 1173 eas
1151 1105 1438 1207 Sodomaeexitio
1453 1106 1606 1206 ¹narravit
1627 1105 1747 1183 Moses,
1770 1107 1864 1188 quasi
1886 1106 2031 1192 πάρεργον
2045 1107 2126 1207 luit:

126 1213 202 1343 tlt
223 1193 597 1361 ttt‘mttttt
610 1193 795 1361 stitit
812 1193 920 1345 illi
932 1192 1098 1361 §bill
1149 1191 2127 1362 tttt‘ttttlbittit&totitttettttttt

126 1374 180 1442 est,
211 1386 253 1429 ne
282 1363 423 1430 admisso
444 1363 553 1447 aliquo
577 1374 708 1447 peceato
729 1363 894 1431 socordiae
915 1383 976 1429 nos
999 1361 1097 1428 deda·
1149 1373 1183 1428 et
1200 1383 1275 1428 eum
1293 1370 1418 1428 tutatus
1436 1363 1479 1428 sit
1496 1362 1665 1447 Dominus,
1681 1384 1847 1446 quousque
1865 1363 1914 1428 illi
1936 1374 2126 1430 nasceretur

125 1469 205 1526 mus,
229 1448 287 1515 sed
308 1448 373 1514 Dei
394 1459 484 1515 metu
506 1470 566 1516 uos
588 1451 768 1516 excitemus
788 1449 828 1513 ad
850 1449 1094 1533 poenitentiam.
1147 1449 1345 1531 promissum
1376 1469 1504 1528 semen,
1539 1447 1668 1514 futurae
1699 1448 1854 1515 ecelesiae
1887 1449 1988 1532 origo.
2033 1448 2126 1516 Dieit

1147 1543 1259 1601 eutem
1280 1533 1450 1599 Abraham
1471 1534 1601 1600 venisse
1629 1536 1809 1600 interram
1838 1535 2033 1601 australem:
2058 1555 2125 1600 uon

1146 1617 1231 1702 quod
1259 1620 1342 1685 fines
1372 1619 1583 1686 haereditetis
1605 1619 1666 1684 sibi
1689 1619 1784 1686 datae
1806 1640 1956 1706 egressus
1978 1621 2035 1698 sit,
2065 1621 2125 1686 sed

483 1738 635 1805 CAPUT
656 1739 726 1804 XX
1146 1706 1221 1789 quia
1240 1707 1332 1788 prius
1350 1704 1527 1789 hospitium
1550 1705 1747 1788 relinquens,
1770 1705 1931 1772 consessit
1951 1705 2123 1772 meridiem

728 1791 735 1806 '
1065 1827 1066 1832 κ
1146 1811 1269 1859 versus.
1325 1792 1429 1857 Porro
1460 1792 1552 1876 regio
1585 1811 1681 1875 quam
1721 1791 1888 1876 designet,
1928 1811 2049 1877 magna
2080 1814 2124 1859 ex

207 1878 236 1941 1.
263 1875 374 1942 Postea
389 1873 548 1957 profectas
569 1879 615 1940 est
635 1875 707 1941 inde
727 1875 892 1940 Abrabam
912 1877 955 1942 ad
976 1881 1094 1941 terram
1144 1885 1236 1960 parte
1265 1886 1379 1960 postea
1405 1876 1521 1944 cecidit
1550 1877 1585 1941 in
1615 1887 1735 1944 sortem
1766 1878 1865 1943 tribui
1886 1877 1979 1942 Iuda.
2024 1875 2124 1959 Quod

120 1963 341 2042 meridianam,
371 1967 398 2025 et
419 1959 570 2027 babitaait
590 1961 671 2026 iuter
694 1960 793 2027 Codes
814 1966 841 2026 et
864 1961 937 2040 Sar,
955 1964 1094 2045 perepri·
1145 1972 1255 2028 temen
1278 1962 1428 2027 habuerit
1449 1961 1614 2046 migrandi
1644 1963 1832 2041 eonsilium,
1862 1962 1917 2028 vel
1942 1983 2024 2046 quae
2046 1985 2122 2028 eum

121 2052 273 2130 adaeque
292 2051 336 2114 est
356 2047 390 2112 ia
415 2045 529 2112 Gerar.
574 2046 604 2111 2.
622 2043 668 2110 Et
686 2047 770 2111 dicit
789 2046 954 2112 Abrabam
974 2047 1012 2113 de
1035 2047 1095 2113 Sa·
1144 2048 1321 2114 nenessitas
1343 2046 1384 2111 ad
1406 2047 1601 2113 mutandum
1622 2047 1730 2114 laeum
1751 2049 1935 2133 impulerit,
1964 2050 2121 2128 nescitur,

120 2133 177 2196 rab
205 2147 303 2200 utare
329 2152 403 2211 erra,
427 2130 523 2197 Soror
550 2152 619 2197 mea
640 2137 693 2198 eet.
736 2130 780 2196 Et
808 2133 895 2198 misit
916 2133 1093 2198 Abirmtecb
1144 2135 1209 2199 nisi
1230 2133 1315 2216 quod
1337 2154 1528 2218 persuasum
1551 2134 1645 2198 nobis
1663 2155 1734 2200 osse
1760 2133 1870 2210 debet,
1897 2155 1965 2200 non
1993 2133 2059 2201 leri
2081 2133 2122 2199 de

120 2239 173 2282 rea
199 2219 322 2298 Gerar,
345 2218 511 2299 decerpit
533 2216 646 2283 Sarab.
691 2217 721 2282 3.
744 2215 789 2282 Et
810 2219 892 2284 uertit
913 2218 1028 2283 Ietova
1049 2218 1093 2285 ad
1144 2239 1245 2285 eausa
1266 2218 1375 2284 sedem
1399 2221 1462 2285 elio
1485 2219 1709 2285 transtulisse:
1733 2219 1926 2304 praesertim
1948 2240 2050 2303 quum
2072 2219 2122 2285 illi

119 2303 494 2372 embolimaeum
514 2305 620 2381 acuis,
642 2309 671 2368 et
690 2305 773 2368 diet
790 2305 836 2371 ei:
856 2301 936 2372 Ecce
957 2324 990 2370 es
1011 2324 1092 2370 mor·
1145 2325 1249 2388 nuper
1269 2305 1433 2389 pollicitus
1455 2315 1541 2372 esset
1562 2305 1665 2370 filium
1688 2326 1729 2370 ex
1754 2303 1850 2385 Sara,
1880 2326 1976 2389 quem
1998 2325 2041 2370 ne
2063 2325 2121 2388 op·

120 2394 207 2469 tmes,
233 2395 361 2473 prepter
384 2408 513 2454 caerem
533 2408 628 2469 qaam
650 2389 794 2470 accepisti
815 2409 911 2471 qaam
931 2391 1006 2470 ipsa
1026 2410 1091 2456 ma
1144 2400 1214 2456 tere
1236 2392 1366 2474 quidem
1389 2390 1534 2457 debebat.
1578 2389 1744 2458 Divinam
1764 2391 1896 2472 quidam
1917 2391 2012 2458 triste
2029 2410 2121 2473 speo-

117 2475 212 2541 ritata
235 2477 278 2540 sit
295 2476 418 2541 marito.
463 2474 493 2540 4.
518 2474 693 2541 Abimelecb
715 2479 817 2540 actem
837 2495 899 2540 aaa
919 2477 1091 2556 appropia-
1145 2475 1289 2541 taculum
1319 2475 1405 2561 quod
1431 2477 1478 2542 illi
1508 2475 1639 2543 assidue
1665 2475 1877 2560 ingerebatur
1907 2483 1984 2541 ante
2011 2476 2120 2542 oeulos

118 2567 269 2641 praeerat
289 2561 332 2626 ad
358 2581 440 2626 earu:
470 2561 576 2641 itaque
601 2561 697 2638 dieii,
720 2559 850 2638 leboaa,
879 2565 1091 2644 campartem
1143 2562 1275 2646 fugisse.
1321 2562 1497 2627 Planitiem
1529 2563 1615 2627 enim
1638 2583 1722 2645 quae
1744 2583 1851 2644 nuper
1872 2561 2029 2646 adspectu
2051 2571 2120 2626 tam

116 2649 210 2712 etiam
240 2647 355 2712 butem
382 2646 523 2712 coactas?
567 2644 596 2710 5.
622 2645 787 2727 Numquid
813 2666 874 2711 aaa
902 2649 969 2728 ipse
998 2647 1090 2726 dixit,
1144 2667 1280 2713 amoena
1307 2649 1430 2727 luerat,
1462 2657 1495 2712 et
1523 2647 1698 2731 multiplici
1719 2647 1853 2732 frugum
1876 2647 2119 2731 mpietatem,

118 2731 214 2799 Soror
230 2738 377 2798 mearet:
398 2731 727 2812 etipeaetimndiait:
746 2731 1038 2800 Fratermeaseet?
1055 2733 1091 2797 iu
1143 2733 1297 2799 cernebat
1316 2741 1477 2799 mutatam
1499 2734 1533 2798 in
1556 2733 1700 2800 deforme
1722 2733 1829 2802 chaos.
1873 2734 1918 2800 Et
1940 2741 2028 2799 certo
2046 2731 2119 2797 fieri
2195 2759 2201 2772 ·

115 2819 288 2902 mamare
305 2817 407 2884 cerdis
422 2818 492 2897 mei,
510 2821 537 2882 et
553 2819 588 2882 m
605 2817 764 2882 munditia
780 2837 932 2884 manaem
948 2838 1091 2882 mearam
1142 2826 1253 2902 potest
1273 2826 1311 2883 ut
1334 2818 1502 2902 sulphuris
1523 2818 1621 2886 odore
1643 2819 1765 2903 perfusi
1787 2818 1907 2885 brerint
1929 2818 2029 2884 vieini
2048 2837 2119 2884 om·

113 2905 172 2987 faci
192 2903 258 2970 boa.
293 2905 323 2970 6.
342 2902 387 2968 Et
406 2903 489 2968 ctat
507 2903 550 2970 ad
571 2923 640 2968 eam
657 2902 1091 2970 mauretaniarum
1142 2925 1211 2984 nes,
1233 2904 1368 2987 aliisque
1390 2925 1486 2972 eorru
1509 2905 1584 2972 telis
1600 2907 1721 2986 intecti,
1742 2926 1806 2989 quo
1822 2905 1940 2971 melius
1958 2903 2119 2970 sentirent

114 3011 166 3074 eqo
188 2991 263 3054 nora
283 2991 364 3072 qrmd
384 2990 419 3054 ia
445 2989 618 3072 intepritatc
646 2989 749 3054 cordis
773 2989 822 3054 tui
846 2989 949 3070 fecisti
970 2989 1091 3069 toea
1142 2998 1211 3056 tam
1250 2990 1459 3056 memorabile
1526 2990 1558 3056 ei
1595 2991 1762 3057 iudicium.
1816 2989 1896 3057 Ideo
1933 3009 2000 3054 non
2032 2988 2118 3055 male

109 3075 260 3158 probibai
286 3076 381 3140 etiam
402 3094 456 3158 epo
482 3079 511 3139 te
531 3094 569 3140 ue
592 3093 738 3154 peccares
765 3074 858 3139 mibi:
886 3076 1000 3141 idcirco
1028 3095 1091 3142 aaa
1142 3074 1295 3158 quadret,
1317 3076 1502 3155 Abraham,
1532 3078 1609 3161 quie
1636 3077 1829 3143 maledictus
1857 3075 1964 3142 fuerat
1988 3075 2119 3140 loeusa

108 3161 247 3242 pmmiei
267 3159 325 3226 tibi
345 3165 379 3224 at
399 3164 538 3244 temperes
559 3179 636 3226 eam.
681 3159 709 3224 l.
733 3159 777 3224 Et
797 3180 879 3226 aare
899 3161 993 3227 redde
1010 3181 1089 3227 aaa·
1141 3162 1294 3241 Domino,
1317 3164 1387 3228 eius
1408 3162 1623 3229 detestatione
1641 3164 1705 3229 alio
1727 3162 1826 3228 fuisse
1847 3169 1999 3228 tractum.
2035 3160 2117 3227 Ore-

112 3267 178 3312 rem
199 3247 284 3322 aba,
307 3247 384 3327 qaia
399 3245 552 3326 propbeta
572 3251 626 3323 est,
648 3249 677 3309 a
696 3245 796 3310 orabit
810 3266 873 3327 pro
889 3251 926 3326 te,
947 3248 1090 3313 avices:
1142 3246 1239 3313 dibile
1271 3247 1371 3313 etiam
1400 3254 1452 3314 est
1479 3247 1579 3333 (quod
1608 3247 1657 3314 illi
1689 3247 1828 3314 subinde
1860 3248 1941 3315 alias
1966 3245 2117 3332 contigit)

113 3333 194 3414 quad
211 3333 244 3397 si
260 3336 294 3397 ta
314 3351 378 3398 aaa
397 3331 584 3411 reddideris,
605 3331 681 3398 scito
699 3331 781 3414 aaa
802 3333 959 3398 moriendo
976 3333 1089 3400 morie·
1141 3334 1293 3401 abactum
1320 3333 1422 3399 fuisse
1449 3331 1617 3417 hospitum
1638 3333 1764 3400 malitie
1785 3341 1819 3399 et
1847 3333 1986 3398 iniuriis.
2028 3331 2116 3398 Nam

111 3419 217 3482 rista
236 3423 265 3484 at
287 3437 374 3484 omae
400 3418 481 3500 qaod
501 3417 629 3483 esttibi.
676 3417 704 3484 8.
728 3417 773 3482 Et
800 3420 939 3484 arrexit
958 3419 1088 3485 Abime-
1140 3440 1205 3503 quo
1227 3418 1393 3485 liberalius
1415 3419 1579 3484 Dominus
1602 3440 1696 3484 suam
1717 3419 1767 3484 illi
1789 3418 1929 3503 gratiam
1955 3418 2117 3502 patefece-

111 3503 176 3569 lecb
198 3524 307 3584 mane,
334 3504 502 3570 avocavit
529 3523 632 3568 mares
652 3523 756 3568 servos
777 3523 866 3580 euos,
895 3503 1089 3587 etbrqaatae
1140 3512 1208 3582 rat,
1234 3504 1379 3571 vicissim
1401 3505 1472 3571 eius
1494 3505 1701 3571 tolerantiam
1723 3506 1869 3570 exemeri
1891 3503 2050 3587 oportuit,
2078 3511 2116 3567 ut

111 3595 155 3653 est
176 3591 287 3656 amaia
307 3588 401 3654 uerba
421 3589 484 3654 ieta
505 3589 541 3654 iu
562 3588 695 3654 caribrm
715 3609 835 3669 emam,
863 3594 891 3654 et
918 3591 1089 3656 tbaaeraat
1140 3590 1353 3656 meditaretur
1370 3611 1405 3656 se
1427 3592 1639 3674 peregrinum
1662 3611 1732 3657 esse
1749 3591 1786 3655 in
1808 3598 1904 3656 terra.
1939 3589 1987 3653 Et
2003 3588 2114 3654 Moses

110 3676 174 3740 oiri
197 3674 296 3742 table.
341 3675 370 3740 9.
393 3673 439 3738 Et
458 3675 578 3740 vocavit
599 3674 777 3740 Abimelecb
798 3674 970 3755 Abrabam,
990 3681 1017 3740 et
1038 3677 1086 3741 di·
1140 3674 1314 3760 diligenter
1343 3677 1498 3760 exprimit
1518 3696 1593 3742 eum
1618 3675 1783 3742 habitasse
1805 3684 1960 3758 tunquam
1981 3673 2114 3758 inquili-

109 3763 158 3826 ait
181 3763 230 3826 ei:
256 3759 339 3842 Quid
358 3760 462 3842 fecisti
482 3760 596 3826 maffia?
625 3762 751 3842 etquid
766 3763 894 3844 peccam
916 3762 987 3839 tibi,
1010 3764 1087 3843 quia
1139 3784 1220 3828 num
1247 3763 1283 3827 in
1312 3770 1402 3828 terra
1424 3761 1541 3828 Gerar.
1584 3761 1639 3828 Ita
1667 3761 1819 3828 videmus
1847 3769 1992 3827 sanatam
2021 3759 2115 3826 illam

109 3847 273 3914 mamert
292 3866 388 3928 sapa
407 3865 457 3910 ma
477 3849 506 3911 et
526 3865 621 3926 asper
649 3866 777 3930 repaam
805 3867 907 3912 meam
925 3852 1086 3929 matam
1139 3847 1288 3926 domum,
1316 3848 1383 3914 huo
1411 3845 1490 3914 illua
1519 3845 1698 3932 dispulsam
1726 3848 1840 3924 fnisse,
1867 3864 1935 3911 non
1960 3867 2054 3913 secus
2076 3865 2114 3912 eo

106 3933 258 4015 moade?
288 3953 382 4013 opera
402 3951 482 4012 qaae
503 3951 566 3996 noa
586 3931 797 4013 demetriam,
825 3933 929 4015 fecisti
956 3953 1083 4000 mecam.
1138 3934 1332 4016 quisquiliae
1349 3933 1463 4012 solent,
1481 3954 1582 4017 quum
1599 3933 1708 4016 impiis
1719 3934 1786 3998 fixe
1801 3942 1887 3999 esset
1905 3932 2012 3999 statio.
2045 3930 2113 4013 Sed

110 4019 161 4083 10.
192 4018 239 4082 Et
264 4017 346 4084 dicit
373 4015 548 4083 Abimelecb
574 4018 618 4083 ad
645 4017 823 4082 Abrabam:
855 4019 938 4101 Quid
966 4020 1084 4099 uidisti,
1138 4020 1200 4102 piis
1222 4019 1302 4086 utile
1324 4028 1375 4086 est
1395 4018 1457 4086 hoe
1478 4016 1574 4084 modo
1603 4018 1773 4084 instabiles
1795 4038 1866 4085 esse
1887 4017 1922 4083 in
1945 4027 2048 4098 terre,
2071 4037 2114 4084 ne

106 4106 188 4254 {aia
209 4104 312 4256 Ῐνῑξίννν·
332 4123 398 4168 rem
409 4102 519 4254 labb&
558 4102 682 4256 llbtlt
695 4103 778 4254 dizrroit
799 4103 1085 4258 ἶίψὸναίιέννωὲνὸνῖ
1137 4105 1422 4257 inebomeddtbb
1447 4103 1777 4256 quietaffltitaticne
1800 4105 1945 4168 animum
1967 4106 2115 4189 figentes,

128 4211 196 4255 mr:
255 4209 387 4255 ereum
485 4207 568 4254 emor
619 4208 705 4253 erra
755 4208 787 4254 eo
874 4215 883 4256 :
1037 4211 1072 4256 en
1138 4211 1175 4257 ao
1265 4211 1340 4256 aere
1424 4208 1475 4254 em
1498 4210 1563 4254 amr
1652 4240 1659 4255 .

106 4295 154 4338 me
178 4279 314 4357 propter
339 4293 468 4340 waeran
496 4293 605 4340 aream
652 4275 702 4340 12.
724 4275 770 4338 Et
790 4276 883 4340 etiam
907 4211 976 4342 verb
996 4296 1084 4342 soror
1223 4276 1253 4342 2.
1276 4275 1372 4342 Dicit
1392 4276 1430 4342 de
1453 4273 1540 4342 Sara
1568 4295 1674 4341 maore.
1718 4274 1760 4339 In
1782 4274 1844 4341 heo
1874 4273 2010 4339 historia
2036 4294 2112 4356 pro-

105 4380 177 4426 mea
200 4360 272 4442 lilia
286 4361 395 4442 patrie
415 4361 477 4425 mei
497 4364 549 4438 cet,
572 4367 785 4426 verumtamen
805 4362 952 4443 abablio
973 4365 1085 4428 matris
1136 4363 1231 4512 Eonit
1261 4360 1354 4426 nobis
1383 4361 1518 4444 spiritus
1550 4369 1681 4427 sanetus
1709 4361 1835 4425 illustre
1864 4367 1932 4424 tam
1961 4359 2113 4426 infirmae

105 4466 212 4511 meae:
239 4451 265 4511 a
291 4446 355 4528 fait
382 4445 462 4511 mibi
489 4446 524 4509 ia
551 4465 686 4512 acorem
731 4446 781 4511 13.
801 4447 847 4510 Et
869 4448 933 4529 fait
958 4449 1085 4530 quanda
1160 4447 1351 4513 amenitatis
1370 4466 1466 4529 quam
1493 4445 1623 4513 divinae
1651 4447 1776 4530 gratiae
1804 4444 1982 4528 speeulum.
2027 4445 2110 4510 Pro-

104 4532 385 4598 cireamdaeeruat
411 4551 460 4598 me
481 4531 584 4614 amali
606 4533 753 4598 dedomo
776 4533 882 4614 patrie
908 4535 985 4612 mei,
1013 4534 1084 4600 dici
1135 4533 1287 4599 verbium
1315 4531 1452 4617 vulgare
1474 4542 1539 4610 est,
1568 4539 1699 4614 accepto
1725 4529 1813 4596 malo
1841 4530 1960 4598 stultos
1985 4549 2109 4613 sapere.

105 4620 149 4683 ei:
174 4617 266 4684 Haec
286 4623 331 4684 eet
350 4616 567 4682 misericordia
585 4623 641 4682 tua
661 4637 756 4699 qaam
776 4618 874 4699 facies
892 4638 1026 4697 mecam,
1047 4621 1084 4684 m
1134 4618 1237 4702 Atqui
1259 4618 1428 4684 Abraham
1457 4617 1601 4702 ingentis
1627 4616 1766 4700 periculi
1792 4615 1912 4682 oblitus
1938 4615 2026 4698 quod
2048 4615 2111 4681 sibi

104 4706 194 4770 maai
216 4703 278 4770 loco
295 4705 339 4769 ad
359 4723 449 4785 quera
469 4703 634 4779 vmiemae,
655 4703 705 4770 dic
725 4704 763 4769 de
782 4705 846 4769 me':
863 4703 980 4769 Frater
995 4723 1084 4770 urere
1135 4705 1170 4770 in
1210 4707 1362 4788 Aegypto
1400 4702 1576 4782 acciderat,
1616 4705 1650 4767 in
1691 4699 1831 4767 eundem
1871 4722 1986 4773 rursus
2024 4700 2109 4786 lapi·

104 4796 162 4856 eet.
214 4789 263 4854 14
283 4783 328 4854 Et
348 4790 428 4871 cepit
449 4787 625 4854 Abimeteob
640 4789 782 4870 pecuda,
804 4794 832 4853 et
852 4789 947 4868 boues,
968 4795 997 4855 et
1017 4809 1082 4856 eer-
1137 4789 1212 4856 dem
1233 4789 1404 4873 impingit:
1436 4809 1539 4871 quum
1565 4797 1674 4852 tamen
1699 4787 1775 4852 date
1796 4807 1895 4871 opera
1917 4787 2110 4872 castigasset

104 4896 174 4953 aas,
200 4881 230 4940 et
248 4874 395 4954 ammae,
417 4874 548 4940 etdedit
567 4874 744 4940 Abrabam:
770 4879 799 4938 et
818 4875 952 4940 restituit
972 4877 1002 4940 ei
1025 4875 1083 4940 Sa-
1135 4897 1211 4942 eum
1252 4875 1430 4952 Dominus,
1472 4882 1511 4939 ut
1545 4872 1581 4937 in
1616 4881 1718 4939 totam
1755 4873 1858 4938 vitam
1892 4873 1983 4938 utilis
2023 4883 2109 4939 esset

103 4961 168 5028 rab
186 4980 319 5026 macrum
335 4962 411 5026 aiae.
450 4960 499 5026 15.
518 4957 563 5025 m
578 4962 662 5027 dicit
679 4960 868 5026 Abimdecb:
889 4959 976 5037 Ecce,
998 4965 1083 5026 terra
1134 4961 1191 5029 ille
1209 4960 1395 5027 admonitio.
1440 4960 1530 5043 urge
1549 4960 1584 5024 in
1606 4959 1756 5042 exemplo
1778 4959 1882 5025 saneti
1903 4958 2109 5041 patrierehae

102 5067 179 5112 mea
203 5051 373 5124 commta,
396 5046 432 5111 ia
452 5046 523 5112 loeo
543 5045 619 5112 bano
638 5066 743 5113 coram
764 5047 946 5114 medietate
966 5046 1081 5111 babitu
1134 5047 1350 5130 conspicimus
1393 5066 1470 5111 uam
1490 5044 1596 5110 facilis
1620 5043 1755 5127 obrepat
1781 5043 1876 5110 nobis
1896 5052 1967 5109 tum
1986 5065 2104 5126 poene·

104 5130 222 5199 uter
237 5128 607 5199 naucratiticum
623 5132 695 5198 dedi
711 5133 796 5198 mue
813 5137 968 5216 arpmteos
983 5131 1082 5214 fratri
1134 5153 1208 5198 rum
1230 5140 1302 5197 tum
1330 5068 1555 5215 indulgentiae
1577 5130 1642 5195 Dei
1668 5130 1799 5196 oblivio.
1842 5129 1928 5195 Nam
1951 5127 2037 5211 quod
2058 5128 2107 5194 illi

101 5225 175 5286 ruo.-
198 5236 271 5296 ecce,
293 5222 337 5283 eet
359 5215 415 5285 tibi
436 5217 657 5298 amaruan
678 5219 843 5296 emtarum,
864 5218 1005 5284 amma
1026 5218 1082 5298 qai
1132 5219 1167 5282 in
1190 5225 1335 5283 mentem
1357 5237 1423 5282 non
1446 5216 1539 5282 venit
1558 5236 1595 5280 ae
1613 5215 1722 5283 Deum
1745 5215 1846 5280 semel
1867 5220 2023 5294 tentasse,
2046 5236 2106 5282 neo

100 5309 181 5372 aar
204 5307 313 5382 traam,
340 5304 425 5369 etia
445 5302 587 5370 muribus
608 5307 740 5369 correcta
759 5305 832 5386 fait.
877 5304 926 5368 ll.
948 5301 993 5368 Et
1012 5322 1082 5368 ora·
1132 5325 1190 5388 per
1221 5323 1315 5370 suam
1347 5302 1476 5386 onlpem
1507 5301 1638 5368 stetisse
1671 5301 1749 5384 quin
1777 5321 1860 5366 uxor
1891 5299 1932 5366 ad
1961 5299 2106 5366 ebenum
