5022 6192
425 397 487 460 131
1082 394 1452 464 COMMENTARIUS
1475 397 1524 462 IN
1548 394 1761 464 GENESIN.
2343 397 2389 461 132

425 564 583 648 quaedam
613 570 750 629 naturae
777 565 894 646 prioris
916 566 1096 646 restitutio,
1118 587 1219 650 quum
1240 566 1331 632 Deus
1354 568 1396 633 ad
1445 569 1561 651 posuit,
1585 589 1627 632 ne
1652 587 1763 633 secure
1791 575 2036 633 contemnamus
2058 567 2129 632 eius
2151 567 2299 650 gratiam,
2323 569 2391 632 unde

425 649 522 715 Noah
543 647 680 714 adduxit
700 669 782 730 quae
803 651 874 714 eius
894 671 993 732 opera
1014 663 1046 716 et
1067 652 1248 718 ministerio
1271 654 1395 719 servari
1446 654 1514 719 vita
1534 661 1647 718 nostra
1668 651 1838 735 dependet.
1879 652 1966 718 Nam
1984 653 2180 717 elementum
2198 672 2309 734 equae,
2324 652 2390 734 quod

426 735 563 800 volebat.
616 733 729 816 Neque
763 736 851 800 enim
881 756 974 802 secus
998 738 1172 803 indomitas
1207 738 1330 804 belluas
1359 741 1395 803 in
1447 759 1548 803 nnum
1585 761 1628 804 ex
1660 737 1750 803 vitae
1784 738 1952 822 principiis
1987 738 2192 804 constituunt
2222 736 2391 820 philosophi,

425 840 485 885 sua
513 840 588 885 arca
616 819 778 885 continuit
807 821 917 900 Noah,
950 838 1046 905 quam
1075 823 1109 886 in
1143 835 1231 889 corte
1264 824 1397 889 aluntur
1447 834 1583 890 mortem
1615 824 1708 889 nobie
1741 845 1872 890 sursum
1906 844 1943 888 ac
1978 823 2127 890 deorsum
2156 825 2316 901 minatur,
2343 825 2391 888 nisi

424 905 566 990 gallinae
601 915 634 969 et
663 925 803 970 anseres.
858 907 927 972 Nec
965 928 1044 974 vero
1075 929 1313 992 supervacuum
1346 916 1396 976 est
1446 917 1609 993 quatenns
1641 909 1799 974 retinetur
1819 908 1884 974 Dei
1912 930 2020 974 manu.
2069 908 2165 989 Quod
2196 907 2274 974 dicit
2301 918 2392 991 ruptos

424 990 508 1073 qnod
532 989 673 1068 additur,
696 991 825 1057 venisse
846 993 917 1075 ipsa
938 991 1092 1058 animalia
1114 995 1199 1059 siout
1219 995 1311 1060 Dens
1332 995 1397 1079 ipsi
1446 997 1549 1061 fnisse
1581 996 1701 1069 fontes,
1733 1006 1766 1060 et
1795 1003 1924 1077 apertas
1952 1005 2145 1071 cataractas,
2176 994 2392 1076 metaphoricae

423 1075 519 1141 Noah
554 1084 779 1158 praeceperat:
813 1079 975 1160 significat
1010 1080 1097 1144 enim
1127 1080 1235 1144 Deum
1266 1080 1396 1145 benedi·

424 1162 513 1227 xisse
544 1161 699 1244 obsequio
727 1160 839 1238 Noah,
869 1184 911 1228 ne
937 1165 1051 1230 irritus
1078 1177 1165 1231 esset
1198 1167 1265 1232 eius
1294 1165 1394 1231 labor.

423 1246 631 1329 Impossibile
652 1255 738 1324 erat,
761 1247 940 1314 secundum
968 1249 1148 1327 hominem,
1172 1262 1210 1315 ut
1232 1263 1396 1317 momento

423 1352 491 1396 nno
519 1331 595 1396 talis
623 1332 715 1397 fieret
741 1333 887 1397 omnium
910 1335 1101 1400 animalium
1123 1355 1316 1403 concursus:
1339 1336 1396 1402 sed

425 1417 503 1499 quia
524 1416 620 1483 Noah
650 1417 840 1500 simpliciter
869 1420 940 1484 Deo
968 1429 1122 1486 eventum
1155 1421 1396 1501 commendans,

425 1502 511 1586 quod
533 1502 594 1568 sibi
616 1503 801 1569 iniunctum
823 1512 873 1570 est
901 1507 1106 1589 exsequitur:
1137 1507 1278 1574 vicissim
1304 1506 1397 1573 Deus

425 1589 581 1653 virtutem
613 1587 704 1653 addit
736 1599 909 1672 praecepto
942 1612 1017 1668 suo,
1051 1614 1091 1658 ne
1125 1593 1243 1658 effectu
1277 1601 1395 1659 careat.

424 1672 496 1738 Imo
530 1674 660 1757 proprie
693 1673 870 1757 loquendo,
907 1674 988 1748 haec
1028 1687 1098 1741 erat
1129 1680 1300 1761 promissio
1333 1680 1397 1743 Dei

424 1759 589 1824 mandatis
633 1781 769 1824 annexa.
830 1759 910 1825 Ideo
948 1762 1155 1828 statuendum
1197 1773 1259 1844 est,
1299 1764 1395 1830 fidem

426 1844 522 1909 Noah
550 1845 626 1927 plus
654 1845 796 1910 valuisse
824 1846 975 1912 omnibus
1004 1847 1109 1932 plagis
1139 1861 1172 1914 et
1198 1850 1322 1915 retibus
1356 1851 1397 1914 ad

424 1940 591 2012 capturam
614 1931 822 1995 animalium:
843 1930 979 1996 eandem
1000 1955 1126 2016 quoque
1143 1935 1274 2001 ianuam
1297 1937 1397 2001 luisse

425 2036 488 2097 qua
510 2015 635 2095 leones,
659 2025 692 2080 ot
713 2016 796 2098 lupi,
822 2024 855 2081 et
884 2019 984 2100 tigres
1013 2040 1087 2084 oum
1118 2019 1219 2085 hobus
1241 2031 1275 2086 et
1303 2023 1398 2104 agnis

425 2100 551 2184 placide
580 2123 615 2166 se
639 2102 672 2166 in
702 2121 811 2166 arcam
840 2103 1032 2185 reciperent.
1082 2106 1192 2187 Atque
1222 2108 1302 2171 haec
1332 2127 1398 2171 una

423 2187 509 2250 ratio
542 2195 607 2264 est,
638 2207 703 2269 qna
732 2186 938 2252 difficultates
966 2210 1079 2255 omnes
1107 2191 1292 2270 vincamus,
1319 2191 1396 2256 dum

422 2271 518 2337 facile
542 2292 612 2336 esse
633 2271 706 2336 Deo
729 2276 875 2354 persuasi
898 2274 985 2356 quod
1007 2277 1100 2340 nobis
1122 2277 1319 2360 impossibile
1337 2287 1396 2354 est,

423 2357 624 2423 alacritatem
648 2378 689 2421 ex
711 2378 768 2439 spe
790 2359 998 2441 concipimus.
1043 2361 1213 2440 Quomodo
1243 2362 1321 2428 bina
1348 2364 1397 2428 in·

423 2463 537 2526 gressa
566 2443 633 2506 sint
661 2443 830 2522 animalia,
853 2445 944 2528 prius
966 2445 1086 2511 dictum
1110 2457 1167 2512 est.
1211 2447 1264 2513 De
1285 2469 1397 2514 mense

424 2549 550 2610 quoque
582 2528 728 2592 diversas
762 2529 975 2612 interpretum
1012 2533 1180 2613 opiniones
1213 2534 1394 2599 retulimus.

424 2613 511 2678 Nam
534 2635 633 2694 quum
656 2614 797 2678 Hebraei
820 2634 944 2680 annum
966 2616 999 2679 in
1023 2617 1119 2682 rebus
1142 2620 1242 2682 sacris
1266 2641 1285 2683 a
1307 2619 1396 2684 Mar-

424 2699 470 2764 tio
489 2699 663 2782 incipiant,
687 2700 721 2763 in
745 2701 884 2782 negotiis
911 2707 1021 2766 alitem
1042 2705 1182 2768 terrenis
1205 2725 1224 2768 a
1247 2703 1394 2786 Septem·

424 2783 489 2848 bri:
520 2785 570 2850 vel
608 2785 692 2867 quod
725 2785 811 2850 idem
841 2796 904 2863 est,
935 2785 999 2851 duo
1036 2789 1238 2870 aequinoctia
1275 2789 1395 2872 duplex

423 2869 513 2952 apud
534 2870 608 2935 illos
635 2871 779 2935 efficiant
800 2873 878 2935 anni
904 2873 1089 2937 exordium:
1118 2875 1248 2956 quidam
1278 2885 1397 2958 putant

424 2976 553 3020 sacrum
575 2977 697 3022 annum
719 2956 773 3022 hic
795 2959 911 3036 notari,
933 2958 989 3022 alii
1010 2980 1087 3025 vero
1105 2961 1283 3042 politicum.
1317 2962 1397 3025 (lae-

426 3053 534 3105 terum
557 3043 632 3124 quia
655 3043 743 3123 prior
765 3061 922 3107 annorum
952 3045 1035 3108 ratio
1065 3044 1224 3110 divinitus
1247 3046 1397 3111 ordinata

424 3127 502 3204 luit,
524 3138 555 3190 et
586 3137 724 3191 naturae
746 3127 844 3191 etiam
867 3131 971 3212 magis
996 3142 1214 3196 consentanea
1236 3139 1299 3207 est,
1322 3154 1396 3215 pro-

424 3212 565 3361 }rabilius
587 3212 717 3277 videtur
738 3214 824 3278 oiroa
846 3235 984 3279 vernum
1018 3223 1146 3299 tempus
1174 3219 1318 3301 coepisse
1348 3218 1396 3281 di-

440 3318 562 3362 uvrum.

513 3385 562 3448 11.
583 3382 683 3462 Rapte'
700 3388 773 3449 sant
789 3403 892 3448 marma
907 3385 1015 3465 fontes.
1050 3387 1195 3452 Revocat
1217 3407 1276 3451 nos
1287 3388 1396 3454 Moses

425 3468 467 3533 ad
489 3470 678 3534 memoriam
701 3469 826 3550 primae
843 3471 1025 3535 creationis.
1065 3473 1168 3536 'terra
1191 3473 1279 3536 enim
1301 3487 1397 3537 natu·

424 3554 538 3618 raliter
559 3555 651 3637 aquis
673 3563 787 3637 operta
809 3564 894 3620 erat:
918 3565 949 3620 et
974 3557 1132 3638 singulari
1156 3557 1221 3621 Dei
1241 3558 1397 3624 beneficio

425 3641 546 3706 sactum
571 3647 621 3704 est
642 3651 680 3703 ut
709 3642 778 3706 loco
807 3643 976 3719 cessarint,
1007 3663 1070 3723 quo
1099 3663 1238 3708 vacuum
1267 3643 1397 3726 aliquod

426 3726 566 3806 spatium
588 3725 808 3791 animantibus
831 3724 971 3791 daretur.
1009 3729 1053 3792 ¹lit
1072 3728 1132 3794 hoo
1155 3729 1252 3792 fateri
1274 3749 1397 3812 cogun-

426 3821 481 3874 tur
503 3811 697 3892 philosophi,
720 3821 849 3892 praeter
871 3823 1022 3877 naturam
1046 3835 1116 3878 esse
1139 3823 1175 3877 ut
1198 3813 1290 3896 aquis
1312 3815 1397 3879 infra

428 3894 670 3960 subsidentibus
697 3896 804 3978 aliqua
833 3908 939 3962 terrac
965 3899 1069 3981 portio
1092 3900 1242 3964 emineat.
1288 3898 1398 3983 Serip-

429 3991 503 4044 tura
531 3991 638 4045 autem
663 3981 751 4044 inter
772 3983 834 4046 Dei
857 3984 1015 4048 miracula
1039 3985 1099 4050 hoc
1128 3996 1290 4065 recenset,
1314 3987 1399 4067 quod

428 4065 529 4130 maris
561 4067 718 4147 impetum
752 4079 841 4131 arcet
874 4071 965 4150 quasi
993 4071 1171 4152 repagulis,
1205 4092 1245 4134 ne
1273 4083 1399 4153 partem

430 4163 537 4216 terrae
565 4152 769 4233 submergat,
793 4173 874 4234 quae
902 4152 1086 4221 hominibus
1108 4159 1141 4220 in
1164 4156 1399 4221 habitationem

429 4257 581 4303 concessa
603 4248 659 4302 eet.
697 4237 792 4302 Dixit
810 4240 906 4304 otiam
925 4241 1030 4322 primo
1052 4243 1157 4323 capite
1179 4241 1298 4318 Moses,
1320 4245 1400 4308 alias

429 4343 529 4406 aquas
559 4343 689 4387 sursum
712 4324 745 4387 in
780 4325 868 4389 coelo
897 4328 995 4391 luisse
1026 4346 1216 4409 suspensas:
1246 4328 1399 4410 quemad·

427 4407 561 4473 modum
583 4417 616 4472 et
640 4406 749 4473 David
769 4409 870 4474 tradit
891 4412 994 4476 teneri
1022 4412 1165 4478 inclusas
1188 4422 1341 4494 tanquam
1365 4415 1398 4479 in

427 4503 511 4559 utre.
561 4494 711 4576 Denique
738 4495 771 4559 in
804 4496 939 4578 regione
972 4511 1079 4562 terrae
1112 4497 1282 4564 habitabili
1309 4500 1399 4564 Deus

427 4581 593 4645 theatrum
618 4578 804 4647 hominibus
826 4584 946 4646 erexit:
976 4593 1008 4647 et
1037 4585 1075 4648 fit
1097 4603 1217 4648 aroana
1238 4585 1308 4648 eius
1332 4586 1398 4649 vir·

427 4677 499 4730 tute
520 4686 562 4730 ne
584 4687 687 4747 aquae
707 4667 938 4732 subterraneae
958 4667 998 4732 ad
1016 4690 1075 4733 noe
1092 4669 1287 4753 mergendos
1309 4671 1399 4735 ebul-

427 4751 525 4829 liant,
551 4761 583 4816 et
610 4751 708 4816 simul
741 4754 929 4834 conspirent
955 4774 1058 4836 aquae
1090 4755 1252 4821 coelestes.
1302 4756 1399 4822 Nunc

428 4847 538 4900 autem
566 4836 645 4902 dicit
668 4837 794 4917 Moses,
824 4859 924 4920 quum
954 4839 1046 4904 Deus
1074 4841 1233 4906 mundum
1263 4841 1398 4922 perdere

428 4921 528 4986 vellet
552 4921 690 5001 diluvio,
719 4935 822 4989 metas
847 4924 921 4990 illas
949 4923 1049 4990 fuisse
1085 4925 1240 4991 revulsas.
1291 4929 1399 5009 Atque

427 5006 481 5072 hio
502 5008 595 5072 nobis
616 5009 886 5075 considerandum
904 5021 953 5075 est
970 5011 1118 5076 mirabile
1135 5011 1200 5076 Dei
1216 5012 1397 5078 consilinm.

429 5093 564 5158 Poterat
581 5094 668 5157 enim
686 5105 814 5159 tantum
833 5116 992 5178 aquarum
1011 5099 1109 5162 certis
1127 5097 1238 5174 alveis,
1258 5111 1315 5163 aut
1333 5108 1397 5162 tor·

428 5198 483 5243 rae
506 5179 599 5243 venis
626 5180 809 5258 includere,
836 5180 921 5263 quod
943 5181 984 5247 ad
1016 5181 1179 5248 humanae
1204 5183 1292 5248 vitae
1317 5205 1398 5249 usus

429 5265 608 5329 sufficeret:
641 5267 697 5330 sed
740 5266 886 5332 consulto
919 5269 1006 5332 inter
1039 5267 1103 5334 duo
1135 5269 1307 5352 sepulchra
1340 5291 1398 5334 nos

1447 1089 1525 1145 sunt
1540 1080 1754 1163 loquutiones,
1771 1080 1889 1163 quibus
1910 1080 2066 1164 intelligit
2082 1102 2149 1145 non
2165 1079 2299 1144 fluxisse
2315 1101 2395 1161 aquas

1447 1167 1567 1231 usitato
1589 1185 1689 1242 more,
1708 1187 1768 1232 nec
1786 1166 1926 1231 stillasse
1942 1167 2087 1248 pluviam
2108 1186 2126 1229 e
2144 1163 2247 1230 coelo:
2271 1165 2324 1230 sed
2339 1166 2395 1230 sub

1447 1252 1514 1316 lata
1536 1252 1759 1327 distinetione,
1781 1273 1878 1334 quam
1903 1251 2051 1316 videmus
2073 1272 2092 1315 a
2114 1250 2186 1316 Deo
2207 1251 2309 1315 luisse
2328 1254 2394 1332 posi-

1447 1345 1530 1416 tam,
1558 1337 1666 1401 nnllas
1701 1333 1842 1420 amplius
1871 1337 1972 1402 fuisse
2000 1359 2090 1402 seras
2122 1357 2203 1419 qnae
2235 1336 2395 1400 violentum

1446 1423 1604 1506 impetum
1626 1422 1823 1488 cohiberent.
2012 1485 2017 1493 ,

1534 1509 1583 1573 12.
1607 1507 1651 1572 Et
1670 1508 1733 1589 fuit
1747 1509 1872 1589 plavia.
1918 1506 2113 1590 Quanquam
2143 1528 2303 1591 aquarum
2327 1507 2395 1572 clau·

1448 1602 1517 1659 stra
1538 1595 1636 1677 fregit
1656 1594 1834 1673 Dominus,
1857 1603 2049 1658 nontamen
2071 1594 2143 1657 vult
2165 1614 2232 1657 uno
2255 1605 2395 1656 momento

1447 1700 1631 1761 erumpere,
1653 1691 1691 1743 nt
1713 1689 1832 1744 terram
1862 1680 2010 1762 protinus
2035 1679 2245 1744 absorbeant:
2268 1679 2322 1743 sed
2341 1677 2397 1759 plu·

1448 1765 1533 1829 viem
1560 1764 1670 1830 diebus
1688 1763 1905 1848 quadraginta
1922 1765 2106 1829 continuat:
2125 1765 2246 1848 partim
2266 1779 2302 1828 ut
2321 1763 2396 1828 Noah

1447 1850 1546 1932 longa
1585 1850 1796 1916 meditatione
1836 1849 1932 1915 altius
1972 1850 2147 1915 memoriae
2186 1871 2266 1914 suae
2305 1851 2397 1931 infigat

1448 1937 1533 2018 quod
1556 1936 1646 2021 prius
1668 1937 1768 2000 verbo
1786 1936 1919 2001 edoctus
1936 1933 2105 2000 didicerat:
2125 1937 2245 2020 partim
2270 1947 2307 1999 ut
2326 1933 2396 2015 impii

1448 2031 1524 2086 ante
1546 2033 1683 2086 mortem
1706 2023 1866 2086 sentirent
1888 2043 1952 2085 non
1976 2022 2090 2086 inanes
2112 2023 2211 2086 fuisse
2233 2042 2314 2103 quas
2332 2019 2397 2082 ludi·

1448 2105 1518 2171 brio
1540 2107 1719 2172 habuerant
1743 2108 1858 2172 minas.
1903 2107 1970 2186 Qui
1992 2107 2077 2170 enim
2101 2107 2228 2171 tamdiu
2250 2106 2398 2170 illuserant

1449 2194 1510 2257 Dei
1535 2194 1721 2274 patientiae,
1744 2192 1835 2276 digni
1863 2201 1957 2257 erant
1978 2192 2035 2274 qui
2060 2193 2217 2274 paulatim
2240 2193 2324 2256 iusto
2343 2191 2397 2252 eins

1448 2278 1566 2342 iudicio
1588 2299 1623 2342 se
1645 2279 1751 2360 perire
1774 2279 1951 2357 sentirent,
1972 2277 2057 2360 quod
2078 2278 2143 2342 illis
2162 2278 2269 2342 instar
2290 2275 2398 2340 fabulae

1448 2385 1507 2445 per
1528 2373 1658 2430 centum
1680 2384 1784 2429 annos
1806 2365 1920 2428 fuerat.
1966 2365 2074 2446 Atque
2096 2365 2144 2428 ita
2166 2365 2326 2428 Dominus
2346 2361 2397 2442 ple-

1448 2470 1587 2531 rumque
1614 2447 1733 2513 iudicia
1755 2469 1813 2513 sua
1834 2458 2007 2531 temperat,
2031 2461 2065 2512 nt
2086 2470 2145 2531 per
2171 2449 2276 2513 otium
2303 2447 2398 2512 melius

1448 2534 1637 2617 expendant
1657 2535 1806 2599 homines
1828 2555 1910 2616 quae
1932 2535 2039 2599 subito
2057 2536 2196 2599 transitu
2215 2547 2344 2618 possent
2358 2551 2399 2594 eos

1448 2621 1603 2684 attonitos
1626 2620 1769 2684 reddere.
1815 2618 1881 2686 Sed
1905 2620 1957 2686 hic
1980 2641 2014 2684 se
2044 2621 2166 2703 profert
2190 2621 2274 2683 mira
2295 2618 2399 2701 ingenii

1447 2708 1549 2771 nostri
1571 2708 1731 2788 pravitas:
1751 2707 1836 2788 qnod
1858 2706 1886 2769 si
1903 2714 2037 2788 repente
2055 2708 2104 2770 ira
2126 2705 2190 2770 Dei
2212 2726 2248 2769 ee
2269 2703 2398 2776 affundit,

1448 2792 1517 2856 sine
1555 2811 1654 2856 sensu
1691 2792 1965 2873 obstupescimus:
2004 2793 2031 2856 si
2064 2803 2174 2856 autem
2211 2789 2399 2872 progreditur

1447 2887 1537 2942 certo
1555 2876 1660 2956 modo,
1678 2876 1806 2942 vilescit
1823 2878 1893 2959 ipsa
1911 2876 2161 2942 consuetudine:
2185 2877 2261 2960 quia
2278 2897 2337 2940 nec
2349 2873 2400 2936 Dei

1447 2982 1581 3026 manum
1611 2960 1752 3027 libenter
1773 2962 1979 3044 agnoscimus
2008 2963 2078 3027 sine
2107 2961 2286 3035 miraculis,
2318 2972 2347 3024 et
2363 2959 2399 3022 la·

1448 3048 1516 3121 cilo,
1535 3048 1628 3129 quasi
1646 3047 1784 3113 obducto
1802 3047 1893 3124 callo,
1913 3046 1952 3111 ad
1975 3057 2182 3130 conspectum
2205 3068 2335 3130 operum
2352 3045 2401 3109 Dei

1447 3133 1698 3198 obduresoimus.

1535 3219 1584 3282 13.
1609 3219 1686 3298 Ipso
1708 3218 1810 3283 eodem
1830 3218 1882 3284 die
1910 3219 2071 3302 inpressas
2092 3222 2136 3282 est
2159 3217 2265 3294 Noah,
2285 3223 2315 3281 et
2335 3215 2400 3280 Sea.

1448 3303 1604 3386 Sequitur
1626 3303 1774 3385 repetitio
1796 3305 1874 3368 satis
1897 3302 2041 3382 verbosa,
2063 3312 2160 3386 prout
2182 3304 2346 3369 historiam
2364 3300 2401 3362 di·

1446 3389 1531 3454 luvii
1553 3391 1698 3454 breviter
1718 3391 1910 3473 perstringit
1931 3389 2056 3454 Moses:
2079 3389 2136 3454 sed
2159 3399 2267 3454 umen
2284 3388 2402 3452 minime

1448 3477 1623 3558 superflua.
1667 3474 1850 3540 Consilium
1878 3475 1965 3538 enim
1989 3474 2125 3556 spiritus
2153 3476 2233 3550 fuit,
2257 3495 2315 3538 uos
2341 3473 2402 3536 reti·

1448 3582 1526 3626 nere
1547 3561 1583 3625 in
1612 3560 1869 3625 consideratione
1895 3571 1962 3624 tam
1988 3559 2171 3624 horrendae
2198 3561 2336 3636 ultionis,
2361 3557 2401 3622 eui

1448 3646 1541 3711 nulla
1562 3645 1737 3710 verborum
1759 3647 1913 3712 atrocitas
1934 3666 1993 3727 par
2015 3645 2125 3710 futura
2146 3657 2226 3710 erat.
2266 3645 2317 3709 ad
2338 3643 2402 3706 haec

1448 3733 1531 3797 nihil
1551 3731 1605 3796 hio
1623 3742 1776 3796 narratur
1794 3752 1860 3797 nou
1878 3729 2010 3796 difficile
2028 3729 2167 3796 creditu:
2188 3751 2287 3814 quare
2306 3729 2402 3793 eadem

1450 3819 1578 3899 saepius
1605 3817 1747 3881 inculcat
1763 3817 1890 3891 Moses,
1910 3825 1949 3880 ut
1978 3817 2189 3898 quantumvis
2211 3823 2333 3880 remota
2351 3815 2404 3878 sint

1449 3925 1589 3968 asensu
1616 3912 1741 3980 nostro,
1767 3901 1865 3967 fidem
1895 3911 2007 3967 tamen
2038 3901 2124 3984 apud
2154 3922 2215 3966 uos
2244 3901 2402 3994 obtineant

1449 3988 1502 4053 Ita
1524 3990 1668 4052 narratio
1690 3988 1730 4052 de
1760 3987 1955 4052 animalibus
1976 3986 2040 4053 huc
2067 3997 2208 4069 spectat,
2230 3986 2294 4051 fide
2314 3995 2404 4051 sanct

1449 4074 1547 4138 Noah
1574 4096 1592 4137 e
1614 4074 1717 4158 sylvis
1747 4085 1780 4138 et
1805 4073 1949 4138 latibulis
1977 4082 2115 4138 attracta
2141 4093 2229 4138 esse:
2260 4095 2300 4137 ex
2328 4070 2404 4151 vagis

1450 4161 1517 4224 suis
1540 4159 1737 4224 discursibus
1765 4158 1899 4225 collecta
1920 4159 1956 4222 in
1978 4179 2081 4222 unum
2103 4158 2225 4237 locum,
2249 4180 2286 4224 ac
2307 4159 2333 4222 si
2353 4157 2405 4219 Da

1450 4267 1549 4313 manu
1571 4243 1710 4310 adducta
1727 4247 1843 4309 forent.
1880 4243 2041 4308 Videmus
2059 4263 2138 4328 ergo
2155 4255 2195 4308 nt
2214 4265 2278 4308 non
2299 4243 2404 4308 trustra

1450 4331 1486 4394 in
1507 4329 1570 4396 hac
1597 4341 1689 4413 parte
1718 4331 1861 4395 insistat:
1885 4340 1923 4394 nt
1942 4329 2083 4394 sciamus
2103 4351 2168 4394 non
2190 4329 2335 4404 fortuito,
2356 4345 2403 4422 neo

1451 4417 1622 4482 hominum
1657 4415 1820 4481 industria
1857 4430 2004 4482 servatas
2037 4415 2139 4480 tuisse
2171 4415 2316 4499 singulas
2347 4431 2404 4474 am·

1450 4502 1587 4565 malium
1611 4502 1749 4584 species:
1774 4501 1830 4566 sed
1855 4502 1930 4583 quia
1952 4499 2116 4566 Dominus
2137 4500 2291 4583 quidquid
2317 4496 2404 4563 voluit

1450 4587 1577 4652 salvum
1605 4608 1754 4664 manere,
1784 4585 1825 4651 de
1844 4607 1946 4651 manu
1977 4584 2074 4670 (quod
2097 4585 2204 4671 aiunt)
2231 4589 2266 4651 in
2287 4601 2405 4650 manum

1449 4673 1512 4754 ipsi
1535 4672 1628 4737 Noah
1652 4673 1798 4755 porrexit
1814 4681 1847 4736 et
1865 4671 1992 4738 obtulit.

1537 4758 1586 4823 16.
1598 4756 1643 4823 Et
1663 4759 1775 4824 alcarii
1791 4778 1861 4822 eam
1879 4758 2043 4824 Dominus.
2083 4757 2198 4839 Neque
2218 4758 2277 4822 hoe
2297 4767 2405 4847 temere

1450 4842 1595 4908 additum
1619 4854 1682 4923 est,
1705 4865 1765 4909 neo
1794 4845 1908 4908 leviter
1930 4843 2100 4924 praeteriri
2122 4843 2223 4909 decet.
2267 4841 2405 4924 oportue

1450 4929 1592 5011 amplam
1638 4951 1710 4994 esse
1748 4931 1878 4993 ianuam
1918 4949 2000 5010 quae
2035 4926 2243 5010 elephantem
2280 4939 2405 5020 caperet

1449 5015 1518 5080 Nec
1548 5035 1628 5080 sane
1663 5015 1728 5080 ulla
1761 5029 1829 5080 tam
1862 5016 1958 5079 firma
1990 5023 2023 5078 et
2056 5027 2122 5078 tam
2157 5026 2260 5079 tenax
2289 5014 2405 5094 piceno

1448 5101 1540 5165 nulla
1556 5102 1653 5164 etiam
1672 5113 1740 5166 tam
1759 5099 1860 5166 solida
1877 5101 2055 5182 compactio
2072 5121 2142 5164 esse
2164 5101 2276 5182 potuit,
2299 5109 2334 5163 nt
2350 5114 2406 5160 non

1450 5186 1566 5251 saltem
1589 5186 1703 5251 multis
1725 5185 1818 5251 rimis
1837 5187 1999 5250 immensa
2020 5185 2070 5250 vis
2092 5205 2195 5268 aquae
2220 5193 2406 5268 penetraret:

1449 5273 1640 5354 praesertim
1660 5273 1695 5336 in
1717 5281 1784 5336 tam
1807 5271 1952 5336 violenta
1973 5271 2169 5354 irruptione,
2192 5281 2227 5336 et
2248 5268 2406 5336 iactatione
