5022 6192
128 471 184 536 101
792 469 1161 540 COMMENTARIUS
1184 469 1235 538 IN
1256 471 1470 540 (subnata.
2050 472 2112 540 102

125 660 209 728 Mihi
241 669 350 726 autem
386 667 462 724 tera
491 667 525 723 nt
554 657 694 740 simplex
725 655 852 723 videtur
881 677 951 723 esse
979 677 1092 724 eorum
1229 659 1280 726 24.
1312 657 1459 744 Septaplo
1483 661 1692 728 vindicabitur
1725 657 1815 728 Onia.
1867 659 1952 726 Mibi
1975 681 2040 726 nnn
2061 669 2113 728 ιιι

124 746 294 826 sententia,
312 746 366 829 qui
385 744 519 810 verbum
537 741 707 828 praeteriti
725 741 880 826 temporis
896 742 1092 809 infuturum
1143 747 1344 830 propositum
1356 747 1476 812 referre
1487 747 1689 831 singulorum
1700 745 1822 824 deliria,
1834 745 1884 812 vel
1896 745 2037 812 somnia:
2051 767 2113 812 nen

124 832 300 909 resolvunt,
322 842 355 896 ιι
376 827 545 896 indefinite
569 828 739 912 annipiunt,
763 849 801 894 an
823 828 850 894 si
871 828 1009 894 ianturet
1031 828 1092 894 sibi
1143 831 1218 897 volo
1236 832 1297 898 hoo
1316 853 1336 897 ι
1353 853 1404 896 mn
1424 842 1616 915 exspentent
1637 831 1783 900 lentores.
1814 831 1944 898 Alioubi
1968 830 2111 898 breviter

124 919 202 984 satis
221 937 292 984 esse
309 915 433 982 roboris
450 924 483 982 nt
501 913 674 981 violentiae
692 913 733 979 ad
747 912 962 980 fortissimum
980 934 1091 997 quem·
1143 917 1303 1001 attingam
1334 927 1366 982 nt
1396 935 1508 1000 paron,
1538 917 1682 982 maxime
1703 917 1731 982 si
1754 916 1826 999 quis
1848 916 1910 982 erit
1933 915 1974 983 ad
1995 915 2112 982 fallen·

124 1025 187 1092 que
209 1004 336 1068 hostem
357 999 577 1068 nonidendum.
617 999 689 1084 lbgo
711 999 812 1083 igitur
829 999 875 1062 ita
895 997 983 1082 lego:
1009 997 1093 1066 Ocni·
1143 998 1220 1066 dum
1239 1013 1442 1087 praetextus:
1460 1015 1498 1067 ιιι
1519 1001 1589 1078 sibi,
1611 1001 1785 1085 aliquoties
1806 1001 1973 1081 admoniti,
2039 1023 2111 1085 rpe-

123 1091 196 1156 dtro
216 1088 322 1156 virum
342 1089 376 1152 in
397 1085 511 1152 ιιιιιιιι
531 1105 648 1163 means,
670 1091 698 1151 ιι
718 1084 939 1151 musanen
960 1086 995 1150 iu
1015 1084 1091 1150 livo-
1143 1096 1199 1152 tun
1218 1109 1332 1154 ιιιιτι
1354 1087 1482 1154 dianam
1499 1088 1645 1154 lautores.
1669 1089 1759 1172 Ergo
1781 1097 1940 1171 quantum
2024 1088 2112 1156 buno

122 1195 188 1241 reas
218 1193 329 1240 meam.
383 1171 465 1249 Vel,
490 1172 526 1237 iu
555 1172 655 1237 livore
683 1179 717 1236 et
749 1170 896 1238 vnlnere.
940 1169 1092 1237 Notanda
1143 1173 1247 1238 lonnm
1267 1183 1392 1256 spentst
1409 1173 1465 1256 qni
1482 1173 1572 1240 varin
1590 1172 1677 1240 dison
1719 1187 1771 1240 tus
1789 1175 1861 1251 fuit,
1883 1194 1948 1239 non
1969 1173 2110 1240 referam

123 1271 233 1326 antem
253 1267 304 1326 est
325 1257 392 1337 illa,
421 1279 519 1341 quem
547 1255 632 1334 dixi,
666 1254 806 1322 habendi
833 1276 906 1322 num
934 1256 1091 1323 uxoribus
1141 1258 1218 1340 quid
1236 1257 1289 1324 hin
1309 1259 1359 1325 vel
1378 1258 1432 1325 ille
1455 1257 1634 1338 tradiderit,
1656 1282 1691 1326 se
1732 1279 1887 1340 germana
1908 1260 2110 1342 expositione

123 1345 198 1412 talia
227 1345 377 1444 enllnquii
404 1345 538 1409 onoasio.
584 1340 714 1408 Snimus
743 1341 892 1407 homines
913 1341 1089 1424 sanguina-
1141 1353 1316 1410 contentus
1344 1365 1409 1410 ero.
1455 1344 1545 1411 Deus
1573 1345 1720 1411 voluerat
1742 1345 1824 1411 Oain
1854 1344 2010 1412 horribile
2039 1345 2111 1410 aliis

122 1432 203 1510 rios,
225 1442 263 1496 ut
284 1430 356 1496 ulnis
385 1441 463 1494 sont
485 1428 617 1507 terrori,
637 1427 684 1492 ιιι
706 1428 825 1510 passim
847 1425 998 1492 omnibus
1020 1448 1089 1492 esse
1140 1429 1286 1513 fugiendi
1309 1429 1475 1497 homicidii
1504 1451 1575 1496 esse
1598 1429 1802 1513 exemplum,
1832 1431 1867 1496 in
1893 1430 1983 1496 huno
2010 1432 2109 1497 tinem

122 1537 245 1584 exuens.
307 1515 426 1582 Merito
464 1515 572 1597 itaque
612 1512 752 1580 tenebat
791 1533 909 1578 uxores
944 1511 1089 1579 Lamenh
1140 1535 1214 1581 num
1237 1514 1330 1581 foedo
1353 1517 1505 1599 stigmate
1523 1526 1700 1582 notaverat
1741 1516 1791 1582 Ne
1813 1516 1886 1600 quis
1908 1524 2017 1582 tamen
2040 1517 2111 1584 eius

121 1602 233 1669 mariti
255 1600 410 1668 violentia
431 1601 489 1666 toti
512 1601 654 1666 humano
676 1599 787 1683 generi
805 1597 1025 1678 intolerabilis,
1049 1618 1089 1662 ιιι
1140 1600 1245 1668 snelus
1270 1601 1471 1678 imitaretur,
1493 1602 1642 1685 septuplo
1663 1601 1797 1687 gravius
1818 1600 2018 1687 puniendum
2042 1622 2112 1670 esse

121 1689 208 1756 lanta
219 1686 455 1770 conspiratione
477 1705 590 1750 omnes
610 1705 686 1750 eum
708 1685 937 1768 opprimerent,
962 1695 998 1748 ut
1019 1683 1089 1768 dig·
1141 1686 1511 1770 dixeratquisquisanm
1525 1684 1692 1756 nonideret.
1727 1687 1824 1754 Hune
1836 1687 1900 1754 Dei
1911 1689 2109 1754 sententiam

120 1795 185 1840 nus
207 1779 278 1840 erat
299 1771 426 1856 publino
448 1771 521 1836 odio
542 1779 576 1836 et
597 1769 829 1836 exseoratione.
863 1769 960 1836 Nune
981 1769 1090 1836 Moses
1139 1771 1238 1855 impie
1267 1781 1458 1855 pervertens
1480 1773 1643 1852 hemeah,
1672 1772 1760 1838 illius
1789 1773 1957 1840 ιιιιιιιιιι
1985 1773 2107 1840 illudit:

122 1869 156 1924 ιιι
186 1858 390 1942 desperatam
418 1855 601 1923 barbariam
633 1856 811 1939 exprimat,
842 1876 942 1939 quum
975 1876 1090 1922 saevos
1140 1877 1218 1923 nam
1235 1858 1313 1924 inde
1330 1859 1445 1940 arripit
1461 1858 1618 1924 maiorem
1641 1856 1796 1942 monandi
1818 1859 1999 1926 licentiam:
2022 1880 2060 1928 an
2081 1860 2109 1924 si

119 1958 152 2010 ιι
193 1945 317 2010 saronas
351 1943 440 2008 viros
479 1961 575 2024 saepe
608 1941 759 2024 mitigare
792 1941 918 2006 soleant
950 1961 1090 2006 uxorum
1141 1944 1233 2009 Deus
1248 1941 1427 2010 hominidaa
1447 1943 1607 2030 singulari
1625 1944 1733 2027 aliquo
1774 1944 1922 2030 rivbsgio
1941 1944 2110 2012 donasset:

119 2029 315 2107 blanditiae,
345 2028 438 2106 dinit,
468 2026 615 2094 Lamsoh
639 2027 674 2090 in
709 2046 848 2093 uxorum
877 2026 986 2092 sinum
1014 2047 1089 2092 nvo·
1141 2050 1204 2095 non
1234 2027 1319 2111 qnod
1349 2029 1433 2094 serio
1461 2030 1508 2094 ita
1537 2030 1672 2110 sentiat,
1703 1967 1772 2096 asel)
1781 2032 1857 2114 quia
1878 2051 2001 2098 vannus
2022 2031 2113 2096 omni

117 2116 241 2182 muisse
268 2114 469 2182 erudelitatis
497 2134 576 2180 suae
602 2112 705 2178 virus.
750 2110 888 2178 Summa
916 2123 981 2189 ost,
1005 2111 1091 2194 quod
1140 2115 1273 2199 pietatis
1290 2133 1390 2180 sensu
1406 2115 1635 2197 impunitatem
1653 2113 1714 2182 sibi
1731 2117 1903 2199 promittit,
1925 2137 1963 2182 an
1982 2115 2111 2183 interea

116 2203 199 2268 saris
228 2201 329 2266 animi
351 2199 467 2265 sibiet
498 2198 617 2264 virium
647 2218 717 2264 nsse
746 2199 843 2266 iantat
864 2197 903 2262 ad
932 2197 1092 2280 quoslibet
1140 2220 1199 2283 per
1226 2201 1331 2266 ionum
1358 2199 1506 2266 obtendit
1526 2201 1592 2266 Dei
1617 2222 1753 2268 nomen:
1785 2214 1820 2266 ut
1841 2201 2023 2285 Dionysius
2044 2202 2111 2280 ille,

116 2285 325 2362 sternendos,
347 2286 375 2350 si
397 2285 452 2367 qui
473 2285 583 2367 ipsum
605 2282 738 2368 aggredi
761 2281 910 2350 audeant.
954 2281 997 2348 In
1018 2284 1091 2350 viro
1140 2306 1241 2368 quum
1254 2284 1331 2352 dnos
1349 2284 1459 2352 lavere
1477 2285 1644 2370 sacrilegis
1662 2287 1804 2366 iantaret,
1823 2286 1995 2353 diluendae
2012 2308 2112 2370 quam

116 2385 149 2436 ιι
171 2371 379 2438 adulesoeuto
407 2370 555 2454 repetitio
587 2379 636 2436 sat
660 2367 838 2436 seeundum
867 2369 1005 2453 phrasin
1033 2368 1089 2434 hn-
1140 2381 1348 2438 nontraxnrat
1359 2371 1512 2438 infamiae
1524 2391 1630 2438 nausa.
1665 2371 1840 2438 Caeterum
1851 2372 1937 2439 ιιιιι
1955 2394 2111 2440 numerus

115 2458 277 2524 brainam:
301 2477 342 2522 ne
371 2456 443 2540 quis
472 2454 618 2522 diversos
647 2455 753 2520 ιιοιιιι
783 2465 888 2538 putet:
918 2455 981 2521 nisi
1003 2452 1089 2537 quod
1140 2457 1348 2540 septenarius
1394 2458 1429 2522 in
1464 2459 1627 2540 seriptura
1663 2457 1907 2524 multitudinem
1943 2457 2110 2542 designat:

115 2544 275 2610 urinam
305 2561 398 2608 suam
427 2541 594 2608 andaniam
623 2540 764 2608 seeundo
784 2539 928 2606 membro
950 2540 1089 2622 ampliti-
1140 2543 1186 2607 ιιι
1222 2542 1446 2626 septuplinatio
1481 2564 1540 2626 pro
1575 2543 1702 2628 ingenti
1735 2543 1935 2610 incremento
1973 2545 2110 2628 eapitur.

115 2639 186 2707 ιιι,
209 2649 310 2712 quum
339 2627 512 2712 gloriatur,
540 2625 763 2694 adnleseentes
784 2627 818 2691 in
844 2625 950 2692 medio
973 2625 1089 2692 aetatis
1141 2628 1231 2693 Talis
1253 2637 1303 2693 est
1324 2625 1519 2695 illatlhristi
1539 2629 1717 2695 senmntia:
1740 2629 1815 2694 Non
1838 2628 1910 2696 dieo
1931 2639 1969 2694 ut
1990 2629 2111 2713 septies

114 2711 271 2781 floresibi
288 2734 352 2778 nnn
375 2713 442 2778 lore
464 2733 558 2795 pares
579 2710 620 2778 ad
644 2709 877 2778 resistendum:
901 2733 939 2778 an
956 2712 985 2776 si
1002 2711 1087 2777 dine·
1140 2714 1287 2780 remittas
1310 2714 1467 2779 offensam
1492 2715 1585 2780 tratri
1604 2725 1674 2793 tun,
1700 2713 1757 2780 sed
1774 2715 1959 2800 septuagies
1980 2717 2110 2800 septies

113 2809 182 2866 ret:
206 2797 350 2867 Prodest
370 2797 588 2864 validissimus
614 2797 766 2880 quisque,
789 2818 884 2863 nemo
906 2799 969 2862 erit
990 2819 1086 2880 quem
1138 2798 1267 2885 (Matth.
1292 2799 1341 2877 18,
1364 2798 1429 2884 21.)

113 2907 184 2952 nnn
214 2883 393 2952 nonliniam.
438 2885 579 2959 'lantum
607 2903 684 2968 ergo
710 2883 802 2949 abest
822 2892 859 2948 ιιι
886 2903 943 2966 spe
972 2881 1088 2949 hnma-
1227 2883 1371 2969 &penu
1387 2886 1495 2952 Δᾱιιι
1519 2905 1655 2952 nument.
1690 2884 1859 2969 (lolligunt
1880 2885 1957 2952 hino
1978 2886 2112 2970 quidam

113 2971 221 3038 nioria
253 2973 339 3036 vitae
372 2968 556 3036 demulneat
588 2989 708 3034 uxores
734 2989 827 3045 snas,
855 2981 894 3033 ut
927 2989 1032 3034 meras
1054 2979 1088 3034 et
1140 2971 1270 3038 orbatos
1297 2971 1398 3039 luisse
1428 2983 1505 3038 tuno
1533 2970 1642 3038 sobole
1669 2972 1792 3055 primos
1819 2970 1982 3048 homines,
2010 2993 2112 3056 quum

112 3057 319 3140 promisnuas
340 3055 496 3139 nuiusque
514 3067 649 3140 strages,
667 3055 771 3120 instar
788 3055 933 3120 rabiosae
952 3053 1086 3134 belluae,
1140 3057 1221 3122 alter
1243 3076 1285 3122 ex
1307 3056 1384 3123 tiliis
1403 3067 1488 3122 esset
1510 3057 1644 3136 nobisne,
1668 3056 1750 3122 alter
1767 3056 1880 3139 prooul
1902 3058 1937 3122 in
1959 3058 2111 3124 exsilium

112 3151 251 3210 eruotet.
303 3139 400 3210 Unde
433 3140 528 3208 fanile
567 3147 716 3224 apparat,
757 3159 855 3222 quum
889 3138 1088 3207 trnnulentia
1138 3143 1261 3209 elnotus
1278 3140 1371 3208 torst.
1402 3143 1503 3225 Atqui
1526 3163 1730 3226 nequaquam
1752 3141 1905 3208 eredibils
1927 3153 1986 3220 est,
2008 3164 2110 3226 quum

111 3228 286 3296 delibutus
307 3237 393 3294 ιιιιι
415 3224 497 3291 nihil
521 3225 662 3292 bominis
686 3226 868 3292 retinuisse.
900 3225 1001 3291 Varie
1022 3225 1088 3310 legi
1140 3229 1281 3293 maxime
1321 3228 1445 3312 vigeret
1480 3229 1544 3293 Dei
1584 3226 1765 3294 bensdintio
1803 3227 1837 3292 in
1878 3231 2112 3314 propagatione

113 3325 256 3398 possum
278 3313 411 3379 uomina
430 3312 543 3397 plagae
565 3322 599 3375 et
615 3310 736 3376 livoris.
774 3309 811 3377 Si
834 3321 960 3377 vertere
976 3310 1088 3378 libeat:
1141 3312 1277 3378 bomani
1308 3314 1453 3396 generis,
1480 3312 1589 3379 Adam
1620 3321 1654 3378 ιι
1681 3312 1810 3378 Herem
1843 3334 1903 3396 per
1932 3325 1979 3379 tot
2008 3335 2112 3382 annos

112 3401 155 3466 In
187 3399 311 3465 vulnus
332 3409 366 3465 et
398 3397 550 3471 livorem,
583 3419 698 3464 sensus
726 3397 858 3463 eritzlb
929 3400 964 3462 in

112 3507 228 3554 meum
247 3505 359 3552 senure
381 3483 500 3566 reeipio
522 3482 551 3549 ιι
577 3481 656 3566 quid
678 3492 728 3550 est
749 3419 901 3566 perieulii
929 3503 1001 3548 men

113 3569 238 3654 pendia
253 3568 379 3638 anoidat
388 3567 544 3653 quidquid
561 3569 695 3652 poterit:
708 3569 786 3651 qnia
798 3566 878 3634 mihi
890 3569 923 3632 in
937 3576 1089 3651 promptu
1141 3567 1233 3634 Adae
1265 3569 1396 3636 domum
1418 3570 1585 3636 ellenerat:
1616 3590 1694 3634 nam
1715 3571 1750 3634 in
1772 3570 1842 3652 ipso
1863 3572 2055 3654 praesertim
2077 3583 2110 3638 et

112 3667 167 3723 est
197 3656 281 3722 ratio
310 3675 373 3739 qua
402 3653 546 3721 evadam.
591 3653 668 3720 Uno
696 3675 772 3720 vero
800 3664 956 3720 nontextu
978 3653 1088 3738 legen·
1140 3675 1244 3720 uxore
1279 3655 1461 3722 sententiae
1494 3653 1583 3721 illins
1614 3655 1766 3735 effoetum
1795 3655 1920 3740 fulgere
1949 3657 2107 3740 oportuit:

112 3741 274 3808 domarit
296 3739 381 3825 quod
398 3763 414 3806 s
434 3741 559 3823 quitur:
580 3739 739 3823 Septuplo
757 3740 892 3824 gravius
910 3737 1089 3806 vindioabi-
1140 3740 1283 3806 Oresnite
1311 3751 1344 3805 et
1368 3740 1646 3824 multiplinamiui,
1676 3740 1779 3808 dunen
1806 3741 1960 3825 repleatis
1978 3755 2108 3809 terram.

112 3839 171 3894 tur
195 3826 290 3904 Cain,
313 3837 374 3892 eto.
407 3761 444 3891 gi
463 3826 569 3910 magis
591 3825 716 3908 planeat
736 3824 897 3890 ablativos
918 3843 1025 3891 nasus:
1047 3825 1088 3890 Io
1132 3821 1228 3906 ‘Quid
1246 3826 1349 3910 igitur
1366 3827 1426 3891 sibi
1444 3823 1659 3894 vnltbioses?
1677 3824 1803 3910 Nempe
1820 3827 1941 3910 primos
1960 3827 2108 3894 homines

112 3914 257 3980 vulnera
278 3923 311 3977 et
328 3911 441 3990 livore,
463 3911 584 3994 duplex
595 3909 701 3977 adbun
717 3910 781 3976 orit
802 3910 975 3993 expositio:
1000 3911 1089 3994 prior
1138 3910 1298 3978 netandae
1315 3910 1423 3978 ιιιιιιι
1441 3911 1575 3978 horrore
1595 3911 1807 3996 pernulsos,a
1831 3911 1926 3978 thoro
1947 3914 2109 4065 beningali

111 4015 181 4066 est:
218 3997 358 4064 Etiamsi
391 4017 495 4064 nssem
528 3995 736 4074 vulneratus,
769 3995 949 4063 noniderem
978 4009 1088 4062 tamen
1137 3995 1337 4080 aliquamdiu
1374 3997 1579 4064 abstinuisse.
1633 3997 1745 4082 Neque
1788 4006 1877 4063 nerte
1908 3999 2004 4065 aliter
2059 4002 2107 4065 eri

110 4087 244 4151 virum:
281 4082 359 4166 quid
388 4103 466 4167 ergo
502 4085 648 4149 lauturus
680 4103 750 4149 sum
781 4080 931 4165 integer?
962 4081 1086 4159 Altera,
1138 4085 1243 4166 potuit
1258 4083 1337 4165 quin
1357 4082 1450 4149 illum
1469 4083 1642 4166 plusquam
1661 4083 1788 4150 tristem
1810 4095 1843 4149 et
1859 4084 2011 4150 aoerbum
2029 4105 2107 4152 suae

108 4193 197 4254 quae
216 4167 303 4255 (meo
318 4167 449 4256 iudinio)
470 4168 579 4234 sanior
601 4178 659 4245 est,
682 4189 720 4234 ao
741 4168 845 4248 magis
863 4171 1024 4250 onugruit:
1049 4166 1087 4233 Si
1137 4189 1158 4232 a
1180 4167 1250 4236 Deo
1273 4169 1454 4252 apostasiae
1476 4169 1617 4234 truntnm
1638 4167 1828 4254 oolligendo‚
1850 4169 1918 4234 fere
1940 4171 2107 4237 exanimes

107 4257 186 4338 quis
210 4276 262 4319 me
289 4253 411 4320 iniuria
439 4254 591 4330 lanessnt,
620 4251 672 4318 vel
700 4262 837 4320 conetur
863 4252 931 4318 vim
953 4253 1083 4320 afferre:
1136 4255 1286 4320 ianerent.
1310 4251 1406 4334 Quod
1424 4265 1531 4320 autem
1550 4253 1631 4319 alios
1649 4274 1738 4322 nuno
1755 4255 1921 4337 praeterit,
1943 4255 2026 4321 ιιιιο
2048 4266 2106 4334 ιιι,

106 4341 235 4406 sentiet
251 4360 324 4406 oum
343 4340 414 4405 viro
437 4340 512 4404 lorti
530 4350 564 4404 et
583 4348 717 4404 strenuo
739 4337 800 4404 sibi
818 4359 889 4404 esse
907 4340 1085 4424 negotium,
1136 4340 1211 4421 quia
1239 4339 1367 4422 piorum
1396 4340 1639 4425 generationem
1668 4359 1709 4404 ex
1737 4338 1825 4405 linea
1846 4338 1929 4406 Seth
1951 4343 2105 4424 prosequi

107 4447 220 4509 neque
241 4424 329 4490 ιιιιιιι
350 4425 485 4508 impune
507 4422 624 4490 evadet
643 4424 700 4507 qui
723 4445 774 4490 me
796 4423 936 4490 laeserit.
980 4425 1085 4490 Donet
1107 4475 1111 4528 Ι
1135 4423 1332 4494 instituerat.
1368 4425 1523 4492 Proximo
1545 4434 1654 4492 autem
1677 4425 1792 4507 eapite,
1814 4425 1870 4492 ubi
1892 4424 1977 4492 dieat
1999 4425 2104 4491 Adam

105 4523 225 4578 autem
253 4510 439 4593 exemplum
467 4509 543 4590 hon,
573 4529 700 4594 semper
727 4511 761 4575 in
790 4507 933 4576 (ιιιιιιιιι
960 4510 1084 4592 prolabi
1135 4513 1285 4594 genuisse
1317 4511 1400 4576 filios
1433 4523 1465 4578 et
1497 4509 1598 4589 filias,
1631 4509 1859 4592 eomplentitur
1891 4508 1980 4576 baud
2007 4510 2104 4578 dubie

107 4597 272 4664 homines.
325 4595 404 4664 ll'uit
432 4593 562 4679 quidem
587 4593 747 4662 ιιιιιιιιιιι
772 4595 878 4662 sntlus
906 4595 1004 4674 Ouio,
1026 4595 1083 4662 sed
1134 4595 1292 4679 plurimos
1319 4597 1475 4679 quiante
1498 4593 1666 4661 Sethnati
1690 4606 1799 4661 eraut:
1830 4615 1969 4678 quorum
1992 4605 2102 4663 tamen

105 4681 292 4750 erudelitas
303 4681 450 4748 Lamenh
474 4682 594 4765 passim
616 4693 764 4766 grassata
784 4692 851 4761 nst,
873 4693 911 4750 ut
931 4680 1083 4767 mnguini
1134 4703 1198 4748 non
1228 4701 1349 4767 magna
1369 4680 1506 4747 habetur
1523 4680 1615 4758 ratio,
1637 4681 1790 4763 quoniam
1812 4681 1953 4764 separati
1973 4681 2105 4748 fuerunt

106 4770 260 4835 humano
281 4789 347 4834 non
369 4777 524 4850 parnuret.
569 4767 716 4846 Adhaeo,
736 4788 835 4850 quum
855 4765 944 4834 videt
964 4788 1084 4834 uxores
1133 4766 1173 4833 ab
1196 4788 1236 4833 ιι
1256 4767 1379 4832 familia
1398 4786 1481 4850 qnae
1504 4786 1584 4849 pure
1606 4763 1715 4832 Deum
1738 4766 1851 4844 noluit,
1870 4775 1904 4831 ιι
1925 4784 2004 4832 vere
2025 4789 2101 4834 nen·

105 4865 205 4920 metu
227 4852 408 4936 ριιιιιιιιι,
431 4851 510 4919 adeo
533 4875 598 4918 non
627 4855 841 4932 mansuescit,
863 4863 902 4919 ιιι
921 4853 1027 4938 magis
1048 4875 1083 4920 se
1133 4855 1198 4918 sari
1220 4853 1325 4936 potnit
1346 4852 1410 4920 Dei
1431 4851 1574 4918 ennlssia.

105 4939 153 5004 ad
176 4937 405 5006 eredulitatem
422 4946 518 5006 annat
537 4951 571 5004 ιι
588 4940 766 5004 nonlirmet.
800 4937 855 5004 Ita
876 4939 981 5024 magis
999 4940 1085 5004 insn-
1222 4937 1636 5004 PosuitmibiDaassamea
1649 4933 2102 5016 ambassiatorem

104 5025 208 5092 lemit
236 5025 346 5090 leritas
373 5023 543 5090 hominum
570 5023 765 5104 modalium,
796 5023 873 5090 dum
903 5046 939 5090 ιι
966 5045 1083 5090 exosos
1133 5022 1265 5106 aliquod
1293 5022 1450 5108 intelligit
1477 5022 1658 5106 singulare:
1688 5020 1832 5087 diximus
1861 5022 1947 5086 enim
1970 5041 2101 5106 pronre·

104 5111 228 5178 habnri
261 5109 421 5176 sentiunt:
452 5110 532 5176 aden
567 5110 766 5194 poenitentia
794 5131 860 5176 non
890 5117 1082 5195 tanguntur,
1133 5119 1203 5175 atos
1221 5109 1321 5175 fuisse
1338 5108 1420 5174 alios
1437 5110 1491 5192 qui
1509 5107 1575 5173 iam
1598 5117 1674 5174 ante
1693 5119 1832 5174 mortem
1844 5104 1927 5172 Abel
1950 5105 2101 5174 adoleve-

104 5207 147 5262 ιιι
176 5193 313 5264 medam
339 5215 438 5262 unam
467 5195 577 5262 denam
606 5194 678 5264 aliis
706 5196 844 5279 sepelire
872 5197 977 5280 parati
1005 5196 1081 5262 sint
1133 5208 1223 5260 rant:
1259 5215 1371 5260 verum
1406 5205 1443 5260 ut
1474 5193 1619 5278 prnnlive
1650 5200 1701 5260 est
1729 5193 1897 5260 hominnm
1926 5213 2030 5276 genus
2058 5193 2100 5260 ad

103 5281 209 5350 Unde
232 5281 272 5348 lit
297 5289 335 5346 ιιι
362 5281 472 5348 nullus
499 5281 566 5348 illis
594 5283 638 5349 sit
665 5279 822 5348 tundendi
849 5291 883 5347 et
911 5279 1083 5348 hauriendi
1133 5279 1235 5358 mala,
1264 5287 1333 5346 tnta
1360 5280 1428 5347 fere
1455 5279 1569 5344 domus
1597 5299 1632 5346 se
1654 5279 1754 5346 variis
1775 5276 1879 5345 modis
1900 5290 2099 5362 norruperat

66 5425 71 5438 .
102 5367 284 5452 ιιιςιιιιιιι
312 5364 442 5447 modus,
469 5371 641 5451 postquam
669 5365 770 5434 semel
792 5387 830 5434 ιο
851 5367 966 5434 imbuti
994 5376 1081 5434 sunt
1133 5364 1211 5432 Iden
1243 5365 1396 5450 exiguam
1428 5387 1518 5451 spem
1553 5363 1592 5430 de
1624 5365 1750 5448 reliqua
1782 5361 1879 5430 turba
1908 5377 2101 5449 eonneperat

1863 5463 1895 5520 70

991 3409 1089 3546 negant
1140 3399 1240 3464 fnisse
1262 3400 1396 3464 steriles.
1448 3397 1538 3479 Quin
1567 3399 1675 3482 potius
1704 3406 1881 3482 autequam
1908 3399 2111 3468 onnideretur

1045 3482 1089 3548 is-
1140 3483 1240 3560 Abel,
1279 3484 1432 3550 nontinua
1469 3483 1571 3568 prolis
1615 3483 1774 3552 sunnessin
1814 3485 1880 3550 iam
1918 3486 2111 3569 populosam
