5000 6208
343 435 410 501 339
1005 429 1375 501 COMMENTARIUS
1398 430 1445 496 IN
1467 428 1681 496 GENESIN.
2274 430 2342 496 340

347 631 400 686 est
421 618 637 704 ingratitudo,
667 618 730 686 nisi
760 640 794 684 se
817 619 849 683 in
880 618 946 684 illis
974 615 1178 685 celebrandis
1207 634 1319 684 excer-
1371 620 1421 680 tus
1437 613 1571 680 hostium
1588 617 1765 697 possidere,
1789 616 1951 701 significat
1968 616 2105 701 imperio
2129 617 2241 701 potiri:
2265 618 2344 702 quia

346 712 451 773 ceant.
1370 701 1406 766 in
1429 701 1532 783 portis
1554 701 1791 768 exercebantur
1812 703 1942 784 iudicia,
1964 709 1997 768 et
2013 705 2048 768 in
2067 703 2132 768 illis
2153 724 2343 788 propugna-

433 789 485 855 54.
509 789 553 854 a:
572 794 777 856 masuerum
797 809 895 855 mone.
940 789 980 854 In
1002 789 1065 854 hoo
1094 809 1244 854 sermone
1267 809 1320 854 ac·
1369 786 1444 853 cula
1464 786 1595 852 urbium
1617 794 1720 854 erant

348 876 494 944 curatius
521 875 644 940 insistit
664 875 792 955 Moses,
823 875 944 957 partim
965 883 1003 941 ιιι
1024 874 1120 940 fidele
1142 875 1228 940 servi
1251 882 1320 940 stu-
1456 871 1507 938 63.
1530 871 1575 937 Et
1598 894 1740 957 opressm
1767 878 1835 940 erat
1856 874 1959 940 Isaac.
2003 875 2149 959 Apparet
2171 874 2265 942 Isaac
2290 896 2343 940 se·

348 961 439 1027 dium
477 962 513 1026 in
544 959 715 1044 explendis
747 960 869 1025 domini
906 959 1068 1026 mandatis
1101 959 1320 1025 sommendat:
1371 977 1525 1024 orsuma
1553 967 1646 1042 patre
1674 958 1855 1026 habitasse:
1888 958 1943 1026 vel
1971 960 2056 1042 quod
2086 961 2184 1026 nimis
2212 961 2344 1044 copiosa

347 1048 470 1131 partim
492 1053 530 1113 ut
558 1045 688 1123 doceat,
717 1046 786 1112 eius
815 1048 961 1112 animum
983 1046 1046 1111 Dei
1076 1045 1195 1129 spiritu
1221 1047 1321 1110 fuisse
1371 1053 1443 1110 erat
1470 1043 1609 1109 familia:
1645 1044 1695 1111 vel
1725 1045 1811 1129 quod
1834 1048 1880 1110 ita
1907 1044 2031 1111 ferebat
2059 1068 2147 1113 usus.
2192 1047 2237 1112 Et
2257 1047 2344 1113 forte

349 1150 538 1200 accensum:
567 1131 614 1199 sic
644 1133 730 1197 enim
757 1130 850 1197 ardet
871 1140 909 1197 ut
931 1131 1041 1197 nullas
1066 1131 1216 1197 inducias
1238 1131 1321 1210 aliis,
1372 1131 1437 1194 iam
1455 1129 1551 1194 aliam
1571 1150 1709 1195 uxorem
1726 1130 1900 1196 induxerat
1919 1131 2103 1197 Abraham:
2122 1142 2160 1197 ιιι
2176 1131 2345 1216 fugiendis

349 1240 408 1285 nee
431 1219 493 1284 sibi
514 1217 615 1284 ullam
639 1217 874 1283 relaxationem
899 1217 1063 1284 concedat.
1108 1218 1253 1284 Tametsi
1276 1217 1323 1281 ita
1371 1214 1487 1300 iurgiis
1517 1215 1625 1281 visum
1653 1217 1754 1282 fuerit
1780 1216 1983 1282 commodius
2008 1217 2103 1283 illum
2132 1217 2182 1283 uti
2210 1219 2345 1302 proprio

349 1305 508 1388 sogessit
530 1312 568 1370 ut
591 1303 728 1387 probum
751 1313 784 1368 et
805 1304 891 1388 frugi
916 1324 1047 1368 servum
1075 1302 1225 1368 decebat:
1255 1323 1322 1368 non
1373 1299 1542 1367 domicilio.
1577 1299 1633 1368 Sic
1650 1322 1790 1387 magnae
1806 1323 1884 1386 opes
1901 1303 1969 1368 suis
1986 1302 2143 1369 molestiis
2160 1303 2345 1387 permixtae

348 1398 459 1459 tamen
479 1389 613 1456 dubium
637 1396 687 1454 est
710 1388 787 1472 quin
811 1410 885 1454 eum
910 1388 1074 1454 Dominus
1098 1389 1266 1472 impulerit
1286 1388 1321 1452 in
1373 1396 1458 1453 sunt.
1503 1385 1601 1453 Certe
1622 1389 1710 1454 inter
1731 1398 1878 1454 terrenas
1899 1386 1963 1456 Dei
1986 1388 2227 1454 benedictiones
2249 1389 2345 1455 nulla

348 1477 489 1562 gratiam
510 1475 612 1541 Isaac
654 1474 710 1541 Sic
730 1475 895 1541 Dominus
917 1496 976 1558 pro
998 1476 1066 1540 suia
1088 1474 1323 1540 dormientibus
1374 1473 1488 1543 fuisset
1506 1470 1657 1540 Abrahae
1679 1474 1805 1540 dulcior
1826 1494 1925 1557 quam
1943 1473 2039 1540 simul
2058 1495 2155 1560 agere
2172 1495 2246 1542 cum
2263 1475 2346 1541 filio.

349 1561 507 1639 excubat,
548 1561 729 1627 absentium
760 1561 898 1644 negotia
923 1559 1072 1644 expedit,
1111 1582 1149 1627 ao
1177 1559 1322 1626 conficit:
1373 1559 1456 1624 Eius
1484 1558 1614 1643 quidem
1645 1559 1880 1625 consuetudine
1903 1569 1936 1625 et
1952 1580 2016 1625 usu
2044 1563 2211 1644 privatum
2240 1561 2345 1628 fuisse

348 1667 462 1713 omnes
482 1645 626 1724 allectus,
645 1645 750 1730 quoad
761 1646 901 1730 expedit,
921 1647 1022 1712 flectit
1034 1646 1073 1711 ad
1087 1667 1140 1711 eos
1151 1643 1322 1712 iuvandos.
1373 1644 1510 1708 minime
1532 1643 1680 1710 arbitror.
1724 1645 1809 1710 Nam
1832 1667 1896 1729 qua
1916 1646 2037 1730 pietate
2058 1645 2122 1710 fuit
2141 1646 2251 1726 Isaac,
2272 1668 2345 1712 cm·

350 1732 448 1814 Quod
478 1731 547 1797 dies
569 1732 696 1810 decem,
727 1731 846 1815 quibus
868 1731 1047 1801 discessum
1069 1732 1236 1798 Rebeccae
1265 1729 1324 1795 dif·
1374 1730 1471 1795 nibus
1492 1730 1605 1812 procul
1624 1729 1721 1796 dubio
1742 1731 1856 1798 officlis
1878 1752 1957 1816 erga
1974 1739 2100 1815 patrem
2120 1730 2254 1816 defungi
2271 1741 2345 1797 stu·

353 1819 434 1883 ferri
462 1819 629 1902 postulant
656 1816 771 1883 Laban
802 1828 835 1883 et
861 1823 981 1897 mater,
1008 1817 1139 1901 quidam
1162 1816 1325 1899 accipiunt
1375 1814 1458 1894 duit,
1489 1815 1552 1880 hoo
1581 1823 1709 1881 tantum
1734 1815 1839 1882 defuit
1860 1817 1946 1899 quod
1969 1837 2037 1882 non
2058 1818 2171 1883 eodem
2194 1818 2244 1884 usi
2265 1826 2347 1884 sunt

348 1925 410 1988 pro
439 1905 534 1970 annis
563 1903 616 1969 vel
645 1903 826 1983 mensibus,
859 1903 957 1968 nimis
984 1910 1130 1970 coactum
1153 1913 1211 1968 est.
1245 1902 1326 1966 Fuit
1375 1899 1545 1966 domicilio.
1595 1901 1718 1967 Narrat
1751 1911 1860 1968 autem
1889 1902 2000 1970 Moses
2030 1903 2191 1986 quomodo
2221 1904 2348 1970 factum

349 1991 437 2055 enim
472 1988 629 2054 muliebre
661 1997 772 2054 votum
805 1989 928 2068 matris,
963 1989 1038 2072 quia
1071 2009 1168 2073 aegre
1200 1987 1325 2054 ferebat
1375 1987 1417 2050 sit
1443 1993 1482 2051 ut
1510 1985 1603 2054 Isaac
1635 1987 1794 2054 inuideret
1819 1988 1855 2052 in
1881 2009 2035 2066 uxorem,
2068 1989 2257 2072 priusquam
2287 1989 2348 2055 illa

351 2076 499 2159 protinus
521 2095 540 2140 e
562 2075 637 2141 sinu
659 2097 718 2140 suo
738 2074 881 2158 puellam
905 2073 1030 2140 abduci.
1375 2071 1506 2137 domum
1525 2073 1662 2138 veniret.
1698 2073 1787 2139 Dicit
1804 2075 1892 2139 enim
1910 2075 1972 2141 sub
1989 2094 2159 2159 vesperam
2177 2095 2348 2160 egressum

437 2162 488 2227 57.
519 2160 667 2228 Vacemus
685 2161 831 2243 praelim
876 2158 988 2242 Quum
1011 2160 1200 2243 simpliciter
1223 2158 1324 2224 filiam
1375 2177 1445 2224 asse
1477 2157 1659 2226 meditandi
1690 2159 1742 2225 vel
1775 2159 1888 2225 orandi
1921 2179 2026 2228 eausa.
2075 2160 2223 2244 Utroque
2255 2161 2348 2226 enim

352 2267 443 2313 suam
467 2249 559 2331 prius
582 2244 792 2330 desponderit
813 2245 971 2324 Bathuel‚
1001 2266 1087 2311 nuno
1108 2265 1225 2329 parum
1248 2264 1324 2310 oon·
1374 2243 1470 2308 modo
1483 2244 1628 2310 verbum
1650 2245 1849 2311 Hebraicum
1872 2257 1934 2313 mv
1955 2246 2075 2329 exponi
2103 2253 2219 2330 potest.
2264 2245 2347 2312 Ore·

351 2342 479 2398 stanter
508 2353 641 2398 manere
669 2331 800 2397 videtur
822 2332 856 2396 in
882 2331 1065 2415 proposito:
1094 2351 1209 2396 vorum
1239 2328 1324 2413 quod
1376 2328 1473 2394 dibile
1496 2338 1545 2394 est
1566 2330 1680 2396 fecisse
1701 2330 1735 2396 id
1758 2352 1800 2396 ex
1821 2351 1928 2411 more,
1955 2341 1989 2396 et
2009 2353 2171 2398 secessum
2191 2332 2348 2415 precibus

350 2421 444 2502 prius
471 2417 543 2484 sine
572 2419 761 2501 exceptione
789 2417 891 2482 filiam
920 2438 1014 2482 suam
1041 2414 1243 2496 obtulerunt,
1273 2417 1324 2480 in·
1375 2416 1474 2481 fuisse
1503 2416 1704 2498 quaesitum,
1737 2437 1916 2500 quomens
1943 2417 2095 2483 omnibus
2123 2419 2349 2484 avocamentis

352 2504 458 2588 telligi
487 2503 597 2581 debet,
627 2511 784 2586 quantum
815 2504 850 2567 in
879 2503 960 2586 ipsis
990 2511 1068 2568 erat.
1118 2503 1216 2568 Nunc
1245 2522 1325 2567 vero
1375 2502 1495 2581 soluta,
1528 2500 1662 2568 liberius
1690 2502 1762 2567 Deo
1794 2508 1935 2568 vacaret.
1987 2501 2067 2569 Sive
2099 2513 2207 2569 autem
2240 2503 2350 2568 medi·

353 2589 447 2654 docet
458 2588 567 2654 Moses
579 2609 632 2654 eos
651 2588 860 2673 tyrannidem
880 2608 944 2653 non
963 2585 1147 2655 exercuisse
1158 2588 1193 2652 in
1211 2587 1323 2664 filiam,
1375 2587 1500 2667 tationi,
1519 2587 1590 2654 sive
1607 2588 1758 2670 precibus
1774 2586 1853 2654 dare
1871 2607 2002 2671 operam
2020 2589 2170 2668 voluerit,
2183 2590 2350 2655 Dominus

358 2683 395 2740 ιιι
416 2675 564 2741 invitam
596 2674 823 2752 extruderent,
857 2673 908 2738 vel
937 2684 1092 2759 angerent
1120 2673 1243 2739 nubere
1272 2673 1323 2740 cui
1375 2671 1461 2739 laeto
1477 2673 1541 2738 isto
1560 2693 1696 2739 occursu
1712 2674 1917 2757 praesentiae
1935 2693 2013 2740 suae
2032 2675 2164 2759 signum
2179 2674 2228 2740 illi
2246 2673 2349 2739 dedit.

353 2761 471 2826 nollet:
501 2759 558 2826 sed
584 2759 722 2826 liberum
745 2760 774 2824 ei
796 2779 991 2825 consensum
1014 2759 1176 2826 detulisse.
1222 2758 1325 2825 Sacra
1461 2759 1512 2824 64.
1543 2757 1587 2823 et
1617 2758 1745 2826 eleuauit
1775 2757 1876 2824 Rideo
1908 2760 2012 2826 ababa
2043 2780 2126 2826 asos.
2176 2761 2360 2827 Ocniieere·

354 2846 484 2932 quidem
517 2846 552 2910 in
586 2845 648 2912 hoc
681 2846 811 2929 negotio
844 2845 1035 2928 parentibus
1067 2845 1224 2911 autoritas
1254 2865 1324 2910 esse
1375 2842 1471 2910 facile
1493 2844 1577 2924 licet,
1599 2845 1692 2910 Isaac
1713 2845 1895 2928 conspectis
1917 2846 2050 2912 camelis
2067 2847 2103 2910 in
2125 2867 2197 2912 eam
2218 2855 2351 2931 partem

354 2932 462 2998 debet:
492 2931 549 2997 sed
578 2930 719 2997 tenenda
742 2939 792 2996 est
821 2930 929 2996 media
956 2931 1055 3013 ratio,
1083 2937 1120 2995 ut
1146 2938 1262 3014 sponte
1287 2951 1325 2996 ac
1375 2930 1507 2996 flexisse
1527 2930 1608 3010 iter,
1630 2929 1784 2996 visendae
1806 2950 1945 3014 sponsae
1967 2931 2143 2998 desiderio:
2170 2931 2247 2998 hinc
2270 2931 2351 2997 data

353 3028 469 3084 mutuo
496 3037 658 3083 consensu
680 3017 765 3083 inter
787 3037 822 3082 se
844 3017 1041 3083 contrahant
1066 3024 1184 3100 partes.
1229 3015 1325 3096 Quod
1376 3015 1438 3080 fuit
1466 3013 1653 3082 sciscitandi
1682 3016 1805 3083 occasio
1828 3016 2004 3084 Rebeccae.
2048 3017 2173 3084 Audito
2194 3039 2273 3084 vero
2297 3037 2352 3083 re·

356 3115 424 3169 tam
453 3103 598 3186 praecise
628 3100 801 3186 respondet
822 3102 988 3184 Rebecca,
1016 3122 1081 3167 non
1106 3101 1153 3167 its
1180 3101 1326 3186 accipere
1377 3121 1511 3184 sponso,
1544 3121 1621 3166 mox
1654 3101 1786 3168 honoris
1816 3122 1915 3168 eausa
1942 3123 1984 3168 ex
2016 3104 2140 3169 camelo
2172 3102 2282 3170 desilit
2310 3109 2352 3168 ut

356 3189 527 3270 convenit,
554 3209 592 3254 ac
614 3189 642 3254 ei
666 3189 798 3252 domum
828 3196 998 3272 paternam
1025 3196 1248 3253 contemneret
1272 3186 1324 3250 vel
1377 3207 1534 3269 sponsum
1572 3186 1739 3253 salutaret.
1792 3186 1879 3254 Nam
1917 3186 2004 3272 quod
2035 3195 2127 3256 metu
2164 3189 2353 3272 perculsam

356 3296 478 3359 procax
505 3273 677 3339 iuvencula
708 3274 862 3338 maritum
887 3274 986 3339 nimis
1007 3273 1123 3356 cupide
1144 3279 1324 3357 appeteret:
1378 3271 1535 3338 dedidisse
1573 3272 1704 3355 quidam
1743 3279 1878 3356 putant,
1919 3274 2009 3340 nullo
2046 3275 2144 3340 modo
2182 3275 2352 3342 convenit.

355 3360 412 3426 sed
435 3361 510 3442 quia
531 3381 601 3424 rem
629 3360 731 3443 petris
760 3362 933 3426 autoritate
960 3366 994 3423 et
1022 3359 1138 3424 matris
1165 3380 1326 3425 consensu
1378 3358 1527 3442 Longius
1558 3358 1621 3423 iter
1652 3359 1835 3425 confecerat
1867 3379 1967 3442 quam
1994 3367 2032 3426 ut
2059 3360 2209 3428 debuerit
2234 3360 2352 3426 multis

357 3454 554 3512 transactam
578 3465 649 3511 esse
667 3445 767 3524 videt,
783 3447 856 3529 ipsa
878 3465 1003 3529 quoque
1026 3444 1151 3510 annuit.
1378 3443 1551 3510 oomitibas
1572 3451 1729 3528 protecta,
1755 3451 1927 3528 tantopere
1949 3465 2165 3528 expavescere
2186 3445 2227 3511 ad
2248 3447 2353 3514 unius

442 3532 492 3598 59.
517 3531 561 3596 Et
584 3531 772 3597 dimiserunt
794 3531 925 3596 Rideam
946 3530 1098 3611 peullam.
1142 3530 1253 3595 Primo
1275 3551 1326 3594 re·
1378 3528 1521 3595 hominis
1547 3538 1767 3613 conspectum.
1811 3531 1988 3596 Falluntur
2013 3539 2125 3597 autem
2152 3532 2353 3615 interpretes

355 3618 419 3683 fert
438 3619 548 3684 Moses
566 3616 703 3683 honeste
726 3616 893 3682 dimissam
914 3617 1015 3681 fuisse
1032 3616 1230 3683 Rebeccam:
1252 3616 1328 3700 quia
1376 3615 1441 3695 illi,
1468 3617 1543 3699 quia
1561 3616 1596 3679 in
1619 3615 1727 3682 verbis
1749 3616 1854 3682 Musis
1875 3638 1942 3682 non
1970 3617 2161 3699 expendunt
2188 3619 2352 3682 rationem

355 3703 511 3768 adiuncta
539 3703 588 3768 illi
617 3702 679 3768 fnit
707 3703 830 3768 nutrix.
874 3702 977 3767 Porro
999 3701 1081 3766 mihi
1104 3701 1239 3767 dubium
1261 3723 1327 3766 non
1377 3709 1489 3784 postea
1511 3701 1616 3766 reddi:
1649 3710 1685 3766 ut
1706 3701 1748 3768 sit
1770 3722 1901 3782 sensus,
1924 3703 2072 3769 Rebecca
2093 3724 2193 3786 quum
2214 3703 2356 3769 vidisset

353 3802 403 3855 est
424 3791 502 3872 quin
521 3788 664 3854 nutrices
685 3788 861 3853 habuerint
879 3787 1071 3854 domesticas
1089 3808 1172 3870 quae
1190 3786 1327 3854 ancillae
1376 3787 1480 3867 Isaac,
1498 3785 1664 3854 descendit
1681 3808 1722 3852 ex
1739 3788 1877 3854 camelo:
1901 3789 1978 3872 quia
1994 3809 2035 3854 ex
2053 3809 2148 3855 servo
2166 3790 2356 3872 quaesierat

354 3885 465 3940 erant:
487 3896 553 3940 non
572 3873 655 3957 quod
674 3881 797 3939 matres
818 3894 952 3958 prorsus
970 3873 1010 3939 ab
1028 3874 1133 3938 officio
1151 3883 1325 3952 cessarent,
1376 3872 1529 3957 quisnam
1546 3879 1647 3941 esset:
1665 3872 1721 3938 illc
1739 3881 1847 3939 autem
1867 3872 1996 3940 dixerat
2013 3895 2083 3941 esse
2100 3875 2207 3941 filium
2225 3874 2355 3940 domini

353 3960 411 4027 sed
441 3960 526 4044 quod
554 3959 756 4025 educationis
784 3980 894 4026 curam
924 3959 1119 4025 mandarent
1139 3961 1196 4024 uni
1219 3966 1327 4025 certae
1377 3959 1437 4024 sui.
1473 3957 1587 4041 Neque
1607 3958 1694 4024 enim
1712 3957 1752 4024 de
1770 3958 1913 4042 quolibet
1932 3958 2064 4026 homine
2081 3959 2177 4027 obvio
2193 3961 2356 4027 sciscitari

352 4045 499 4111 ancillae.
542 4045 660 4110 Dictae
691 4045 795 4129 igitur
821 4052 899 4110 sunt
927 4045 1072 4110 nutrices
1100 4065 1184 4127 quae
1206 4051 1327 4110 matres
1377 4045 1412 4110 in
1435 4053 1578 4109 mentem
1602 4045 1761 4110 venisset:
1788 4043 1845 4110 sed
1867 4045 1945 4128 quia
1965 4046 2031 4110 ism
2052 4043 2221 4112 &monite
2241 4046 2356 4112 luerat

352 4131 549 4198 subsidiaria
565 4151 664 4215 opera
680 4129 848 4196 iuvabant.
883 4131 1004 4197 Postea
1026 4129 1163 4209 subiicit,
1184 4135 1328 4214 cognatos
1377 4151 1444 4195 non
1472 4129 1584 4213 procul
1613 4127 1725 4196 abesse
1752 4129 1883 4196 domum
1905 4130 2076 4213 Abrahae,
2105 4153 2212 4197 unum
2229 4132 2352 4198 saltem

353 4218 404 4283 illi
421 4217 620 4295 bmedixbce,
644 4236 706 4300 quo
725 4217 823 4283 verbo
841 4217 1004 4301 significat
1026 4224 1173 4299 precatos
1191 4215 1237 4280 illi
1256 4235 1328 4282 esse
1377 4215 1563 4300 quempiam
1596 4236 1634 4281 ex
1676 4215 1861 4283 domesticis
1899 4236 1971 4283 esse
2009 4217 2202 4300 suspicatur.
2257 4217 2355 4282 Dicit

354 4303 481 4370 felicem
515 4310 644 4369 statum.
698 4300 828 4370 Scimus
860 4303 947 4367 enim
978 4301 1146 4367 solennem
1178 4300 1329 4366 omnibus
1377 4302 1476 4367 etiam
1498 4301 1609 4368 Moses
1631 4300 1742 4367 velum
1764 4303 1957 4386 sumpsisse:
1979 4302 2064 4385 quod
2086 4303 2218 4386 pudoris
2235 4315 2270 4368 et
2291 4326 2352 4387 pu-

354 4389 492 4455 saeculis
515 4409 552 4454 ao
581 4386 734 4472 gentibus
763 4388 853 4454 hunc
876 4388 976 4454 fuisse
999 4388 1114 4468 ritum,
1147 4395 1184 4451 ut
1210 4387 1327 4452 faustis
1377 4387 1507 4454 diuitiae
1529 4389 1658 4472 signum
1683 4387 1755 4453 fuit.
1790 4387 1877 4454 Nam
1895 4387 2022 4454 atinde
2044 4388 2188 4455 nubendi
2208 4389 2352 4454 verbum

353 4473 519 4541 ominibus
536 4473 686 4559 coniugia
702 4475 853 4557 prosequi
872 4472 1022 4540 solerent.
1057 4473 1201 4539 Tametsi
1218 4481 1328 4538 autem
1377 4472 1553 4539 deductum
1582 4481 1650 4552 est,
1681 4472 1765 4557 quod
1798 4494 1936 4558 sponsas
1964 4474 2090 4540 maritis
2119 4475 2241 4541 velatas
2269 4474 2353 4540 dare

354 4562 496 4626 multum
525 4561 738 4644 degeneravit
763 4560 939 4643 posteritas
968 4578 989 4623 a
1015 4579 1098 4643 pura
1126 4566 1159 4623 et
1185 4559 1328 4643 genuina
1377 4558 1533 4625 solebant.
1577 4558 1728 4626 Eundem
1757 4579 1882 4644 quoque
1904 4560 2003 4626 ritum
2026 4581 2046 4624 u
2066 4561 2212 4644 patribus
2234 4581 2353 4626 serva-

354 4657 486 4730 patrum
504 4646 640 4723 ratione,
659 4646 764 4711 voluit
781 4645 996 4711 tamsnDeus
1013 4644 1179 4728 publicum
1197 4643 1327 4727 aliquod
1378 4653 1448 4709 tum
1470 4645 1570 4711 fuisse
1591 4664 1659 4709 non
1686 4644 1806 4711 dubito.
1852 4644 1928 4728 Quo
1955 4646 2083 4729 turpior
2103 4655 2138 4712 et
2159 4646 2270 4711 minus
2291 4669 2353 4711 ex-

354 4742 486 4798 exstere
502 4731 734 4811 testimonium,
752 4752 815 4815 quo
832 4728 1244 4796 admonerenturhomines
1261 4751 1329 4795 non
1377 4730 1531 4797 curabilis
1552 4737 1602 4795 est
1630 4731 1750 4798 saeculi
1780 4732 1883 4798 nostri
1904 4731 2048 4812 lascivia,
2070 4732 2104 4796 in
2128 4753 2190 4815 quo
2211 4753 2354 4815 sponsa-

355 4838 426 4883 esse
457 4816 621 4901 legitimas
647 4817 793 4900 nuptias,
828 4817 894 4882 nisi
919 4835 1001 4899 quae
1029 4817 1091 4881 rite
1123 4823 1329 4882 consecratae
1377 4837 1450 4881 rum
1472 4824 1606 4882 ornatus
1627 4815 1703 4882 data
1724 4836 1822 4899 opera
1843 4815 1884 4882 ad
1905 4817 2168 4902 prostituentium
2189 4817 2355 4902 pudorem

355 4905 471 4969 forent.
515 4902 587 4967 Iam
610 4902 846 4968 benedictionis
868 4902 1023 4980 formam,
1046 4922 1129 4985 quae
1150 4900 1204 4968 hio
1226 4901 1327 4968 refer·
1376 4901 1591 4986 componitur.

354 4998 419 5066 tur,
441 4989 477 5053 in
499 4989 666 5054 communi
688 5009 750 5054 usu
772 4988 874 5055 fuisse
895 4986 1061 5071 probabile
1083 4995 1147 5066 est,
1171 4988 1248 5070 quia
1269 5009 1327 5052 na·
1463 4988 1514 5054 67.
1544 4987 1589 5052 Et
1617 4987 1790 5054 bandora
1818 5007 1887 5054 eam
1915 4987 2011 5054 Iobus
2038 4989 2072 5053 iu
2105 4988 2358 5056 emmaum.

355 5084 431 5141 tura
459 5073 577 5152 dietat,
610 5074 878 5156 propagationem
912 5073 1031 5139 sobolis
1060 5094 1130 5138 esse
1159 5072 1328 5157 proprium
1377 5073 1490 5140 Primo
1519 5073 1654 5139 deduxit
1674 5074 1709 5137 in
1732 5073 1997 5150 tabernaculum,
2026 5073 2145 5140 deiude
2167 5076 2294 5157 accepit
2315 5077 2356 5140 in

354 5161 499 5246 coniugii
537 5160 646 5226 finem.
702 5159 745 5224 llt
778 5159 839 5226 sub
872 5158 1009 5226 victoria
1041 5157 1348 5242 comprehenditur*
1378 5179 1527 5224 uxorem:
1561 5180 1625 5242 qua
1653 5158 1824 5225 verborum
1846 5159 1930 5224 serie
1953 5159 2135 5243 legitimum
2158 5161 2359 5245 nuptiarum

355 5247 433 5312 felix
462 5247 550 5311 vitae
577 5252 691 5310 status.
736 5244 900 5311 Dominus
930 5254 1039 5309 tamen
1062 5263 1176 5310 eorum
1198 5244 1328 5328 linguas
1378 5265 1501 5312 morem
1529 5265 1549 5310 a
1573 5245 1722 5311 barbarie
1752 5243 1907 5310 discernit
1934 5245 2052 5312 Moses.
2097 5246 2142 5311 Et
2170 5254 2258 5313 certe
2289 5249 2358 5315 hoc

353 5331 476 5397 direxit
494 5330 535 5396 ad
553 5331 743 5397 vaticinium
763 5331 846 5414 quod
864 5332 945 5414 ipsis
962 5331 1113 5414 ignotum
1133 5337 1212 5395 erat.
1249 5329 1329 5396 Por·
1378 5331 1523 5414 postulat
1544 5331 1685 5416 coniugii
1708 5330 1882 5412 sanctitas,
1905 5352 1946 5396 ne
1968 5352 2018 5413 se,
2046 5330 2205 5416 pecudum
2231 5333 2362 5410 instar,
