5000 6208
374 437 439 505 307
1035 432 1405 502 COMMENTARIUS
1426 433 1477 500 IN
1500 432 1714 502 GHNHSIN.
2306 435 2361 503 308

375 633 409 692 et
426 623 583 690 modesto.
611 621 760 688 Primum
778 622 897 689 scimus
913 622 1066 706 profanos
1083 622 1232 687 homines
1249 641 1345 704 saepe
1398 620 1492 688 citas:
1522 620 1557 686 id
1579 621 1668 688 enim
1696 619 1832 705 perinde
1853 629 1925 688 erat
1946 642 1984 688 ac
2005 623 2034 688 si
2056 643 2130 688 eum
2152 621 2215 690 loci
2242 623 2360 692 accolae

375 710 416 776 de
437 710 541 775 nihilo
564 729 635 773 esse
656 708 782 785 anxios,
805 716 843 773 ut
864 708 962 773 etiam
986 707 1083 774 rebus
1105 707 1223 791 quietis
1246 706 1346 791 trepi-
1397 706 1603 792 strangulare
1630 708 1739 774 conati
1772 715 1890 775 essent.
1934 708 2108 775 Caeterum
2138 715 2176 774 ut
2208 708 2361 791 patienter
2460 735 2461 776 ι

376 789 483 861 dent'
502 792 632 860 Deinde
653 792 822 858 Abraham
842 793 896 858 vir
917 795 1103 859 reverentia
1125 793 1244 877 dignus
1265 801 1346 870 erat,
1398 799 1465 858 tam
1494 813 1628 877 gravem
1656 794 1810 858 iniuriam
1838 794 1930 872 tulit,
1962 794 2010 859 ita
2038 816 2139 878 quum
2160 793 2212 859 illi
2241 803 2361 877 praeter

376 900 536 946 numerus
565 899 735 946 servorum
757 878 807 943 illi
828 877 914 944 domi
938 889 1008 944 erat
1029 880 1135 944 instar
1156 879 1266 963 exigui
1288 899 1347 960 po·
1398 897 1489 962 spem
1508 875 1686 945 sumendae
1703 878 1839 945 fiduciae
1857 879 2139 958 offerturoccasio,
2157 879 2361 964 inposterum

400 966 463 1031 nli:
492 985 553 1032 neo
583 965 718 1032 dubium
747 965 826 1047 quin
848 985 925 1030 suae
952 964 1003 1029 illi
1036 965 1174 1030 virtutes
1206 965 1347 1029 multum
1398 965 1460 1030 sibi
1482 973 1586 1030 cavet.
1622 963 1781 1030 Videmus
1803 965 1901 1031 etiam
1919 961 1983 1049 quo
2000 973 2146 1050 tempore
2168 965 2266 1049 paulo
2283 987 2361 1034 com·
2460 979 2461 1040 1

403 1051 548 1135 'gnitatis
575 1049 833 1117 conciliaverint:
866 1050 914 1115 ita
936 1051 974 1115 fit
1001 1058 1041 1115 ut
1068 1051 1138 1116 eius
1168 1069 1245 1133 opes
1267 1049 1347 1118 Abi·
1399 1049 1526 1115 modius
1547 1049 1670 1116 habere
1691 1050 1781 1116 visus
1803 1060 1854 1116 est
1875 1049 2061 1129 Abraham,
2082 1061 2116 1116 et
2138 1049 2261 1136 aliquid
2282 1051 2362 1118 leia·

377 1135 504 1202 melech
525 1144 692 1220 suspectae
726 1134 852 1201 habeat.
897 1135 965 1202 Sed
987 1156 1087 1219 quum
1109 1135 1165 1200 ille
1186 1137 1347 1219 privatam
1399 1136 1496 1200 tionis
1518 1144 1634 1201 nactus
1656 1147 1722 1204 est:
1744 1156 1842 1219 quam
1866 1135 1985 1202 acriter
2002 1157 2078 1202 eum
2096 1138 2259 1202 Dominus
2276 1157 2362 1206 exer·
2460 1133 2461 1220 ἶ

377 1222 428 1289 sui
451 1222 611 1287 rationem
640 1221 791 1300 haberet,
812 1221 973 1287 Dominus
996 1221 1052 1304 qni
1073 1241 1185 1286 rerum
1209 1229 1349 1287 eventus
1399 1221 1512 1288 cuerit.
1558 1220 1655 1287 Oerte
1677 1242 1742 1287 non
1764 1221 1838 1287 leve
1860 1243 1999 1288 examen
2020 1223 2081 1288 fnit
2106 1222 2182 1288 dum
2205 1243 2265 1306 pro
2288 1243 2362 1306 aqua
2460 1281 2461 1304 ,

377 1307 500 1392 optime
529 1306 690 1374 moderari
719 1306 827 1387 novit,
859 1306 919 1372 hoc
947 1308 1043 1373 modo
1072 1307 1233 1372 consuluit
1260 1305 1350 1372 servi
1400 1314 1525 1372 certare
1557 1316 1686 1372 coactus
1718 1315 1781 1372 est:
1814 1327 1875 1373 nec
1908 1329 1948 1373 ea
1978 1307 2158 1387 communi,
2191 1308 2248 1374 sed
2280 1311 2362 1375 cuins
2460 1373 2461 1380 ,

378 1394 431 1459 eui
460 1393 570 1478 quieti.
615 1391 789 1458 Caeterum
819 1392 973 1458 Abrahae
1001 1392 1149 1475 exemplo
1177 1390 1348 1469 discamus,
1400 1401 1536 1476 puteum
1559 1391 1724 1458 effoderat.

379 1477 559 1562 siquando
581 1478 675 1544 nobis
694 1477 780 1561 apud
803 1478 887 1543 filios
909 1479 1030 1544 saeculi
1050 1477 1209 1543 invidiam
1231 1479 1349 1543 contla-
1486 1477 1539 1542 27.
1569 1477 1614 1542 at
1640 1479 1756 1560 occepit
1777 1477 1940 1544 Abrohom
1961 1479 2106 1560 penedes.
2148 1479 2237 1544 Hinc
2268 1478 2363 1562 liquet
2460 1545 2461 1570 ,

378 1564 463 1629 bunt
479 1565 544 1629 Dei
566 1563 660 1642 dona,
683 1571 751 1628 tam
773 1563 919 1630 modeste
941 1584 1000 1628 nos
1022 1584 1135 1649 gerere
1153 1571 1249 1628 utne
1270 1561 1349 1647 quid
1401 1583 1466 1628 non
1488 1563 1589 1629 fuisse
1612 1562 1726 1630 foedus
1754 1584 1963 1647 percussum,
1995 1563 2136 1648 qualiter
2156 1565 2263 1630 solent
2284 1565 2362 1630 inter
2460 1577 2461 1590 ¹

379 1651 415 1716 in
435 1650 528 1715 nobis
550 1648 744 1714 desiderent.
1402 1669 1436 1714 se
1467 1649 1589 1731 pacisci
1617 1649 1785 1732 aequales:
1825 1649 1962 1734 gradum
1996 1650 2084 1714 enim
2118 1670 2213 1714 suum
2244 1659 2364 1732 reputat
2460 1721 2461 1728 χ

466 1734 518 1800 23.
544 1733 582 1800 Si
608 1735 752 1800 mentitae
781 1734 883 1817 fueris
910 1734 999 1800 mibi.
1043 1734 1097 1801 Ad
1123 1734 1262 1800 verbum
1291 1741 1350 1812 est,
1402 1734 1580 1812 Abraham,
1603 1742 1637 1799 et
1653 1734 1689 1799 in
1706 1733 1892 1820 symbolum
1911 1734 2121 1800 subiectionis
2137 1755 2260 1800 munus
2277 1735 2364 1800 offert
2460 1797 2461 1822 ,

381 1819 420 1888 Si
442 1820 626 1886 mentieris:
657 1828 706 1886 est
728 1819 817 1884 enim
840 1818 1000 1887 defectiva
1021 1820 1167 1904 loquutio
1189 1819 1351 1885 Hebraeis
1402 1842 1444 1885 ex
1467 1820 1619 1904 gregibus
1641 1821 1708 1887 suis
1730 1821 1801 1905 regi
1822 1821 1946 1886 Gerar:
1976 1841 2054 1886 nam
2076 1840 2134 1904 pro
2156 1841 2195 1885 ec
2216 1819 2303 1903 quod
2322 1821 2362 1886 di·

380 1907 459 1971 trita
480 1907 515 1971 in
536 1905 686 1971 formulis
706 1904 851 1970 iurandi:
876 1925 957 1990 quae
975 1907 1023 1972 sic
1044 1905 1165 1972 resolvi
1186 1904 1289 1984 debet,
1313 1903 1351 1970 Si
1402 1916 1481 1972 cnut
1502 1906 1625 1985 Latini,
1647 1904 1797 1972 Pendere
1819 1905 1961 1989 vectigal
1982 1906 2034 1973 vel
2056 1906 2229 1986 tributum,
2251 1916 2285 1971 et
2307 1907 2365 1990 gal·

380 1991 534 2058 fefelleris
562 1990 672 2057 datam
694 1991 776 2056 mihi
801 1990 914 2069 fidem,
938 1992 1047 2058 Deum
1068 1991 1294 2058 invocabimus
1314 2001 1352 2055 nt
1402 1990 1464 2055 lice
1481 1989 1628 2066 dicimus,
1641 1989 1740 2058 Fuire
1756 1991 1923 2075 bemmapc,
1935 1991 2080 2057 Hebraei
2099 1991 2220 2069 dicunt,
2233 1993 2364 2058 Munera
2460 2059 2461 2068 ,

381 2076 507 2143 medius
528 2079 616 2141 inter
638 2098 698 2142 nos
718 2077 819 2141 iudex
840 2074 964 2158 sedeat,
986 2098 1084 2161 seque
1106 2077 1257 2143 ostendet
1277 2097 1351 2159 per·
1402 2077 1529 2142 offerre.
1584 2075 1653 2143 Nec
1685 2097 1763 2142 vero
1797 2085 1966 2159 exspectat
1999 2077 2167 2143 Abraham
2200 2078 2279 2142 dnm
2311 2077 2365 2143 sibi
2460 2127 2461 2130 ,

380 2163 457 2228 iurii
478 2162 628 2228 ultorem.
666 2163 802 2228 Mentiri
832 2170 940 2227 autem
960 2163 1015 2229 hio
1038 2162 1169 2247 quidam
1188 2163 1353 2245 accipiunt
1402 2163 1524 2245 aliquid
1546 2162 1685 2245 imperio
1707 2171 1742 2227 et
1762 2163 1796 2226 vi
1819 2171 2051 2245 extorqueatur
2073 2183 2093 2229 a
2114 2183 2207 2248 rege,
2237 2163 2296 2229 sed
2316 2183 2364 2230 vo-

380 2269 439 2333 pro
467 2249 577 2331 inique
604 2259 637 2313 et
662 2247 888 2313 fraudulenter
920 2267 1030 2332 agere:
1065 2248 1121 2314 alii
1154 2259 1264 2313 antem
1292 2267 1351 2332 pro
1402 2248 1545 2313 luntario
1566 2248 1691 2313 honore
1707 2249 1879 2331 praevenit
1900 2269 1997 2330 quem
2015 2249 2077 2316 scit
2098 2269 2169 2315 esse
2191 2248 2252 2314 loci
2273 2248 2366 2314 domi·
2460 2279 2461 2334 q

380 2334 527 2400 deficere.
572 2334 645 2418 Ego
674 2332 865 2417 simpliciter
892 2335 1091 2417 interpretor
1112 2355 1149 2400 ao
1171 2335 1199 2398 si
1227 2333 1352 2397 dictum
1404 2354 1492 2398 num.
1538 2332 1673 2414 Quanta
1701 2335 1737 2398 in
1766 2332 1953 2400 hominibus
1986 2343 2155 2418 grassetur
2183 2333 2364 2398 dominandi

379 2422 470 2500 foret,
492 2419 582 2484 Nihil
604 2421 728 2503 perfide
750 2439 826 2504 agee
848 2440 990 2497 mecum,
1020 2420 1073 2486 vel
1095 2439 1169 2485 cum
1192 2419 1274 2484 meis
1294 2439 1350 2482 ne·
1402 2418 1564 2502 cupiditas
1584 2418 1658 2502 plus
1680 2419 1760 2484 satis
1782 2427 1897 2484 notum
1919 2432 1986 2484 est:
2008 2441 2070 2503 qno
2088 2421 2163 2504 plus
2181 2419 2289 2485 laudis
2305 2440 2366 2484 me-

380 2507 520 2590 potibue.
566 2503 635 2570 Sua
656 2500 771 2570 autem*
789 2506 946 2571 beneficia
967 2515 1199 2571 commemorat
1219 2503 1351 2570 Abime-
1403 2513 1494 2570 retur
1516 2503 1669 2570 Abrahae
1690 2505 1804 2588 pudor,
1827 2506 1884 2587 qui
1905 2526 1973 2571 non
1994 2513 2124 2571 tantum
2146 2505 2253 2570 alieno
2275 2504 2365 2570 abeti-
2460 2525 2461 2550 ι

377 2590 469 2669 lech,
503 2610 566 2673 quo
603 2590 766 2657 efficacius
798 2590 891 2656 illum
925 2590 1076 2656 hortetur
1108 2590 1149 2655 ad
1182 2590 1350 2656 colendam
1404 2598 1470 2668 net,
1493 2589 1550 2656 sed
1568 2591 1714 2656 iniussus
1732 2591 1829 2655 offert
1845 2590 1930 2673 quod
1949 2611 2059 2656 secum
2076 2592 2194 2656 statuit
2210 2613 2251 2656 ex
2269 2591 2366 2657 officio
2460 2639 2461 2642 ,

380 2676 500 2743 bonam
524 2675 636 2741 fidem:
661 2697 738 2742 nam
756 2697 857 2760 quum
879 2677 1068 2742 humaniter
1090 2685 1241 2759 acceptus
1257 2677 1351 2754 foret,
1404 2675 1523 2742 deberi.
1568 2675 1644 2740 Alia
1665 2684 1777 2741 tamen
1799 2676 1965 2742 suboritur
1994 2677 2155 2761 quaestio,
2189 2697 2292 2761 quum
2311 2675 2367 2742 sibi
2418 2717 2420 2720 -
2460 2699 2461 2730 ι

379 2761 492 2828 foedae
510 2761 756 2848 ingratitudinis
768 2781 862 2827 reum
877 2762 947 2827 fore
965 2762 1140 2828 denunciat
1152 2759 1352 2841 Abimelech,
1404 2761 1563 2828 divinitus
1584 2761 1742 2826 traditum
1765 2761 1864 2827 sciret
1885 2770 1991 2828 terrae
2013 2761 2210 2843 dominium,
2232 2783 2275 2827 an
2297 2762 2365 2828 sub·

380 2849 446 2914 nisi
466 2848 610 2914 vicissim
634 2846 764 2912 studeat
781 2867 864 2932 quae
881 2849 1006 2931 accepit
1027 2847 1184 2916 beneficia
1206 2866 1351 2930 pensare.
1403 2847 1577 2913 iectionem
1606 2847 1750 2930 profiteri
1780 2847 1907 2912 licuerit
1942 2869 2008 2932 qua
2035 2848 2175 2914 alterum
2205 2847 2367 2913 dominum
2460 2861 2461 2864 ’

380 2931 638 3000 Misericordiam
659 2935 766 2998 facere
784 2954 858 3000 cum
882 2933 991 3017 aliquo
1007 2932 1169 2999 Hebraeis
1190 2934 1354 3017 signifieat
1404 2943 1607 3017 agnosceret.
1646 2933 1773 2998 Verum
1795 2932 1912 2999 solutio
1933 2933 2037 2998 facilis
2059 2944 2117 3014 est,
2139 2933 2226 3017 quod
2247 2954 2367 3017 posses·

381 3021 559 3088 clementer
585 3028 619 3085 et
648 3018 790 3103 benigne
817 3039 892 3084 eum
920 3027 1071 3086 tractare.
1121 3019 1236 3102 Neque
1264 3019 1352 3084 enim
1404 3018 1506 3085 sionis
1533 3017 1701 3084 adeundae
1731 3018 1877 3083 nondum
1910 3015 2089 3085 adveheret
2118 3027 2263 3104 tempus:
2297 3037 2368 3085 nam
2460 3077 2461 3108 ἶ

380 3106 518 3189 supplex
540 3106 631 3174 venit
652 3103 841 3170 Abimelech
864 3112 902 3169 ut
919 3104 1074 3171 Abrahae
1094 3103 1352 3170 misericordiam
1404 3125 1461 3188 spe
1479 3112 1608 3169 tantum
1627 3103 1788 3185 dominns,
1806 3104 1864 3170 rei
1888 3125 1925 3170 sa
1941 3105 2136 3190 peregrinus
2153 3115 2234 3172 erat.
2263 3104 2369 3186 Quare
2460 3115 2461 3198 ᾗ

378 3191 546 3274 imploret:
575 3191 654 3274 quin
683 3192 792 3274 potius
813 3189 873 3256 sibi
895 3191 948 3256 ius
978 3191 1106 3275 regium
1129 3191 1294 3271 vendicat,
1316 3196 1352 3254 ut
1404 3187 1636 3256 habitationem
1670 3191 1785 3255 merito
1816 3211 1852 3255 re
1875 3191 1970 3271 emit,
2004 3191 2106 3259 donee
2138 3192 2277 3274 posteris
2306 3192 2370 3255 eins
2460 3199 2461 3204 ’

379 3277 502 3362 patebit
523 3298 564 3342 ex
586 3283 748 3342 contextu.
1405 3275 1540 3341 daretur
1560 3274 1645 3359 quod
1667 3275 1717 3339 illi
1738 3276 1934 3359 promissum
1956 3276 2072 3342 fuerat.
2109 3275 2166 3346 Sic
2188 3278 2370 3362 paulopost
2460 3321 2461 3330 ι

466 3363 517 3429 24.
540 3361 584 3426 at
605 3362 687 3427 dicit
708 3359 880 3442 Abrabam,
902 3360 971 3446 Epo
992 3360 1112 3427 iurabo.
1154 3359 1352 3445 Quanquam
1405 3360 1587 3426 videbimus
1615 3362 1759 3445 pretium
1792 3361 1930 3426 solvisse
1956 3382 2016 3445 pro
2049 3365 2161 3428 uxoris
2194 3362 2370 3446 sepulchro.

380 3451 452 3515 iure
473 3450 593 3532 potior,
624 3460 735 3512 tamen
757 3446 844 3511 nihil
860 3453 990 3513 recusat
1011 3447 1097 3531 quod
1121 3447 1164 3512 sit
1185 3469 1226 3511 ex
1248 3447 1353 3513 officio
1404 3446 1447 3511 In
1468 3466 1605 3522 summa,
1631 3447 1821 3530 priusquam
1843 3466 1945 3513 manu
1966 3448 2031 3513 Dei
2051 3447 2218 3515 locaretur
2238 3451 2274 3513 in
2295 3445 2370 3530 legi·
2460 3455 2461 3510 i

380 3534 459 3600 boni
481 3543 514 3600 et
536 3532 695 3599 moderati
728 3534 799 3599 viri.
844 3533 890 3597 Et
919 3540 1007 3599 certe
1039 3554 1139 3616 quum
1176 3533 1260 3599 filios
1289 3532 1354 3599 Dei
1404 3533 1486 3597 timo
1507 3540 1614 3597 terrae
1635 3532 1787 3609 dominio,
1811 3553 1875 3598 non
1899 3533 2064 3600 dubitavit
2084 3555 2159 3601 oum
2181 3533 2297 3599 ineolis
2314 3531 2370 3597 loci
2460 3555 2461 3604 l

381 3629 496 3705 sponte
516 3618 557 3684 ad
586 3617 723 3703 quodvis
756 3618 896 3684 officium
924 3639 1104 3703 propensos
1132 3639 1202 3684 esse
1232 3617 1353 3698 deceat,
1405 3617 1603 3700 transigere,
1626 3626 1664 3683 ut
1683 3618 1830 3701 precario
1852 3618 1905 3683 vel
1927 3619 2076 3685 mercede
2098 3619 2186 3702 apud
2208 3619 2297 3702 ipsos
2318 3618 2371 3682 ha·
2460 3625 2461 3648 ¹

381 3705 465 3770 nihil
487 3705 592 3788 magis
614 3703 793 3770 absurdum
815 3713 864 3770 est
884 3725 981 3787 quam
1004 3725 1039 3769 se
1060 3704 1216 3787 praebere
1239 3703 1354 3770 diffici-
1405 3701 1532 3768 biteret.
2015 3761 2023 3782 ,

382 3792 430 3858 les
440 3791 495 3857 vel
506 3811 660 3867 morosos,
679 3789 737 3855 ubi
754 3789 795 3854 ab
812 3789 892 3874 ipsis
909 3790 1095 3873 postulatur
1111 3789 1196 3873 quod
1215 3809 1355 3872 aequum
1492 3789 1543 3855 28.
1566 3787 1611 3854 at
1641 3787 1935 3855 castanetum
1960 3793 2073 3871 saitem
2104 3811 2207 3874 cynas
2232 3808 2374 3874 parram
2460 3821 2461 3826 ι

384 3886 442 3943 est.
493 3877 611 3942 Iurare
637 3875 736 3939 etiarn
764 3896 831 3939 non
860 3875 990 3941 abnuit:
1025 3875 1102 3958 quia
1132 3897 1199 3940 rem
1233 3875 1355 3941 licitam
1406 3893 1553 3941 semaam.
1589 3873 1721 3940 Recitat
1738 3874 1848 3941 Moses
1868 3873 1958 3940 aliud
1979 3883 2077 3959 caput
2097 3876 2239 3942 foederis
2259 3893 2373 3958 nempe
2460 3907 2461 3926 ι

385 3983 456 4028 esse
485 3971 640 4041 noverat,
673 3980 766 4027 sacro
788 3959 853 4025 Dei
881 3961 1013 4026 nomine
1041 3961 1234 4044 interposito
1262 3970 1356 4044 pacta
1406 3959 1492 4043 quod
1514 3959 1710 4024 nominatim
1728 3959 1897 4026 Abraham
1919 3959 1982 4025 sibi
2003 3960 2043 4027 de
2064 3971 2163 4044 puteo
2185 3961 2318 4041 caverit,
2339 3965 2376 4024 nt
2460 3971 2461 4050 l

384 4049 472 4113 inter
493 4047 643 4112 homines
664 4047 801 4112 sancire.
846 4045 888 4110 In
910 4067 1054 4127 summa,
1076 4046 1228 4111 videmus
1250 4046 1357 4111 Abra·
1407 4045 1547 4111 liberum
1579 4044 1716 4111 haberet
1748 4066 1850 4129 aquae
1882 4066 1989 4111 nsum.
2040 4043 2167 4113 Statuit
2201 4057 2312 4114 autem
2342 4046 2374 4110 in

386 4132 462 4199 ham
483 4131 623 4197 libenter
644 4153 679 4197 se
701 4131 892 4198 submittere
920 4132 1098 4197 vocationis
1120 4151 1199 4197 suae
1221 4129 1355 4216 legibus.
1408 4130 1552 4196 medium
1581 4142 1706 4213 septem
1736 4149 1852 4214 agnas:
1887 4142 1924 4196 ut
1952 4152 2010 4196 rex
2039 4131 2215 4199 honorario
2242 4149 2375 4198 munere

471 4217 522 4284 25.
535 4218 579 4283 Et
590 4219 762 4299 increpavit
772 4216 937 4282 Abrabam
947 4219 1061 4300 ipsum.
1084 4216 1226 4282 Videtur
1235 4219 1358 4282 iniusta
1408 4216 1558 4295 donatus,
1576 4216 1772 4299 comprobet,
1784 4225 1952 4300 ratamque
1964 4214 2082 4281 habeat
2092 4219 2182 4301 putei
2193 4218 2375 4303 fossionem.

385 4305 602 4389 querimonia:
633 4323 710 4369 nam
733 4305 761 4368 si
782 4303 890 4368 laesus
912 4313 992 4382 erat,
1026 4323 1084 4368 cur
1106 4324 1172 4369 non
1194 4324 1273 4368 rasus
1294 4303 1359 4368 fuit
1409 4301 1677 4368 Controversiam
1699 4303 1787 4367 enim
1809 4322 1942 4368 movere
1969 4311 2122 4384 poterant
2146 4303 2272 4370 incolae
2294 4298 2376 4388 quod

385 4389 550 4456 ordinario
578 4388 743 4454 remedio?
769 4387 900 4456 Sciebat
928 4408 1041 4474 regem
1067 4409 1139 4454 esse
1167 4387 1358 4468 humanum,
1409 4389 1539 4473 privato
1560 4389 1685 4453 homini
1708 4396 1741 4453 et
1761 4387 1923 4471 inquilino
1944 4408 2010 4453 non
2032 4388 2146 4455 liceret
2174 4399 2311 4473 puteum
2332 4387 2376 4452 fo·

385 4475 507 4541 habere
540 4475 637 4540 etiam
670 4474 802 4558 aliquod
834 4475 966 4558 pietatis
997 4493 1124 4552 semen,
1158 4475 1294 4540 comiter
1326 4484 1360 4539 et
1410 4474 1502 4540 dere:
1532 4474 1696 4540 nuncubi
1725 4473 1911 4540 intercessit
1938 4472 2068 4556 publica
2096 4475 2185 4560 regis
2214 4475 2376 4549 autoritas,

386 4560 565 4628 honorifice
583 4562 624 4625 ab
642 4559 698 4625 illo
717 4568 875 4625 tractatus
897 4559 1019 4624 fuerat:
1043 4579 1102 4624 our
1118 4579 1260 4642 aequum
1277 4561 1360 4625 iuris
1410 4560 1595 4626 consultum
1614 4569 1664 4625 est
1676 4559 1831 4625 Abrahae
1848 4559 1959 4642 quieti,
1977 4569 2016 4623 ut
2031 4579 2128 4626 nemo
2145 4559 2195 4625 illi
2213 4563 2377 4646 negotium
2460 4579 2461 4608 ι

386 4647 439 4712 sui
468 4647 670 4712 defensorem
692 4646 761 4711 fore
782 4643 924 4711 diffidit?
947 4643 1045 4726 Quod
1067 4646 1095 4709 ei
1119 4654 1286 4729 acceptam
1308 4647 1359 4710 in·
1409 4645 1557 4711 facessat.
1602 4647 1716 4728 Agnae
1743 4645 1838 4710 multi
1867 4645 2032 4728 accipiunt
2059 4665 2119 4729 pro
2146 4648 2292 4713 nummis
2322 4646 2377 4710 hac
2460 4655 2461 4670 ¹

387 4733 505 4797 iuriam
528 4732 684 4798 devorare
706 4731 866 4796 maluerat
887 4752 985 4813 qnam
1006 4732 1076 4814 regi
1098 4731 1256 4796 molestus
1281 4753 1360 4812 esse,
1410 4730 1712 4816 forma‘peroussis:
1736 4728 1794 4796 sed
1815 4751 1916 4814 quum
1937 4731 2028 4812 prius
2050 4733 2136 4798 facta
2153 4734 2198 4797 sit
2219 4734 2333 4798 ovium
2349 4737 2378 4794 et
2460 4795 2461 4810 χ

387 4838 446 4884 cnr
467 4837 555 4883 nune
575 4817 706 4900 eulpam
728 4819 820 4900 quasi
842 4819 983 4895 conscio,
1013 4815 1062 4880 illi
1091 4815 1268 4882 adscribit?
1292 4816 1359 4883 Sed
1410 4816 1509 4883 boum
1541 4816 1680 4882 mentio:
1714 4837 1801 4883 nunc
1832 4837 1913 4882 vero
1945 4816 2098 4883 continuo
2130 4827 2205 4902 post
2232 4817 2379 4884 subiiciat
2460 4813 2461 4832 ¹

387 4903 461 4970 fieri
492 4911 599 4986 potest
628 4911 666 4968 ut
697 4902 897 4967 intellexerit
925 4900 1111 4980 Abraham,
1144 4903 1267 4968 factum
1299 4902 1360 4969 hoo
1411 4901 1520 4968 Moses
1542 4917 1667 4985 septem
1687 4921 1790 4986 agnas
1812 4922 1959 4968 seorsum
1988 4903 2126 4984 positae,
2154 4923 2308 4969 nummos
2330 4900 2379 4966 hio

387 5010 459 5056 esse
486 4989 587 5053 nimia
614 4989 701 5072 regis
730 4988 911 5054 tolerantia.
956 4985 1055 5053 Oerte
1077 5008 1143 5053 non
1171 4989 1242 5052 sine
1263 5007 1362 5053 cansa
1410 4985 1569 5053 fabricare
1590 4986 1767 5053 absurdum
1790 4997 1849 5054 est.

388 5074 628 5158 expostulasse,
655 5096 696 5139 ex
727 5075 796 5140 eius
825 5073 969 5139 moribus
992 5082 1025 5137 et
1045 5073 1180 5158 ingenio
1209 5073 1361 5159 colligere
1496 5072 1548 5139 32.
1578 5072 1701 5139 Idcirco
1737 5078 1862 5140 vocotus
1888 5078 1933 5139 ae
1958 5073 2051 5139 zoua
2099 5073 2172 5138 Iam
2209 5074 2313 5140 semel
2338 5074 2381 5139 its

387 5161 479 5238 licet,
510 5171 606 5242 atque
628 5158 706 5225 hino
735 5160 933 5244 perspicitur
960 5161 1064 5225 sancti
1087 5159 1151 5226 viri
1173 5157 1360 5240 moderatio,
1412 5159 1613 5244 nuncupavit
1635 5159 1760 5225 Moses:
1784 5158 1842 5224 sed
1862 5158 2044 5226 secundum
2065 5159 2239 5244 prolepsin.
2287 5161 2382 5225 Nunc

388 5245 475 5331 quod
502 5265 614 5329 aquae,
637 5265 696 5311 sua
719 5245 879 5310 industria
906 5256 939 5310 et
966 5245 1078 5310 labore
1107 5253 1270 5327 repertae,
1300 5265 1362 5310 usu
1411 5255 1520 5310 autem
1553 5244 1696 5310 declarat
1728 5243 1856 5328 quando
1884 5251 1918 5310 et
1946 5263 2011 5328 qua
2038 5242 2078 5309 de
2110 5266 2210 5312 causa
2238 5245 2381 5312 inditum

388 5333 538 5417 privatus
561 5352 624 5397 non
648 5330 883 5397 tumultuatur:
910 5343 947 5396 ut
969 5331 1091 5396 ferebat
1112 5331 1251 5395 iniuriae
1274 5338 1361 5396 atro·
1412 5329 1514 5396 fuerit
1545 5351 1681 5396 nomen:
1716 5351 1834 5414 nempe
1862 5329 1948 5413 quod
1977 5329 2045 5396 illic
2079 5331 2175 5398 ambo
2207 5331 2375 5398 iurassent
