5000 6208
131 391 186 457 349
783 389 1154 460 COMMENTARIUS
1176 391 1227 457 IN
1249 390 1464 460 GENESIN.
2059 390 2124 456 350

133 599 220 647 cassu
243 578 390 662 quaesito
411 578 570 645 intentius
592 580 744 658 oraverit,
767 589 806 644 ut
827 579 1058 646 revelationem
1082 599 1100 643 e
1152 579 1230 644 tatis
1251 586 1410 661 respectu,
1433 578 1575 662 gratuito
1593 577 1733 643 electum
1751 597 1822 642 esso
1839 575 1949 656 Iacob,
1970 577 2026 661 qui
2047 598 2123 662 pro-

132 664 213 732 coelo
241 664 386 730 baberet.
430 665 516 730 Nam
539 686 577 729 eo
607 675 754 750 temporo
783 686 939 748 quosnam
992 671 1101 730 raeter
1152 664 1271 729 missae
1290 664 1526 730 benedictionis
1543 664 1659 729 haeres
1676 663 1781 729 soret?
1800 661 1938 730 Summa
1952 672 2001 728 est
2012 665 2123 748 igitur,

132 750 281 816 maritum
299 759 333 815 et
350 771 497 816 socerum
516 750 692 834 prophetas
710 754 745 815 in
767 749 898 830 mundo,
921 686 1101 816 cadumin
1152 748 1237 832 quod
1254 751 1346 815 Deus
1363 750 1520 834 praetulit
1531 748 1628 816 Iacob
1645 751 1738 814 fratri
1751 749 1849 826 Esau,
1871 757 1909 814 ut
1926 756 2019 833 pater
2038 761 2124 816 esset
2193 808 2196 816 ,

133 835 263 914 vicinia,
286 835 480 920 reperisset?
511 836 638 903 Deinde
668 837 763 903 video
793 845 872 902 tunc
897 837 965 902 fere
991 837 1101 901 Deum
1153 835 1321 913 eeclesiae,
1345 836 1406 901 hoc
1424 857 1491 900 non
1508 835 1608 903 fuisse
1628 833 1794 901 redditum
1818 834 1889 900 eius
1907 835 2046 915 meritis,
2069 836 2122 901 vel

132 922 327 987 voluntatem
350 942 442 988 suam
466 921 658 1005 patefecisse
680 922 827 989 oraculis.
864 923 982 999 Tertio,
1002 923 1030 986 si
1052 922 1101 986 rei
1152 919 1313 986 industria
1342 921 1541 1005 quaesitum,
1568 920 1625 987 sed
1652 921 1833 1004 profectum
1856 943 1875 986 a
1900 941 1992 986 mera
2019 923 2123 1003 ipsius
2194 996 2195 999 Ἴ

133 1006 385 1090 magnitudinem
414 1006 645 1090 expendimus,
673 1029 829 1074 arcanum
854 1007 937 1074 illud
959 1027 1015 1073 ore
1037 1007 1100 1073 Dei
1150 1005 1216 1072 Dei
1237 1006 1353 1091 gratia.
1397 1005 1465 1073 Sed
1487 1028 1587 1090 quum
1610 1005 1650 1072 dc
1671 1015 1740 1073 toto
1761 1006 1882 1090 populo
1904 1014 2035 1091 agatur,
2056 1028 2123 1073 non

133 1093 232 1177 magis
261 1114 359 1175 quam
381 1092 524 1158 hominis
547 1094 733 1160 testimonio
754 1093 959 1159 manifestari
981 1091 1099 1158 decuit.
1152 1114 1287 1172 arcana,
1317 1112 1399 1175 quae
1423 1093 1458 1158 in
1487 1094 1599 1177 paucis
1622 1100 1694 1157 rata
1712 1101 1777 1170 est,
1800 1092 1930 1171 electio,
1955 1091 2012 1158 sed
2034 1113 2123 1159 com-

132 1178 247 1244 Nostra
268 1177 352 1244 ratio
375 1177 505 1246 diversa
526 1189 589 1245 est:
621 1200 698 1245 nam
726 1200 831 1263 neque
859 1179 978 1245 talibus
1000 1177 1100 1243 mira·
1151 1179 1260 1244 munis
1289 1185 1422 1244 notatur
1448 1177 1592 1262 adoptio,
1623 1198 1705 1262 quae
1733 1186 1801 1244 tam
1824 1177 1889 1242 late
1911 1185 2003 1264 patet
2024 1199 2122 1262 quam

132 1263 205 1330 culis
223 1263 320 1330 hodie
341 1285 393 1330 res
413 1265 541 1331 futuras
555 1265 647 1332 Deus
663 1265 845 1349 portendit:
868 1271 901 1331 et
911 1265 945 1330 in
956 1264 1100 1349 rogando
1150 1263 1349 1347 praedicatio
1377 1273 1513 1330 externa
1538 1265 1639 1330 verbi.
1684 1262 1772 1346 Quia
1799 1263 1861 1329 hoc
1882 1271 1951 1328 tam
1979 1264 2124 1330 breviter

131 1351 212 1416 ritae
235 1371 333 1416 cursu
356 1349 485 1416 abunde
507 1350 601 1418 nobis
630 1351 751 1417 sufficit
777 1351 875 1436 legis,
905 1360 939 1416 et
959 1349 1099 1434 prophe·
1150 1352 1376 1433 perstrictum,
1406 1349 1574 1415 obscurius
1601 1370 1672 1416 esse
1693 1357 1817 1433 posset,
1847 1351 2004 1415 memoria
2029 1371 2122 1434 repe·

132 1441 249 1512 tarum,
278 1445 310 1502 ct
338 1436 499 1520 evangelii
530 1434 694 1518 doctrina,
727 1457 810 1521 quae
838 1435 1016 1522 perfectam
1047 1457 1099 1502 sa·
1151 1444 1222 1500 tant
1243 1435 1383 1502 lectores
1405 1435 1488 1518 quod
1512 1455 1611 1520 supra
1634 1434 1758 1501 decimo
1780 1437 1918 1518 septimo
1940 1436 2047 1519 capite
2065 1458 2121 1501 ex·

131 1521 281 1604 pientiam
306 1523 540 1605 complectitur.
1149 1524 1257 1604 posui:
1281 1541 1398 1604 nempe
1416 1522 1525 1587 Deum
1548 1519 1731 1604 adoptionis
1752 1541 1831 1587 suae
1852 1522 1959 1606 gratia
1981 1522 2122 1605 comple·

208 1607 262 1674 23.
285 1606 380 1674 Duae
399 1613 511 1692 gentes.
555 1607 669 1673 Primo
692 1606 866 1691 respondet
889 1607 989 1688 Deus,
1011 1607 1098 1691 quod
1149 1628 1229 1673 xum
1254 1627 1325 1672 esse
1346 1627 1459 1672 omnes
1480 1606 1634 1672 Abrahae
1657 1606 1751 1687 lilios,
1777 1606 1949 1691 quiscum
1972 1608 2123 1674 omuibus

130 1692 209 1759 inter
223 1715 258 1760 se
268 1702 417 1778 pugnant
430 1693 561 1778 gemelli
579 1692 706 1772 iratres,
724 1693 778 1758 lon
805 1694 855 1759 'us
871 1703 982 1776 patere
1000 1714 1098 1776 quam
1148 1692 1263 1759 foedus
1281 1692 1415 1777 pepigit,
1434 1713 1494 1758 nec
1511 1694 1633 1759 frustra
1650 1691 1800 1758 omnibus
1817 1695 2000 1776 promiscua
2011 1692 2122 1759 offerri

131 1776 167 1843 ad
187 1800 301 1844 eorum
328 1797 498 1863 personas:
529 1778 592 1845 hoo
614 1778 699 1844 enim
723 1800 776 1845 mo
799 1799 819 1843 o
846 1779 989 1845 ostendit
1010 1779 1098 1862 quod
1149 1779 1256 1845 voluit
1277 1779 1393 1844 salutis
1410 1778 1675 1861 promissionem,
1703 1788 1735 1843 et
1757 1777 2009 1845 circumcisionis
2031 1801 2122 1864 sym-

129 1863 210 1930 inter
234 1886 345 1931 eorum
368 1873 514 1948 posteros
536 1863 683 1930 futurum
706 1875 777 1930 orat
799 1863 979 1931 dissidium.
1019 1865 1099 1930 Em·
1148 1865 1222 1930 bolo
1244 1865 1278 1930 iu
1301 1885 1411 1930 eorum
1435 1883 1533 1928 carne
1563 1863 1744 1949 obsignari:
1772 1873 1934 1930 caeterum
1959 1865 2058 1930 luisse
2080 1885 2121 1930 ex

129 1950 255 2034 phatica
284 1958 394 2016 autem
422 1959 472 2016 est
502 1949 645 2034 loquutio
677 1970 778 2033 quum
810 1949 888 2017 dicit
917 1949 997 2016 duas
1027 1971 1098 2016 esse
1148 1950 1269 2034 populo
1298 1950 1452 2016 universo
1482 1950 1623 2035 speciale
1651 1948 1779 2033 aliquod
1810 1949 1970 2016 delectum
2000 1971 2121 2031 semen,

128 2044 254 2120 gentes:
283 2057 358 2101 nam
381 2057 481 2120 quum
504 2037 623 2102 iratres
644 2044 754 2104 essent
776 2044 809 2102 et
831 2036 976 2122 gemelli,
1001 2033 1097 2102 adeo·
1149 2045 1182 2101 et
1203 2058 1257 2102 eos
1280 2035 1410 2101 demum
1433 2037 1557 2102 censeri
1580 2036 1743 2120 legitimos
1765 2035 1919 2102 Abrahae
1940 2035 2041 2116 filios,
2065 2038 2121 2120 qui

128 2143 185 2204 que
200 2143 290 2188 unus
307 2122 457 2206 sanguis,
475 2143 540 2187 non
559 2121 695 2205 putabat
712 2132 817 2188 mater
835 2123 880 2188 ita
898 2121 1097 2188 disiunctum
1148 2141 1267 2188 arcano
1291 2122 1354 2187 Dei
1376 2122 1509 2187 consilio
1532 2120 1685 2187 destinati
1708 2135 1786 2187 sunt
1808 2121 1849 2186 ad
1872 2122 2021 2187 salutem.
2065 2123 2122 2188 Fi-

128 2207 174 2286 iri,
191 2215 230 2272 ut
248 2206 395 2273 diversos
412 2208 548 2292 populos
566 2207 746 2274 efficerent:
767 2209 857 2275 Deus
874 2215 986 2273 tamen
1009 2208 1097 2272 inter
1148 2208 1205 2273 des
1227 2206 1358 2291 quidem
1380 2206 1566 2291 spirituales
1588 2207 1672 2272 filios
1695 2228 1715 2272 a
1737 2207 1925 2274 carnalibus
1949 2206 2118 2273 discernit:

128 2293 258 2376 eosqui
279 2294 445 2360 coniuncti
479 2302 572 2358 erant
604 2300 736 2372 natura,
769 2293 999 2360 discessionem
1027 2292 1097 2358 fore
1147 2292 1204 2361 sed
1233 2314 1321 2358 nunc
1343 2292 1384 2358 dc
1412 2293 1571 2377 principio
1600 2290 1819 2372 discretionis,
1849 2314 1915 2358 nou
1944 2300 2054 2360 autem
2079 2293 2120 2359 dc

127 2378 327 2462 pronunciat.
378 2376 507 2444 Deinde
545 2380 743 2462 exprimitur
781 2378 910 2446 diversa
946 2378 1097 2460 conditio,
1148 2380 1293 2466 symbolo
1323 2379 1377 2445 vel
1404 2386 1481 2445 nota
1509 2380 1654 2463 quaestio
1683 2387 1742 2445 est.
1786 2377 1879 2444 Deus
1907 2399 1984 2464 ergo
2014 2387 2119 2444 totum
2214 2433 2226 2454 ,

126 2463 208 2546 quod
248 2464 386 2531 victoria
425 2485 524 2547 penes
563 2485 665 2531 unum
700 2465 855 2550 populum
889 2465 1004 2530 futura
1036 2465 1094 2531 sit:
1146 2487 1256 2531 semen
1281 2464 1377 2531 Iacob
1399 2463 1470 2530 sine
1496 2464 1686 2548 exceptione
1715 2465 1826 2549 elegit,
1856 2465 1942 2532 sicut
1969 2465 2119 2548 pluribus

126 2549 381 2634 quandoquidem
404 2550 481 2616 hinc
504 2550 683 2631 tumultus,
706 2551 790 2635 quod
818 2572 912 2634 pares
935 2572 1005 2617 esse
1028 2571 1095 2616 non
1147 2549 1227 2618 locis
1249 2558 1389 2616 testatur
1415 2550 1590 2634 scriptura:
1621 2550 1697 2634 quia
1725 2571 1837 2617 omnes
1858 2551 1982 2634 pariter
2002 2551 2119 2618 iisdem

126 2645 290 2720 poterant:
319 2636 377 2702 sod
400 2636 503 2701 altero
523 2637 643 2703 reiecto
666 2636 750 2702 alter
771 2636 962 2721 eligebatur.
1007 2637 1094 2702 Nam
1146 2638 1272 2722 gratiae
1293 2658 1372 2702 suae
1394 2637 1591 2702 testimoniis
1612 2635 1764 2721 dignatus
1787 2643 1851 2717 est,
1878 2637 1977 2704 verbo
2000 2658 2119 2720 nempe

126 2743 220 2805 quum
252 2742 349 2807 aegre
371 2721 489 2789 cedant
518 2721 662 2805 reprobi,
692 2742 823 2788 necesse
852 2732 902 2788 est
923 2723 987 2789 Dei
1009 2723 1093 2788 fflios
1147 2730 1180 2789 et
1201 2723 1424 2789 sacramentis.
1470 2720 1537 2790 Sed
1559 2722 1624 2787 alia
1652 2743 1781 2806 semper
1811 2722 1917 2806 viguit
1942 2723 2118 2807 peculiaris

124 2829 179 2890 pro
210 2828 270 2874 sua
302 2807 474 2892 adoptione
506 2808 628 2874 multas
657 2809 823 2874 molestias
850 2817 882 2874 et
914 2808 1094 2875 certamina
1147 2808 1278 2886 electio,
1309 2829 1394 2891 quae
1421 2810 1455 2873 in
1485 2814 1573 2874 certo
1600 2815 1631 2872 et
1660 2808 1753 2873 finito
1782 2807 1951 2873 hominum
1982 2828 2119 2875 numero

125 2893 240 2959 subire.
287 2895 398 2960 Tertio
419 2891 583 2960 Dominus
610 2895 768 2971 affirmat,
802 2895 934 2962 inverso
956 2902 1093 2960 naturae
1146 2895 1383 2973 continebatur,
1405 2903 1444 2959 nt
1465 2895 1500 2959 in
1522 2895 1686 2960 communi
1707 2894 1840 2959 interitu
1861 2907 2009 2960 servaret
2026 2895 2117 2961 Deus

123 2978 235 3044 ordine
256 2989 337 3044 natu
358 2981 534 3060 minorem,
562 2979 617 3063 qui
639 2980 773 3046 inferior
794 2989 879 3059 erat,
902 2981 969 3046 lore
992 2982 1093 3048 victo·
1146 3002 1226 3065 quos
1256 2981 1362 3045 vellet.
1412 2980 1509 3046 Nunc
1542 2979 1689 3045 exoritur
1720 2978 1812 3044 nobis
1844 2979 2006 3063 quaestio:
2040 3001 2117 3045 nam

123 3085 199 3130 rem.
245 3064 342 3132 Nunc
370 3065 545 3132 videndum
573 3072 623 3130 est
652 3071 809 3148 quorsum
830 3067 992 3150 pertineat
1012 3066 1093 3132 haec
1145 3087 1246 3150 quum
1264 3066 1304 3131 de
1326 3066 1426 3149 priori
1447 3066 1615 3132 electionis
1636 3066 1741 3149 specie
1760 3085 1846 3131 nunc
1863 3072 1981 3133 tractet
1998 3066 2117 3146 Moses,

123 3150 267 3216 victoria.
311 3150 378 3232 Qui
400 3151 442 3217 ad
465 3159 612 3217 terrenas
635 3151 767 3218 divitias
789 3153 841 3218 vel
863 3172 939 3235 opes
962 3152 1023 3218 hoc
1040 3173 1092 3216 re-
1145 3152 1270 3218 Panlus
1282 3152 1322 3216 ad
1338 3152 1513 3218 secundam
1531 3158 1663 3234 torquet
1673 3151 1743 3217 cius
1754 3150 1855 3217 verba
1866 3149 1974 3237 (Rom.
1987 3151 2017 3229 9,
2031 3152 2060 3217 7.
2074 3150 2117 3238 8).

122 3237 306 3322 stringunt,
337 3237 453 3322 frigide
483 3246 661 3322 nugantur.
705 3238 818 3321 Neque
848 3239 935 3303 euim
958 3236 1091 3303 dubium
1146 3237 1317 3320 Siquidem
1339 3238 1416 3303 dum
1440 3238 1576 3320 probaro
1598 3236 1670 3303 vult
1692 3258 1759 3302 nou
1782 3257 1895 3304 omnes
1917 3240 1971 3322 qui
1991 3239 2117 3322 origine

123 3329 169 3386 est
198 3324 279 3406 quin
308 3321 369 3388 hoc
399 3323 530 3390 oraculo
562 3322 665 3389 edocti
693 3323 814 3389 tuerint
841 3323 933 3390 Isaac
961 3330 994 3389 et
1024 3322 1091 3389 Re·
1145 3331 1222 3391 sunt
1249 3323 1378 3402 Iudaei,
1411 3343 1482 3389 esse
1510 3323 1598 3389 vitae
1625 3321 1797 3389 haeredes:
1830 3344 1890 3389 nee
1919 3345 2031 3390 omnes
2060 3324 2117 3407 qui

120 3405 229 3487 bacca,
255 3406 367 3474 foedus
391 3408 508 3476 salutis
529 3428 597 3474 non
618 3409 686 3474 iore
708 3407 833 3476 duobus
855 3409 982 3493 populis
1004 3429 1091 3475 eom·
1145 3407 1325 3477 secundum
1354 3429 1487 3475 carnem
1509 3429 1550 3473 ex
1579 3409 1676 3474 Iaocb
1705 3407 1921 3491 descendunt,
1947 3431 2006 3494 pro
2029 3409 2116 3476 veris

119 3513 235 3559 mune:
264 3492 322 3559 sed
350 3503 479 3559 tantum
508 3494 543 3559 in
572 3494 710 3578 posteris
735 3494 834 3562 Iacob
863 3502 1092 3562 conservatum
1144 3495 1305 3562 Israelitis
1336 3493 1468 3576 haberi,
1500 3494 1557 3560 sed
1587 3494 1696 3560 Deum
1729 3515 1789 3579 pro
1822 3516 1881 3561 suo
1913 3495 2115 3579 beneplacito

117 3579 167 3645 iri.
199 3579 301 3646 Initio
318 3580 481 3665 generalis
499 3581 623 3646 eratin
645 3581 785 3665 speciem
807 3581 986 3665 promissio,
1007 3601 1091 3664 quae
1144 3602 1225 3664 quos
1243 3580 1351 3648 voluit
1368 3580 1503 3666 eligere:
1524 3580 1746 3647 testimonium
1765 3580 1826 3647 hoc
1843 3580 1989 3648 adducit:
2008 3581 2117 3648 Maior

119 3672 222 3731 totum
241 3687 351 3732 semen
370 3664 676 3750 comprehenderet:
696 3689 783 3734 nunc
795 3666 836 3732 ad
852 3674 979 3750 partem
990 3687 1091 3732 unam
1143 3668 1265 3734 serviet
1286 3666 1414 3733 minori.
1459 3664 1527 3748 Qui
1555 3665 1736 3733 doctrinam
1763 3666 1927 3751 gratuitae
1948 3665 2116 3734 electionis

117 3751 338 3836 restringitur.
382 3752 476 3818 Haec
498 3753 581 3818 ratio
603 3751 789 3831 conflictus,
820 3753 904 3837 quod
926 3753 1018 3819 Deus
1040 3774 1090 3818 se·
1143 3753 1357 3837 exstinguere
1388 3760 1567 3833 conantur,
1599 3751 1797 3836 persuadere
1829 3759 1987 3836 cuperent
2018 3753 2114 3819 Pauli
2171 3797 2175 3804 -

116 3857 193 3902 men
209 3837 318 3915 Iacob,
344 3839 436 3905 cuius
456 3858 518 3922 par
540 3845 573 3903 et
594 3837 707 3904 eadem
729 3836 903 3905 videbatur
924 3859 995 3904 esse
1013 3857 1090 3906 con·
1142 3859 1268 3924 quoque
1299 3838 1397 3904 verba
1424 3838 1555 3904 nonnisi
1578 3837 1618 3904 de
1640 3845 1778 3903 externa
1802 3838 1972 3904 vocatione
1994 3836 2113 3905 debere

117 3921 206 4002 ditio,
230 3922 357 4002 dividit,
381 3932 417 3989 ut
439 3930 568 4007 partem
588 3945 689 3989 unam
710 3922 851 4007 adoptet,
874 3924 1011 3990 alteram
1033 3925 1089 3990 ab·
1141 3924 1298 4009 intelligi:
1324 3923 1380 3990 sed
1403 3931 1575 3990 contextus
1596 3945 1616 3990 a
1638 3931 1707 3989 erte
1729 3922 1899 4005 reclamat,
1928 3946 2026 4007 seque
2045 3945 2113 3990 nou

117 4007 216 4075 dicet:
252 4031 328 4093 pars
361 4031 427 4076 uua
459 4030 579 4074 nomen
605 4016 638 4074 et
666 4011 718 4075 ius
746 4010 901 4076 ecclesiae
934 4011 1088 4089 obtineat,
1141 4010 1237 4077 modo
1258 4011 1407 4089 insulsos,
1430 4008 1488 4075 sed
1509 4010 1599 4092 impu
1623 4017 1715 4075 entes
1734 4029 1805 4075 esse
1822 4008 2010 4090 ostendunt,
2033 4009 2112 4075 dum

116 4094 235 4178 reliqui
268 4096 418 4162 extranei
448 4102 660 4162 censeantur:
697 4116 798 4179 penes
830 4117 930 4161 unam
963 4105 1089 4180 partem
1142 4105 1209 4162 tam
1228 4096 1334 4162 clarae
1352 4095 1417 4162 luci
1438 4095 1589 4161 tenebras
1600 4095 1653 4162 vel
1663 4097 1789 4160 fumum
1808 4102 1939 4161 tentant
1949 4095 2112 4162 inducero.

115 4179 258 4246 resideat
274 4180 465 4261 benedictio,
489 4203 555 4264 qua
576 4182 747 4264 priventur
768 4181 838 4247 alii:
862 4182 956 4249 sicuti
975 4190 1089 4268 postea
1132 4183 1192 4248 'Nc
1214 4182 1373 4266 glorietur
1393 4181 1430 4246 iu
1452 4201 1549 4247 carne
1574 4181 1679 4262 Esau,
1706 4181 1874 4265 inquiunt,
1904 4179 1944 4245 ad
1974 4180 2112 4247 fratrem

116 4266 262 4350 contigit.
313 4266 443 4334 Scimus
481 4267 569 4332 enim
596 4267 770 4334 Idumaeos
799 4269 898 4335 fuisse
931 4268 1089 4334 abscissos
1140 4275 1220 4334 natu
1249 4268 1412 4333 minorum
1439 4265 1639 4332 transfertur
1658 4267 1728 4333 eins
1757 4266 1901 4352 dignitas
1926 4267 2002 4349 quia
2023 4287 2111 4333 nora

114 4352 154 4418 ab
172 4352 329 4419 ecelesiae
347 4373 497 4438 corpore:
515 4352 630 4420 foedus
648 4360 757 4419 autem
798 4354 899 4420 ratiae
914 4354 948 4419 in
966 4354 1089 4420 familia
1139 4353 1217 4420 huio
1246 4354 1384 4419 affertur
1413 4353 1594 4436 promissio.
1638 4353 1760 4418 Fateor
1788 4351 1910 4436 aliquid
1932 4373 2003 4419 osse
2025 4352 2112 4437 quod

114 4437 212 4504 Iacob
231 4437 334 4505 fuisse
354 4437 546 4522 depositum.
591 4437 630 4506 Si
653 4459 749 4506 causa
771 4375 968 4505 discriminis
989 4460 1086 4524 quae·
1140 4440 1265 4506 dicunt:
1289 4437 1345 4504 sed
1363 4438 1450 4522 quod
1468 4439 1501 4502 in
1520 4459 1619 4505 causa
1636 4439 1846 4521 praecipuum
1868 4445 1947 4519 erat,
1969 4439 2010 4504 ab
2031 4438 2112 4522 ipsis

111 4524 213 4604 ritur,
250 4532 323 4590 non'
349 4526 530 4607 reperietur
562 4524 596 4590 in
624 4533 760 4591 natura:
789 4546 865 4591 nam
896 4524 1008 4592 eadem
1038 4532 1088 4591 est
1138 4524 1245 4590 omitti
1268 4523 1353 4591 dico:
1385 4532 1522 4590 externa
1546 4525 1635 4589 enim
1651 4525 1820 4589 vocat-icoo
1838 4523 2000 4590 deliniunt
2023 4522 2111 4606 quod

112 4610 287 4692 utriusque
306 4609 419 4694 populi
440 4609 540 4696 origo.
585 4611 660 4677 Nou
684 4611 868 4695 reperietur
888 4613 923 4677 in
945 4611 1086 4678 meritis:
1138 4613 1192 4678 hic
1219 4611 1375 4677 statuitur
1401 4610 1584 4677 discrimen.
1630 4609 1732 4692 Atqui
1761 4610 1823 4674 nisi
1853 4610 1957 4675 velint
1978 4610 2110 4675 irritum

113 4695 188 4778 quia
222 4694 329 4761 adhuc
350 4697 459 4763 ambo
491 4697 598 4780 capita
625 4696 661 4761 in
689 4706 783 4764 utero
813 4697 929 4780 matris
960 4697 1086 4763 inclusa
1137 4697 1245 4762 faeere
1262 4694 1328 4761 Dei
1350 4694 1479 4775 foedus,
1501 4694 1682 4762 concedant
1703 4716 1834 4761 necesse
1856 4703 1922 4775 est,
1944 4705 2109 4762 consortes

112 4787 207 4846 erant
241 4801 339 4862 quum
369 4790 518 4847 exortum
546 4791 596 4850 est
616 4781 804 4852 dissidium.
857 4783 945 4864 Quin
987 4783 1086 4848 etiam
1138 4793 1292 4849 externae
1315 4781 1495 4849 vocationis
1517 4801 1677 4866 peraeque
1706 4781 1805 4847 luisse
1826 4780 1916 4846 Esau
1939 4791 1972 4847 et
1991 4780 2107 4848 Iacob:

110 4865 217 4933 voluit
241 4867 342 4947 Deus,
364 4874 402 4932 ut
423 4869 530 4934 carnis
550 4868 736 4952 superbiam
759 4867 958 4947 humiliaret,
980 4866 1085 4934 detra·
1136 4869 1224 4935 unde
1255 4875 1359 4951 patet,
1392 4888 1512 4934 arcano
1540 4866 1604 4932 Dei
1637 4865 1771 4933 oonsilio
1799 4868 1962 4951 segregari
1991 4866 2108 4951 quibus

110 4953 189 5018 herc
224 4953 305 5036 ipsis
339 4952 528 5020 hominibus
567 4975 695 5020 omnem
728 4954 865 5034 fiduciae
898 4964 932 5020 et
963 4954 1086 5038 gloriae
1136 4954 1317 5020 communis
1356 4963 1426 5019 erat
1467 4954 1600 5019 vocatio.
1655 4953 1701 5018 ct
1739 4959 1846 5018 status
1878 4951 2108 5036 disputationis

108 5037 294 5104 materiam.
328 5038 463 5104 Poterat
483 5041 624 5123 priorem
640 5039 783 5107 ‘educere
804 5040 901 5107 Iacob
919 5062 960 5107 ex
978 5051 1084 5106 utero:
1135 5039 1296 5106 Paulinae
1318 5049 1413 5105 notus
1434 5046 1493 5116 cst,
1515 5037 1599 5122 quod
1622 5059 1724 5122 quum
1742 5037 1856 5104 Iudaei
1878 5039 1983 5104 inflati
2003 5039 2106 5105 eccle·

110 5124 203 5209 atqui
225 5121 482 5209 primogenitum
505 5125 643 5191 alterum
666 5127 849 5206 constituit,
872 5127 927 5212 qui
948 5125 1085 5192 inferior
1135 5125 1204 5192 siae
1223 5124 1319 5190 titulo
1341 5124 1548 5210 evangelium
1576 5132 1784 5208 respuerent,
1812 5124 1995 5190 labasccbat
2025 5124 2106 5190 fides

109 5209 248 5274 tandem
267 5207 396 5277 futurus
416 5218 496 5276 erat.
535 5211 604 5277 (lur
620 5211 667 5276 ita
683 5211 827 5295 positum
845 5235 866 5278 a
882 5233 918 5278 se
935 5211 1082 5276 ordinem
1135 5211 1347 5294 simplicium:
1377 5213 1453 5294 quia
1481 5211 1647 5293 probabile
1677 5231 1742 5275 non
1766 5221 1851 5291 erat,
1874 5208 2042 5277 Christum
2073 5219 2106 5274 et

106 5294 263 5363 consulto
283 5295 426 5377 invertit,
450 5297 513 5362 nisi
535 5305 573 5363 ut
594 5296 744 5378 sciamus,
768 5297 954 5383 posthabito
976 5296 1083 5382 digni-
1134 5297 1272 5364 salutem
1295 5296 1331 5361 in
1354 5317 1391 5362 eo
1413 5297 1624 5380 promissam,
1654 5297 1694 5362 ab
1716 5295 1818 5362 electo
1841 5295 1975 5380 popolo,
2005 5301 2105 5380 gente
