5000 6208
388 435 455 501 ser
768 397 771 404 ’
1050 433 1422 503 couuuuunruus
1445 433 1494 499 1u
1518 432 1731 500 eausam.
2323 432 2383 499 aes

468 622 529 687 ·26.
563 618 607 686 Et
635 619 811 687 Adimeleclr
839 623 978 708 pmcuit
1009 623 1052 688 cd
1084 643 1162 688 cum
1214 620 1364 689 Similem
1418 629 1468 688 est
1489 621 1604 688 melior
1627 640 1686 688 nec
1707 621 1849 687 sanctior
1877 619 2115 688 commendatio
2139 639 2236 705 quam
2258 639 2300 686 ex
2322 616 2384 686 Dei

391 727 525 792 prorsus
554 706 723 772 historiam
749 706 922 774 habuimus
951 707 1058 792 capite
1079 709 1139 788 21,
1170 707 1222 774 22.
1274 709 1365 793 Ergo
1418 727 1537 774 amoro.
1580 707 1689 773 Nimis
1715 727 1794 793 ergo
1822 727 1975 790 perverse
2002 706 2202 784 caecutiunt,
2235 706 2290 790 qui
2322 725 2384 770 non

390 793 553 859 Dominus
576 792 679 857 lilium
701 791 793 859 Isaac
813 793 927 858 eodem
949 793 1061 861 farore
1081 803 1299 878 prosequutus
1316 806 1367 859 est
1417 793 1513 859 modo
1536 793 1725 894 negligunt,
1756 813 1836 877 quos
1857 792 1951 858 Deus
1972 792 2035 858 sibi
2064 811 2157 859 caros
2186 811 2258 858 esse
2287 799 2385 856 testa·

391 899 486 962 quem
515 878 670 943 Abrahae
697 877 895 944 ostenderat.
945 879 1039 947 Haec
1067 882 1154 946 enim
1184 879 1365 946 benedictio
1417 877 1813 962 tur,sed1niqueetiam
1835 886 1969 944 vexant.
2005 878 2206 944 Pronuneiat
2223 875 2385 943 Dominus

391 973 442 1030 est
469 983 537 1029 non
565 963 727 1048 vulgaris,
761 964 847 1047 quod
870 964 1061 1032 Abimsleeh
1090 967 1160 1032 eius
1189 965 1365 1032 amicitiam
1418 986 1453 1032 se
1475 965 1543 1030 fore
1564 965 1744 1042 vindicem,
1768 965 1796 1030 si
1819 965 1892 1048 quis
1913 962 2022 1029 laedat
2042 983 2123 1046 quos
2145 963 2205 1030 sub
2227 960 2385 1046 praesidio

391 1049 478 1116 ultro
507 1050 639 1134 appetit.
684 1048 779 1114 Adde
808 1049 894 1133 quod
923 1050 972 1116 illi
1001 1071 1066 1116 non
1097 1073 1199 1134 parva
1226 1071 1304 1118 cura
1333 1059 1367 1115 et
1417 1070 1475 1116 suo
1497 1049 1612 1116 habet:
1641 1051 1745 1115 maior
1770 1069 1846 1134 pars
1869 1048 1930 1114 hac
1950 1057 2017 1114 tam
2045 1048 2193 1114 horribili
2215 1047 2386 1114 denuncia-

391 1137 541 1202 anxietas
563 1135 732 1214 eximitur,
763 1135 849 1219 quod
872 1136 987 1215 vicini,
1017 1138 1074 1220 qui
1095 1145 1143 1202 tot
1164 1136 1268 1203 modis
1290 1157 1363 1202 eum
1417 1136 1506 1202 tione
1527 1157 1594 1202 non
1617 1145 1784 1215 movetur,
1810 1135 1889 1218 quin
1911 1135 2066 1200 scelerate
2088 1134 2188 1200 bonos
2210 1145 2242 1200 et
2263 1133 2385 1216 simpli·

382 1222 641 1310 infestaverant,
674 1241 763 1286 nunc
791 1220 853 1286 sibi
882 1222 922 1288 sb
951 1243 988 1289 eo
1022 1223 1192 1301 timentes,
1226 1222 1365 1288 amicum
1417 1243 1471 1289 ces
1489 1221 1623 1308 affligat.
1659 1221 1762 1305 Atqui
1785 1220 1934 1287 videmus
1954 1219 2131 1287 incredulis
2150 1219 2211 1286 boc
2229 1218 2385 1284 dictatum

390 1306 511 1373 habere
530 1307 677 1390 cupiunt.
710 1307 800 1391 Ergo
819 1305 979 1373 Dominus
1001 1309 1124 1394 insigni
1146 1309 1269 1373 honore
1291 1309 1366 1373 affe-
1417 1307 1518 1373 fuisse
1540 1330 1561 1374 a
1582 1318 1719 1373 naturae
1740 1327 1854 1387 sensu,
1883 1304 1970 1390 quod
1990 1325 2046 1371 ore
2068 1307 2133 1371 Dei
2155 1312 2309 1371 testatum
2332 1305 2385 1371 vix

389 1393 437 1460 cit
463 1413 596 1459 servum
619 1413 731 1470 suum,
766 1401 800 1457 et
821 1391 919 1458 simul
942 1393 1011 1460 eius
1041 1393 1272 1477 tranquillitati
1293 1414 1366 1460 oon-
1417 1393 1588 1460 credimus.
1633 1392 1701 1459 Sed
1723 1392 1844 1458 mirum
1866 1400 1917 1456 est
1937 1410 1995 1457 our
2017 1392 2078 1457 sibi
2107 1392 2246 1458 timeant
2267 1390 2308 1456 ab
2330 1389 2384 1456 ho·

391 1478 503 1545 saluit.
547 1477 645 1543 Certe
667 1496 785 1544 arcano
804 1479 867 1544 Dei
885 1479 1043 1546 instinctu
1066 1479 1243 1545 adductum
1264 1479 1365 1545 luisse
1417 1479 1505 1545 mine
1526 1479 1677 1545 innoxio:
1701 1487 1736 1544 ct
1755 1478 1979 1543 iuramentum
2001 1477 2144 1561 exigant,
2168 1475 2308 1561 nequid
2331 1496 2386 1541 no·

390 1585 518 1650 regom,
548 1564 684 1628 minimo
706 1553 841 1629 dubium
863 1574 921 1630 est.
966 1564 1035 1630 Gur
1056 1566 1161 1644 enim,
1191 1567 1218 1630 si
1239 1566 1365 1646 metuit,
1417 1585 1479 1630 xae
1504 1564 1557 1630 vel
1589 1563 1699 1630 damni
1726 1564 1851 1630 afferat.
1895 1561 2070 1629 Debebant
2098 1561 2230 1646 quidem
2257 1583 2298 1627 ex
2322 1559 2385 1626 Dei

391 1671 456 1716 non
476 1650 539 1714 alio
560 1648 704 1714 remedio
727 1649 788 1715 sibi
819 1649 935 1716 cavet?
966 1671 1025 1717 cur
1046 1671 1084 1716 eo
1107 1672 1142 1716 se
1164 1650 1308 1716 demittit
1329 1660 1366 1715 ut
1417 1649 1530 1716 lavore
1555 1657 1698 1717 statuere
1725 1650 1863 1733 probum
1892 1667 1963 1715 esse
1992 1649 2116 1729 virum,
2148 1647 2284 1732 ideoque
2305 1647 2386 1712 nihil

390 1737 519 1822 privato
547 1735 673 1801 homini
702 1734 885 1819 supplicet?
918 1756 977 1802 cur
1011 1736 1126 1802 saltem
1158 1737 1265 1819 potius
1298 1757 1365 1801 non
1417 1737 1541 1802 instare
1563 1735 1604 1800 ab
1626 1757 1663 1802 eo
1684 1735 1834 1819 periculi:
1863 1734 1939 1818 quia
1967 1743 2079 1799 tamen
2100 1754 2142 1799 ex
2165 1753 2225 1799 suo
2255 1733 2386 1818 ingenio

392 1822 538 1901 accersit,
560 1821 612 1887 vel
634 1819 771 1886 mandat
792 1843 850 1904 pro
871 1821 1008 1905 imperio
1031 1821 1108 1906 quid
1129 1821 1236 1887 iacere
1258 1823 1365 1904 ipsum
1418 1830 1451 1886 et
1462 1822 1607 1887 moribus
1618 1842 1692 1886 eum
1705 1822 1887 1898 aestimant,
1906 1819 2060 1903 probitati
2078 1839 2207 1903 quoque
2225 1818 2385 1884 diffidunt.

391 1906 494 1975 velit?
515 1904 582 1973 Sed
605 1906 752 1972 animum
774 1909 843 1972 eius
862 1905 952 1972 Deus
965 1907 1166 1991 perculerat,
1190 1916 1225 1972 ut
1247 1907 1366 1991 regalis
1419 1907 1463 1971 Et
1485 1907 1560 1972 talis
1581 1907 1783 1991 perturbatio
1805 1906 1872 1972 fere
1893 1904 2078 1972 incredulos
2101 1905 2256 1989 exagitat,
2279 1912 2317 1969 ut
2340 1925 2387 1970 se·

391 1993 564 2079 superbiae
592 1991 727 2073 oblitus,
757 2012 871 2074 pacem
894 2004 926 2058 et
947 1991 1062 2058 foedus
1084 1992 1125 2058 ab
1152 1991 1285 2058 homine
1307 2013 1366 2060 nec
1418 2011 1492 2059 cum
1515 1994 1578 2076 ipsi
1606 1991 1800 2072 dissideant,
1831 1990 1883 2057 vel
1912 1991 2029 2058 saltem
2051 1993 2140 2056 inter
2168 1999 2387 2075 repugnantes

390 2078 523 2162 cupido,
551 2097 612 2143 nec
639 2076 808 2158 bellicoso,
837 2098 898 2144 nec
923 2079 1051 2162 magnis
1074 2078 1174 2162 copiis
1196 2079 1366 2157 instructo,
1418 2078 1841 2144 sententiasalternentac
1863 2085 2028 2157 aestuent,
2050 2075 2309 2159 necquidquam
2332 2075 2387 2140 ba·

413 2171 525 2230 steret.
558 2162 671 2247 Itaque
693 2163 863 2229 hominum
890 2163 1067 2230 animosis
1086 2164 1151 2230 Dei
1172 2185 1274 2229 manu
1295 2184 1366 2230 esse
1418 2162 1516 2230 beant
1536 2165 1640 2229 fixum
1662 2171 1695 2229 et
1717 2162 1891 2246 aequabile.
1935 2163 2104 2246 Principia
2126 2163 2215 2227 euim
2237 2161 2319 2228 recti
2341 2161 2387 2226 iu·

414 2252 562 2326 scamus,
585 2256 624 2315 ut
641 2270 695 2315 eos
712 2269 778 2314 nou
797 2249 944 2315 modoad
961 2249 1248 2315 mansuetudinem
1259 2251 1367 2315 flectat
1419 2248 1495 2316 dicii
1517 2271 1601 2398 quae
1623 2257 1806 2333 exsurgunt
1827 2249 1861 2314 in
1883 2267 1996 2314 eorum
2023 2248 2158 2327 animis,
2181 2267 2257 2313 mox
2279 2247 2388 2331 pravis

389 2337 445 2420 qui
474 2337 566 2418 prius
594 2335 713 2400 ferocia
739 2336 930 2420 turgebant,
964 2336 1021 2402 sed
1051 2345 1174 2401 terrore
1205 2336 1366 2416 humiliet,
1419 2335 1525 2400 allecti
1548 2357 1586 2402 us
1625 2336 1837 2401 suffocantur:
1876 2335 1924 2399 ita
1955 2335 1994 2399 tit
2024 2343 2063 2399 ut
2098 2340 2272 2399 evanescat
2305 2331 2387 2416 quod
2488 2383 2489 2418 ,

390 2423 518 2506 quoties
539 2421 588 2485 illi
609 2421 724 2506 placet.
1418 2421 1517 2504 probe
1545 2429 1734 2504 conceptum
1765 2429 1830 2498 cst,
1864 2419 1918 2487 vel
1951 2418 2067 2485 saltem
2095 2427 2289 2502 corruptum
2324 2439 2389 2483 non

475 2507 528 2573 ut.
554 2505 619 2572 Cur
638 2505 766 2572 umetis
787 2506 829 2570 od
845 2526 901 2572 mc.
946 2506 1020 2572 Non
1043 2507 1139 2573 modo
1161 2506 1200 2572 de
1222 2505 1364 2589 acceptis
1418 2507 1589 2592 perveniat
1609 2527 1714 2591 usque
1736 2505 1775 2570 ad
1799 2504 1917 2570 bonam
1938 2505 2076 2589 frugem.

390 2593 518 2659 iniuriis
539 2591 726 2675 expostulat
745 2590 848 2672 Isaac,
870 2591 927 2658 sed
950 2591 1124 2660 denunciat
1144 2593 1180 2658 in
1200 2599 1367 2676 posterum
1503 2592 1555 2658 29.
1582 2591 1845 2675 Quemadmodum
1865 2611 1927 2656 uou
1947 2596 1976 2656 te
1997 2591 2160 2674 tetigimus.
2205 2589 2295 2655 Mala
2315 2609 2388 2656 eou-

390 2699 427 2745 se
448 2678 513 2744 illis
534 2699 601 2743 non
623 2697 718 2762 posse
738 2676 836 2743 fidem
858 2676 995 2759 habere,
1021 2699 1121 2763 quum
1144 2686 1299 2761 expertus
1321 2678 1364 2744 sit
1418 2678 1554 2745 scientia
1574 2698 1630 2744 cos
1651 2686 1757 2763 urget,
1778 2685 1817 2742 nt
1836 2677 1968 2761 cupiant
1988 2675 2050 2742 sibi
2071 2675 2259 2742 devinctum
2281 2684 2315 2740 et
2337 2673 2389 2740 ob
2488 2707 2489 2732 r

390 2764 479 2848 ipsos
499 2765 535 2828 in
558 2783 593 2829 se
615 2763 726 2828 hostili
747 2783 817 2829 esse
835 2763 953 2830 animo.
993 2766 1102 2848 Atque
1123 2763 1178 2830 hic
1199 2764 1288 2830 loeus
1310 2763 1367 2829 do·
1418 2765 1568 2830 strictum
1602 2763 1736 2841 habere,
1769 2762 1841 2828 ideo
1873 2761 2101 2828 iusiurandum
2134 2759 2314 2846 postulant,
2349 2779 2387 2825 ne
2488 2831 2489 2838 χ

390 2859 452 2930 oet,
474 2850 573 2916 licere
595 2848 746 2915 fidelibus
769 2848 809 2914 de
832 2849 900 2915 suis
922 2848 1118 2916 adversariis
1140 2849 1305 2933 conqueri,
1329 2857 1366 2915 ut
1419 2857 1543 2917 noceat.
1575 2848 1731 2917 Sciebant
1741 2849 1830 2914 enim
1841 2849 1913 2914 iure
1925 2848 2070 2912 humano
2081 2867 2176 2931 posse
2186 2847 2299 2913 ulcisci
2309 2865 2389 2929 quas
2488 2850 2489 2858 ’

390 2956 446 3002 eos
463 2956 483 3000 a
502 2932 639 3001 nocendi
660 2933 805 3015 libidine,
827 2935 855 3000 si
876 2945 1024 3019 possunt,
1046 2945 1208 3014 revocent,
1231 2957 1268 3000 ac
1291 2955 1365 3018 pro·
1418 2955 1593 3020 perpessus
1624 2943 1695 3001 erat
1721 2935 1902 3000 molestias:
1936 2934 1998 2998 hoc
2029 2939 2140 2998 tamen
2173 2931 2388 3008 dissimulant,

390 3021 526 3088 bibeant
551 3021 697 3104 ipsorum
727 3020 812 3100 vim,
840 3019 973 3104 fraudes
1000 3029 1033 3086 et
1061 3020 1207 3087 iniurias.
1251 3021 1365 3104 Neque
1417 3023 1483 3086 imo
1508 3021 1644 3087 mirifice
1664 3021 1787 3086 iactant
1809 3040 1868 3086 sue
1897 3019 2061 3085 beneficia.
2106 3019 2231 3085 Fuerat
2258 3017 2390 3100 quidem

390 3107 479 3174 enim
501 3106 636 3172 libertas
657 3105 833 3190 patientiae
853 3116 1032 3191 repugnat:
1055 3128 1161 3191 noque
1183 3106 1280 3173 hoca
1299 3107 1366 3172 suis
1417 3107 1512 3173 initio
1523 3127 1591 3172 non
1608 3105 1755 3191 vulgaris
1773 3105 1861 3190 regis
1878 3105 2084 3171 humanitas:
2106 3124 2166 3170 neo
2185 3103 2390 3187 hospitaliter

390 3193 530 3277 requirit
547 3190 650 3271 Deus,
673 3199 708 3256 ut
730 3191 887 3275 quidquid
908 3213 1014 3258 noxae
1035 3193 1162 3258 illatum
1185 3190 1293 3272 luerit,
1317 3203 1365 3257 ta·
1416 3191 1512 3258 modo
1534 3201 1647 3278 egerat
1668 3213 1741 3259 oum
1765 3191 1875 3267 Isaac,
1904 3190 1961 3256 sed
1989 3190 2144 3274 peculiari
2167 3189 2290 3255 honore
2311 3208 2390 3254 eum

392 3280 447 3344 citi
471 3278 639 3358 devorent,
662 3276 718 3342 sed
741 3286 868 3342 tantum
890 3287 927 3344 ut
949 3279 1075 3345 animos
1098 3291 1132 3342 et
1153 3299 1271 3344 manus
1291 3298 1366 3344 con·
1418 3277 1573 3378 dignatus
1594 3279 1714 3344 luerat:
1741 3298 1856 3344 verum
1878 3275 1919 3341 ad
1947 3282 2130 3343 extremum
2159 3276 2293 3342 minime
2314 3296 2390 3358 par-

391 3365 558 3430 tineanta
580 3362 733 3430 vindicta.
768 3361 864 3445 Quod
882 3364 911 3430 si
927 3365 1004 3446 puri
1022 3374 1055 3430 et
1076 3363 1246 3447 compositi
1267 3372 1366 3430 erunt
1417 3363 1510 3430 strtit.
1566 3364 1743 3430 Caeterum
1780 3363 1907 3429 faciunt
1939 3381 1981 3428 ex
2017 3362 2182 3429 communi
2219 3361 2391 3428 hominnm

391 3449 503 3530 animi,
525 3470 629 3533 neque
647 3449 747 3514 etiam
762 3448 945 3515 virulentae
966 3458 1064 3515 erunt
1084 3449 1226 3534 liuguae,
1249 3457 1288 3514 ut
1309 3449 1365 3515 ds·
1417 3470 1516 3527 more,
1539 3471 1639 3534 quum
1661 3469 1720 3515 sua
1743 3448 1861 3515 debota
1883 3467 2073 3532 quocunque
2094 3456 2233 3532 possunt
2253 3447 2391 3514 artificio

390 3537 469 3602 licta
490 3536 704 3618 exprobrent:
727 3533 783 3600 sed
801 3535 863 3600 hoc
881 3543 1008 3600 tantum
1029 3534 1197 3602 habebunt
1219 3535 1364 3618 proposi·
1417 3543 1450 3602 et
1465 3536 1575 3614 colore
1592 3534 1714 3604 ducant.
1747 3535 1849 3618 Atqui
1867 3534 1896 3598 si
1914 3532 1990 3617 quid
2010 3533 2228 3618 peccavimus,
2249 3533 2391 3618 ingenue

390 3631 478 3701 tum,
517 3633 554 3685 ut
584 3621 750 3704 improbos
781 3620 904 3702 pudore
937 3630 1145 3704 compescant
1178 3642 1197 3686 a
1230 3620 1363 3686 malitia.
1416 3622 1525 3706 potius
1545 3621 1641 3686 fateri
1662 3621 1792 3704 culpam
1815 3619 1952 3700 deceret,
1985 3640 2083 3703 quarn
2105 3618 2257 3704 negando
2277 3639 2391 3683 eorum

390 3707 476 3774 Nam
495 3707 551 3774 ubi
570 3706 661 3772 nulla
672 3727 715 3772 ex
724 3705 865 3789 querelis
883 3727 957 3788 spes
968 3716 1019 3772 est
1035 3705 1210 3790 profectus,
1229 3706 1364 3772 tacendo
1417 3709 1543 3773 animos
1564 3708 1621 3791 qui
1643 3706 1722 3772 laesi
1752 3714 1831 3772 sunt
1862 3706 1969 3791 magis
1996 3705 2182 3772 vmnerare.
2226 3705 2318 3770 Isaac
2340 3713 2390 3768 ta·

390 3813 505 3878 paoem
527 3791 614 3857 alere
635 3800 794 3875 praestat:
818 3791 882 3857 nisi
904 3791 996 3872 forte,
1019 3793 1132 3875 utqui
1154 3792 1215 3858 sibi
1237 3793 1272 3856 in
1294 3811 1363 3857 ma·
1417 3814 1491 3859 men
1515 3793 1591 3876 quia
1613 3793 1692 3858 satis
1713 3791 1812 3856 habet
1829 3795 2005 3876 pupugisse
2027 3811 2140 3856 eorum
2164 3790 2391 3868 conscientias,

389 3879 505 3945 leficiis
527 3878 666 3962 placent,
688 3876 870 3943 reddantur
891 3877 1138 3944 inexcusabiles.
1173 3877 1363 3944 Cavendum
1417 3899 1483 3944 non
1505 3879 1643 3944 ulterius
1664 3899 1719 3944 eos
1740 3878 1932 3961 insequitur.
1976 3876 2091 3960 Neque
2120 3877 2210 3943 enim
2240 3875 2392 3942 exhausi

390 3985 520 4047 semper
537 3962 671 4112 quidem
695 3973 760 4042 est,
790 3983 831 4028 no
862 3963 1038 4030 ulciscendi
1066 3961 1218 4046 cupidine
1244 3962 1284 4028 sd
1308 3985 1364 4029 ex·
1417 3964 1510 4030 nobis
1531 3965 1580 4030 ita
1601 3975 1638 4029 ut
1667 3962 1833 4029 domestici
1862 3962 2026 4030 tractandi
2053 3971 2147 4028 sunt:
2176 3962 2236 4029 sed
2257 3963 2284 4029 si
2303 3959 2393 4027 nibil

390 4049 534 4135 probran
560 4069 616 4114 um
645 4049 778 4132 linguae
811 4048 997 4130 prosiliant:
1030 4059 1063 4113 et
1091 4048 1363 4133 quemadmodum
1417 4049 1600 4133 proficitur,
1623 4047 1830 4132 relinquendi
1852 4059 1932 4114 sunt
1948 4046 2014 4113 Dei
2030 4047 2159 4114 iudicio.
2194 4047 2391 4132 Quanquam
2487 4063 2488 4098 l

391 4135 470 4202 dicit
487 4132 644 4203 Salomon
665 4131 776 4220 (Prov.
801 4133 852 4213 10,
874 4132 942 4221 tut:
966 4133 1088 4201 Odium
1110 4133 1241 4218 detegat
1263 4134 1363 4202 rixas.
1417 4155 1495 4220 ergo
1528 4137 1647 4202 iustam
1680 4135 1720 4200 ab
1752 4134 1820 4199 illis
1851 4133 2085 4200 confessionem
2116 4155 2183 4199 non
2217 4141 2395 4217 extorquet

484 4219 630 4286 Vidimus
646 4217 821 4284 Dominum
840 4220 898 4285 tibi
919 4219 1036 4286 adessa
1057 4219 1146 4287 ¹Hoc
1171 4229 1364 4303 argumento
1415 4220 1524 4286 Isaac:
1557 4243 1598 4300 ne
1627 4221 1705 4304 quid
1733 4229 1845 4285 tamen
1872 4219 1992 4285 hostile
2020 4219 2110 4286 intus
2139 4219 2228 4286 alere
2250 4229 2393 4303 putetur,
2487 4235 2488 4263 ι

390 4305 578 4392 probantse
589 4326 654 4371 non
671 4304 836 4385 insidiose,
854 4303 911 4371 sed
928 4305 1096 4371 bonafide
1113 4305 1226 4372 foedus
1243 4316 1363 4390 petere,
1416 4307 1513 4372 ferire
1530 4327 1602 4372 num
1620 4306 1687 4371 illis
1708 4303 1819 4371 loedus
1840 4325 1905 4372 nou
1924 4316 2061 4372 recusat.
2094 4305 2147 4371 Ita
2165 4326 2225 4372 suo
2242 4305 2393 4389 exemplo

389 4392 469 4478 quia
485 4390 551 4458 Dei
572 4391 717 4456 favorem
739 4401 918 4476 agnoscant
940 4411 1020 4476 erga
1040 4392 1142 4458 Isaac.
1187 4391 1256 4457 Pur
1279 4389 1365 4458 auda
1417 4391 1520 4473 docet,
1542 4392 1647 4476 siqui
1670 4411 1705 4458 se
1727 4413 1747 4456 a
1769 4391 1865 4456 nobis
1887 4391 2080 4472 alienarunt,
2105 4411 2171 4456 non
2194 4411 2265 4458 esse
2284 4391 2395 4474 repel-

391 4479 480 4554 euim
502 4478 565 4543 fuit
585 4477 643 4542 illa
665 4477 814 4560 suspicio,
836 4477 922 4561 quod
944 4487 1012 4542 tarn
1035 4478 1171 4542 comiter
1192 4497 1227 4542 se
1249 4412 1298 4542 illi
1319 4476 1363 4543 oi·
1417 4477 1531 4544 lendes
1565 4478 1618 4543 ubi
1651 4496 1686 4542 se
1718 4476 1870 4542 offerunt.
1914 4475 2001 4542 Nam
2032 4477 2061 4542 si
2093 4497 2209 4562 pacem
2241 4477 2395 4542 iubemur

389 4567 523 4644 ferrent,
545 4562 599 4628 cni
618 4564 710 4646 prius
732 4565 803 4628 sine
822 4583 920 4629 causa
940 4561 1060 4629 infensi
1081 4562 1218 4628 fuerant.
1252 4562 1365 4628 (lonti-
1417 4563 1576 4649 persequi,
1598 4564 1697 4627 etiam
1719 4583 1820 4646 quum
1842 4561 1974 4628 ridetur
1992 4583 2012 4628 a
2033 4562 2127 4628 nobis
2148 4562 2272 4648 fugere,
2292 4562 2397 4646 longa

392 4663 449 4716 net
470 4657 582 4715 tamen
604 4647 684 4714 hace
712 4668 825 4714 eorum
854 4647 1013 4715 confessio
1034 4647 1131 4714 valde
1154 4648 1268 4714 utilem
1290 4648 1363 4713 doo-
1417 4650 1525 4715 minur
1548 4648 1694 4714 difficiles
1717 4669 1788 4714 esse
1809 4649 1979 4728 convenit,
2001 4647 2080 4714 dum
2102 4669 2138 4714 so
2159 4649 2247 4715 ultro
2268 4647 2396 4713 inimici

390 4737 524 4802 trinam.
569 4733 706 4800 Profani
730 4734 880 4800 homines
902 4734 982 4799 dum
1003 4732 1208 4799 benedictum
1231 4734 1364 4800 Domini
1416 4735 1641 4802 reconciliant:
1665 4735 1854 4818 praesertim
1874 4736 1984 4817 siqua
2005 4734 2041 4799 in
2063 4735 2214 4799 futurum
2236 4732 2398 4800 correctio

388 4819 575 4907 appellant,
609 4821 661 4887 cui
695 4829 781 4885 recte
810 4829 844 4884 et
871 4819 1007 4884 feliciter
1039 4819 1218 4886 succedunt
1246 4821 1363 4899 omnia,
1416 4830 1576 4905 speratur,
1595 4821 1723 4886 etiamsi
1742 4819 1887 4885 nondum
1908 4840 1986 4884 vera
2003 4820 2230 4903 resipiscentia
2247 4826 2396 4903 apparet.
2486 4879 2487 4884 ,

393 4908 503 4974 Deum
525 4912 689 4971 testantur
711 4903 868 4971 bonorum
892 4907 1038 4970 omnium
1060 4925 1132 4970 esse
1160 4913 1365 4985 autorem,a
1416 4907 1462 4971 Et
1493 4927 1547 4972 eos
1576 4907 1725 4973 convivio
1754 4906 1895 4988 excepit,
1929 4925 1996 4970 non
2023 4914 2153 4971 tautum
2182 4903 2398 4971 redimendae
2486 4919 2487 4952 l

416 5013 459 5058 uo
481 4991 549 5057 solo
570 4992 652 5057 fluat
673 4991 780 5056 omnis
800 4990 1009 5074 prosperitas.
1048 4990 1154 5056 Nimis
1172 4991 1283 5074 itaque
1307 5011 1365 5074 pu·
1441 4993 1506 5058 acis
1528 5013 1635 5069 causa,
1658 4991 1713 5059 sed
1733 4990 1829 5057 simul
1848 5001 1887 5056 ut
1905 4989 2093 5057 ostenderet
2109 5011 2145 5058 se
2162 4993 2251 5058 omni
2267 4990 2399 5058 offensa

388 5015 500 5145 denda
521 5085 572 5142 est
592 5085 705 5142 nostra
724 5074 942 5160 ingratitudo,
965 5077 993 5142 si
1015 5075 1079 5141 Dei
1105 5074 1365 5142 benedictionem
1417 5014 1565 5162 deposita
1585 5077 1651 5144 illis
1672 5098 1743 5145 esse
1764 5077 1915 5144 amicum.

389 5163 513 5230 clausis
524 5161 626 5228 esuis
636 5163 860 5245 praeterimus,
880 5161 934 5227 ubi
948 5159 1117 5227 nobiscum
1136 5161 1276 5246 benigne
1287 5163 1365 5246 agit.
1506 5165 1556 5230 Tu
1582 5183 1665 5229 nuuc
1691 5183 1724 5229 aa
1752 5163 1926 5230 tramittas
1948 5161 2089 5230 Ieltoacc.
2133 5162 2245 5250 Vulgo
2265 5162 2312 5226 ita
2336 5182 2400 5226 ex·
2486 5183 2487 5242 j

394 5246 523 5332 Deinde
573 5247 677 5312 rolani
704 5247 854 5314 homines
876 5248 947 5313 eius
975 5246 1150 5313 amicitiam
1176 5246 1238 5312 sibi
1267 5268 1365 5330 expc-
1418 5261 1552 5332 ponunt,
1575 5250 1666 5333 quasi
1683 5247 1850 5315 blanditiis
1868 5246 2001 5315 eliciant
2017 5249 2169 5333 gratiam,
2191 5259 2230 5316 nt
2250 5245 2400 5313 blandiri

391 5332 529 5399 tendam
549 5269 676 5398 ducunt
695 5333 749 5398 oui
771 5331 934 5398 Dominus
962 5332 1067 5399 iavet:
1095 5343 1133 5398 ut
1160 5339 1247 5400 certe
1274 5333 1366 5400 nulla
1418 5334 1524 5402 solent
1552 5336 1610 5419 qui
1636 5345 1765 5418 rogant:
1800 5334 1859 5400 sed
1888 5334 1950 5401 boc
1979 5335 2085 5420 magis
2113 5334 2216 5402 fuisse
2243 5329 2402 5400 additum
