5000 6208
115 509 178 575 205
784 509 1154 581 COMMENTARIUS
1176 513 1226 579 IN
1247 511 1460 580 GENESIN.

115 705 197 762 sunt
225 718 261 762 se
290 699 330 762 ad
360 698 424 763 Dei
454 700 670 800 praesentiam
701 699 899 800 'subiugata
935 709 968 767 et
994 703 1086 802 qnasi
1502 699 1653 768 0st
1674 701 1751 768 XV.

114 803 289 969 iiriitrisoiid.
313 785 599 935 tffirupnnetffigff
612 794 929 955 vidziitapiirsteiltmdiir
951 808 1088 938 &diuidi-¹
1225 875 1253 940 1.
1280 873 1354 939 Post
1382 873 1456 940 bueo
1482 873 1545 956 snit
1571 873 1696 938 vebum
1718 873 1848 938 lebovne
1868 873 1912 939 od
1932 873 2052 940 Abram
2074 873 2109 938 in
2138 838 2143 855 ι

115 952 241 1021 erlend
264 955 440 1020 iurandum
484 955 609 1022 resiliat
619 957 760 1022 Abram:
784 957 903 1024 seiebat
921 959 1009 1023 enim
1028 958 1088 1024 boo
1138 959 1271 1037 visione
1299 961 1442 1025 dicendo:
1465 957 1515 1024 Ne
1536 960 1647 1032 timeus
1669 960 1805 1038 Abram,
1836 979 1890 1044 epo
1912 964 2032 1025 sudum
2052 978 2109 1023 ero

114 1042 321 1106 reverentiae
341 1041 446 1107 haben
470 1062 526 1106 um
547 1062 617 1108 esse
635 1042 700 1109 Dei
718 1045 853 1120 nomini,
871 1057 908 1109 ut
927 1065 964 1108 eo
983 1064 1087 1126 pares,
1140 1043 1210 1120 libi,
1243 1065 1358 1110 mnces
1388 1050 1445 1110 tna
1476 1045 1573 1110 mullo
1602 1045 1700 1110 vome.
1744 1045 1774 1109 2.
1797 1043 1841 1109 El
1869 1045 1952 1110 divit
1972 1045 2110 1110 Abram:

114 1139 149 1192 et
188 1135 319 1190 tantum
358 1147 418 1210 pro
456 1129 648 1194 necessitate
686 1139 828 1194 utamm.
883 1128 1088 1213 Respondes,
1139 1127 1327 1196 Durninotor
1354 1129 1485 1208 lebona,
1513 1131 1591 1212 qnid
1618 1130 1710 1196 dabis
1737 1129 1841 1195 mibi?
1866 1135 1895 1196 el
1923 1149 1976 1216 epo
2004 1130 2110 1196 incedo

115 1211 200 1277 duas
232 1211 280 1276 illi
313 1213 412 1278 fuisse
445 1211 573 1278 iurandi
605 1228 736 1280 eausas:
769 1234 845 1280 nam
876 1216 953 1298 quia
984 1213 1089 1279 solent
1140 1215 1246 1295 orbus,
1285 1221 1313 1280 et
1343 1215 1432 1298 filins
1470 1215 1677 1282 derelictionis
1708 1216 1819 1281 ἅοωιω
1849 1233 1933 1281 mene
1961 1217 2019 1280 erit
2051 1217 2109 1280 iste

114 1297 255 1362 flexuosi
268 1298 416 1364 homines
427 1298 508 1364 alios
519 1299 629 1364 metiri
648 1320 708 1365 sua
723 1298 811 1378 ulna,
830 1321 903 1366 raro
921 1298 1019 1365 fidem
1030 1300 1088 1364 ha·
1141 1299 1386 1367 Dammeseenns
1413 1299 1569 1367 Eliberer.
1620 1301 1650 1366 3.
1680 1300 1725 1365 El
1751 1301 1833 1367 dieii
1861 1301 1997 1366 Abram:
2023 1300 2110 1380 Eoos,

114 1382 407 1466 bentsimplieibus
426 1385 544 1450 verbis.
576 1385 729 1450 Putasset
747 1385 917 1470 igiturrer
930 1384 1090 1451 Sodomae
1140 1386 1219 1450 mibi
1245 1407 1306 1452 non
1332 1387 1446 1452 dedisd
1477 1407 1594 1467 senen,
1627 1392 1743 1452 eleoee
1769 1386 1860 1468 filins
1886 1387 1996 1453 dnans
2025 1402 2110 1452 onae

115 1469 242 1534 Abram
265 1488 330 1533 non
351 1469 437 1534 serio
457 1470 510 1535 ins
532 1491 627 1535 suum
649 1471 830 1550 remittere,
861 1472 923 1536 nisi
946 1472 1089 1553 interpo·
1141 1471 1249 1538 boenes
1268 1493 1356 1538 mnes
1376 1478 1428 1538 ar.
1469 1473 1499 1538 4.
1523 1471 1567 1537 Et
1586 1493 1650 1539 eoae
1663 1471 1795 1539 verbnm
1816 1471 1947 1538 Iebovae
1967 1473 2010 1538 ud
2030 1491 2109 1550 nra,

113 1556 216 1620 situm
239 1554 356 1620 fuisset
376 1553 441 1620 Dei
473 1576 600 1622 nomen.
644 1555 773 1621 Deinde
801 1556 913 1642 magni
942 1555 1091 1622 interfuit
1142 1557 1284 1623 dicendo:
1304 1556 1377 1623 Non
1398 1559 1457 1624 erit
1478 1558 1586 1624 borres
1608 1563 1681 1625 tuns
1700 1559 1767 1636 iste,
1790 1558 1844 1624 sed
1864 1559 1920 1641 qni
1936 1557 2109 1643 epredietw

114 1640 217 1724 vulgo
247 1639 398 1706 omnibus
421 1649 549 1724 patere,
577 1641 698 1707 bellum
727 1642 964 1707 maresuarium
988 1642 1028 1707 ab
1051 1661 1089 1706 eo
1141 1643 1178 1707 de
1200 1643 1369 1709 visoerrbns
1386 1645 1467 1722 bnis,
1493 1645 1562 1726 ipse
1582 1644 1692 1709 bones
1713 1648 1786 1710 lans
1806 1644 1873 1709 erit
1917 1643 1947 1710 b.
1970 1643 2015 1708 Et
2035 1643 2111 1708 edn-

113 1747 180 1791 non
203 1725 305 1791 luisse
327 1733 464 1810 gestum.
509 1725 599 1792 Satis
621 1727 789 1792 deelarsnt
813 1736 999 1812 temporum
1021 1748 1089 1792 om·
1141 1729 1280 1794 niteam
1301 1730 1389 1808 sorus
1410 1734 1438 1794 et
1458 1729 1556 1796 veen:
1584 1729 1715 1811 &rspice
1735 1748 1817 1795 nune
1848 1729 1979 1807 coelun
2005 1734 2112 1794 etnv-

113 1814 209 1876 nium
233 1811 396 1890 historiae,
419 1813 517 1876 etiam
540 1814 595 1894 qui
618 1813 721 1878 iustas
743 1812 930 1879 habuerunt
948 1812 1089 1878 bellandi
1139 1832 1227 1879 mne
1247 1814 1363 1892 sullas,
1392 1816 1423 1880 ai
1445 1815 1565 1896 ponne
1593 1833 1761 1880 numerere
1787 1835 1850 1880 eos.
1895 1815 1938 1879 Ill
1965 1815 2050 1881 dieii
2065 1816 2112 1879 ei:

112 1917 248 1976 oausas,
281 1897 380 1962 luisse
408 1907 517 1964 tamen
550 1899 701 1963 inuitatos
736 1899 873 1981 privatis
902 1897 1089 1965 commodis.
1144 1897 1199 1964 δίο
1219 1901 1279 1966 erit
1297 1920 1402 1966 sennen
1422 1905 1518 1966 turon.
1555 1901 1584 1965 6.
1603 1900 1648 1965 Er
1668 1900 1797 1966 eredidit
1815 1899 1953 1980 Iebovue,
1976 1905 2005 1964 et
2021 1919 2112 1981 repn-

113 1986 230 2066 Atque
268 1995 304 2048 ut
344 1984 429 2048 nauti
467 1993 546 2048 sunt
584 1983 733 2050 homines
773 1984 815 2048 ad
859 1983 1090 2069 exoogitandos
1140 1985 1218 2050 lavit
1238 1985 1320 2051 illud
1340 1988 1370 2051 ei
1390 1985 1433 2052 ud
1452 1986 1617 2052 iristitiam.
1655 1986 1684 2050 l.
1708 1985 1751 2050 nn
1772 1986 1854 2052 diait
1874 1986 1917 2052 od
1937 2007 2026 2051 enm:
2044 1985 2113 2069 Epo

112 2077 323 2152 praetextus,
355 2089 521 2151 nunquam
545 2068 610 2134 illis
632 2068 750 2135 desunt
778 2090 912 2149 oausae,
942 2070 1090 2153 quamvis
1141 2069 1259 2136 Iebovo
1285 2072 1340 2152 qai
1365 2072 1462 2138 oduei
1485 2077 1512 2136 te
1532 2071 1571 2138 de
1598 2070 1644 2138 Ur
1667 2069 1891 2150 obediebant
1918 2072 2028 2137 dorem
2055 2070 2111 2136 libi

111 2155 186 2221 sola
208 2175 265 2220 eos
286 2154 446 2237 cupiditas
469 2155 624 2220 stimulet.
669 2155 759 2240 Ergo
778 2156 842 2222 nisi
872 2156 1016 2221 animose
1039 2177 1089 2220 re·
1140 2160 1259 2221 mom
1279 2158 1382 2236 istem,
1404 2162 1439 2221 vl
1459 2156 1631 2224 boeredites
1652 2177 1729 2223 earn.
1766 2157 1795 2223 8.
1819 2155 1863 2222 Et
1883 2156 1981 2222 divit:
2001 2155 2112 2223 Derai-

110 2239 283 2324 pudiasset
305 2239 428 2305 Abram
451 2239 526 2306 belli
548 2241 666 2325 spolia,
696 2240 851 2325 vulgatus
876 2241 989 2307 statim
1011 2241 1089 2306 luis·
1140 2247 1231 2308 nator
1248 2241 1371 2320 Iehovo,
1393 2243 1429 2307 in
1446 2262 1505 2325 qno
1521 2261 1696 2326 oopnosmm
1712 2243 1794 2325 qnod
1811 2242 2003 2308 boeredltobo
2019 2241 2111 2308 earn?

111 2335 163 2392 set
185 2346 315 2404 rumor,
343 2326 449 2408 speeie
477 2326 693 2410 recuperandi
722 2328 849 2410 nepotis
871 2325 1010 2410 praedae
1031 2347 1090 2391 uu·
1141 2327 1170 2392 9.
1194 2325 1238 2392 Et
1257 2327 1340 2393 divit
1361 2327 1404 2393 od
1424 2347 1509 2392 erim:
1534 2329 1619 2394 Tolle
1639 2327 1719 2394 mibi
1739 2328 1869 2394 vdnlmn
1897 2329 2113 2408 triennemffl

111 2412 213 2495 oupio
231 2411 331 2476 fuisse
351 2411 526 2476 intentum.
567 2409 663 2491 Quod
680 2411 728 2476 illi
746 2433 812 2477 nun
829 2421 897 2478 tam
916 2433 976 2478 sua
993 2431 1089 2478 eausa
1140 2433 1271 2496 voprem
1290 2413 1450 2494 triennem,
1472 2417 1501 2477 el
1521 2415 1647 2478 arielem
1668 2415 1826 2494 brnennern,
1849 2419 1878 2478 et
1898 2419 2061 2490 turturem,
2084 2417 2112 2479 el

109 2498 255 2565 sollieite
282 2495 460 2562 oavendum
490 2497 568 2577 luit,
599 2518 698 2580 quam
726 2498 848 2582 gloriae
876 2499 940 2563 Dei
971 2496 1090 2576 studio,
1134 2499 1263 2580 predam
1283 2497 1503 2565 columbanum.
1550 2499 1599 2564 10.
1622 2498 1667 2564 El
1687 2499 1759 2564 tulit
1779 2499 1841 2564 sibi
1862 2501 1966 2564 omniu
1988 2499 2113 2578 islael

110 2589 165 2654 aui
185 2584 310 2669 aliquid
328 2582 481 2648 sinistrae
503 2591 599 2648 notae
622 2582 812 2666 adspersum
833 2583 957 2649 firmset.
989 2583 1089 2649 Prae-
1141 2585 1251 2649 divisit
1276 2605 1312 2649 en
1335 2604 1396 2664 per
1421 2585 1573 2661 medinm
1606 2589 1635 2650 el
1661 2586 1768 2667 poenit
1793 2583 1959 2666 wondibel
1985 2594 2112 2668 partem

109 2683 204 2740 terea
226 2669 357 2736 munire
374 2691 409 2734 se
431 2669 536 2734 voluit
551 2668 674 2733 Abram
693 2667 758 2734 Dei
779 2670 910 2734 nomine
931 2677 1088 2751 tanquam
1140 2669 1308 2736 divisionis
1333 2689 1411 2734 snae
1436 2689 1452 2733 e
1480 2672 1602 2754 repione
1622 2671 1722 2736 sveine
1750 2691 1840 2736 snae:
1867 2671 1922 2736 sed
1949 2689 2022 2737 oves
2048 2689 2112 2736 non

109 2761 232 2843 elypeo
264 2765 378 2823 eontra
409 2774 523 2818 omnes
559 2754 717 2820 avaritiae
748 2754 927 2821 illeuebras.
977 2753 1090 2820 Variis
1141 2755 1259 2820 divisit.
1305 2755 1355 2819 11.
1384 2753 1428 2819 at
1449 2755 1665 2820 descenderent
1674 2776 1757 2820 noes
1776 2775 1872 2838 snper
1893 2757 2113 2834 saddueaei

109 2849 201 2912 euim
225 2841 331 2908 modis
352 2849 482 2906 tentare
505 2840 575 2905 eius
603 2840 749 2904 animum
772 2859 839 2905 non
862 2841 1009 2906 desiisset
1031 2860 1089 2905 rex
1141 2839 1280 2924 ebibebat
1310 2860 1365 2906 eos
1395 2841 1527 2906 Abram.
1572 2842 1622 2906 12.
1653 2840 1698 2906 et
1727 2835 1803 2924 fnit,
1835 2841 1897 2907 sole
1928 2840 2113 2906 oeenmbente

109 2929 292 3005 Sodomae,
317 2925 382 2991 nisi
398 2935 526 2990 mature
543 2923 671 2991 blandis
689 2925 928 3010 raptationibus
945 2926 1091 3010 praeeisa
1141 2945 1232 3007 sopor
1252 2926 1361 2992 oeeidit
1387 2945 1481 3008 snper
1502 2925 1641 2992 Abram.-
1663 2931 1692 2990 et
1711 2946 1789 3002 eece,
1820 2931 1920 2992 terror
1940 2927 2113 2992 tenebrosas

107 3017 231 3083 fuisset
252 3032 340 3079 ansa.
1141 3017 1318 3096 amenas
1333 3012 1446 3077 andern
1461 3031 1556 3094 viper
1572 3032 1651 3078 enm.
1688 3012 1738 3077 13.
1757 3011 1801 3076 Et
1817 3012 1899 3077 dioit
1914 3012 1957 3078 od
1975 3012 2113 3078 Abram

200 3100 253 3166 23.
288 3097 366 3164 Sia
393 3095 447 3178 filo
478 3116 577 3179 amne
599 3097 642 3163 od
663 3098 841 3181 eorripiurn.
892 3095 1089 3181 Eeliptioam
1145 3095 1356 3180 Copnonendo
1395 3116 1535 3182 eoqnosee
1572 3099 1655 3180 qnod
1687 3098 1888 3182 pereprinnm
1926 3099 1986 3164 erit
2010 3117 2112 3164 sernen

106 3186 246 3255 iurandi
264 3186 399 3250 formam
417 3183 539 3249 habent
557 3181 709 3261 Hebraei,
733 3183 768 3246 in
785 3204 850 3267 qua
867 3181 1090 3249 subaudienda
1140 3188 1228 3248 bourn
1248 3183 1285 3248 in
1311 3187 1397 3247 terre
1418 3203 1479 3248 non
1508 3203 1583 3248 svo:
1615 3189 1644 3248 et
1670 3183 1804 3248 servient
1824 3185 1884 3263 eis,
1915 3183 2113 3268 afllipenlqne

105 3283 160 3340 est
183 3291 311 3359 poenae
332 3269 530 3352 imprecatio.
576 3267 704 3334 Alieubi
726 3268 827 3351 plena
850 3269 1015 3352 expressio
1037 3287 1089 3333 oe·
1140 3288 1270 3350 vesper
1296 3267 1539 3354 qaudrlnpentos
1566 3289 1673 3334 annos.
1719 3269 1769 3334 14.
1795 3267 1856 3334 Sed
1876 3269 1972 3334 elium
1991 3275 2111 3352 pestem

105 3360 219 3426 eurrit
240 3358 275 3421 in
302 3355 490 3437 seripturis:
519 3352 594 3418 Hoe
621 3353 719 3420 faeiat
747 3353 831 3420 mihi
852 3355 1030 3434 Dominus,
1056 3360 1091 3419 et
1140 3354 1193 3420 eni
1211 3353 1383 3430 servierint
1405 3373 1458 3438 epo
1479 3353 1637 3419 indicabo:
1658 3359 1809 3437 elposlee
1831 3355 2022 3438 epredientm
2042 3374 2112 3420 enm

104 3445 172 3511 hoa
202 3441 302 3509 addat
330 3439 373 3540 (1.
396 3439 486 3506 Sam.
511 3439 568 3517 14,
590 3438 656 3526 44).
701 3438 790 3522 Quia
810 3448 919 3505 mmen
952 3436 1089 3505 horren·
1139 3439 1317 3505 susbstantia
1342 3459 1468 3522 mnprru.
1514 3439 1564 3505 15.
1593 3437 1639 3506 Et
1664 3444 1700 3505 tn
1725 3440 1913 3524 mpredieris
1939 3441 1982 3506 ud
2002 3445 2113 3522 potres

104 3530 188 3597 dum
214 3537 266 3594 est
283 3526 426 3593 inardere
442 3526 476 3590 in
495 3546 629 3590 manum
648 3526 712 3591 Dei
733 3527 884 3606 viventis,
906 3545 969 3609 quo
986 3525 1091 3590 maior
1139 3530 1208 3590 taos
1228 3527 1264 3589 in
1281 3544 1367 3607 poce,
1391 3525 1552 3606 sepelieris
1572 3526 1609 3590 in
1629 3526 1742 3590 suedie
1761 3525 1849 3591 bono.
1886 3525 1935 3590 16.
1958 3525 2003 3591 Et
2021 3545 2112 3610 pene·

104 3617 141 3682 in
166 3613 364 3680 iuramentis
385 3610 512 3677 volatur
533 3609 664 3695 religio,
697 3610 836 3694 abrupta
857 3612 922 3676 ista
942 3609 1090 3694 loquutio
1138 3611 1261 3676 ratione
1280 3614 1393 3692 qnorlu
1412 3615 1602 3675 reverteretur
1622 3611 1697 3675 bno:
1717 3612 1793 3693 quio
1813 3611 1953 3678 nonedam
1974 3616 2018 3677 est
2033 3630 2112 3676 mra-

105 3701 265 3767 homines
298 3696 452 3763 admonet
481 3703 520 3762 ut
547 3716 659 3762 seeum
691 3705 846 3780 reputent
866 3696 944 3780 quid
975 3705 1088 3780 agant:
1133 3695 1220 3777 pletu
1241 3697 1394 3778 iniquitas
1415 3694 1572 3761 Emoroei.
1619 3696 1668 3762 17.
1688 3695 1731 3760 Er
1751 3695 1822 3777 fnit,
1843 3697 1905 3762 sole
1926 3695 2112 3763 oenenrbnole

103 3785 252 3872 perinde
281 3785 368 3850 enim
391 3790 441 3849 est
467 3805 505 3849 ae
527 3783 554 3847 si
582 3803 717 3848 manum
747 3781 809 3848 sibi
837 3783 1022 3859 iniieerent,
1052 3801 1090 3846 ao
1138 3781 1237 3866 eulipo
1261 3787 1342 3858 not,
1374 3786 1484 3846 eleeee
1510 3783 1627 3863 lennes
1650 3782 1797 3865 famens,
1826 3787 1855 3847 et
1882 3783 2006 3864 lornpos
2027 3783 2112 3866 ionis

103 3875 304 3939 resisterent
326 3869 360 3934 in
388 3867 496 3934 medio
526 3867 684 3934 sermonis
713 3888 819 3935 eursu.
863 3867 937 3933 Hoe
958 3866 1089 3949 quidem
1138 3887 1218 3949 qnae
1238 3867 1392 3932 tranabat
1411 3867 1494 3932 inter
1510 3868 1680 3933 divisiones
1700 3868 1798 3948 ipsos.
1844 3867 1893 3933 18.
1913 3867 1955 3932 ln
1976 3869 2027 3933 die
2043 3870 2112 3950 ipso

102 3961 215 4025 lixum
242 3964 360 4031 manet,
378 3974 546 4037 nunqnam
567 3961 691 4018 temere
712 3953 821 4018 iurare
843 3953 992 4018 homines
1009 3954 1088 4036 quin
1132 3953 1254 4036 pepipit
1276 3951 1389 4017 Iebovn
1421 3971 1491 4017 eum
1518 3952 1641 4017 Abram
1665 3952 1789 4035 foedes,
1817 3954 1961 4019 dicendo:
1991 3953 2113 4018 Semini

102 4044 174 4110 Dei
205 4042 385 4108 vindietam
413 4050 588 4123 provocent
615 4038 651 4102 in
679 4058 775 4105 suum
804 4047 916 4123 eaput,
949 4058 1089 4120 eumque
1138 4041 1189 4102 tao
1210 4037 1290 4104 dabo
1315 4042 1433 4104 terram
1460 4037 1553 4118 bone,
1581 4059 1603 4103 o
1626 4038 1757 4117 demine
1777 4038 1925 4122 Aepypti,
1952 4059 2049 4121 usqne
2070 4037 2113 4104 ud

102 4131 173 4196 sibi
196 4126 424 4194 adversanum
447 4125 658 4190 eonstituant.
1134 4123 1253 4203 flumen
1273 4141 1431 4207 mnne,
1449 4123 1566 4203 flvmen
1587 4122 1790 4206 Enpbrolern.
1836 4124 1886 4189 19.
1911 4121 2063 4189 Oeneeom
2084 4129 2112 4189 et

200 4211 253 4280 Ne
271 4212 351 4295 forle
372 4211 468 4276 dieas.
504 4209 700 4292 Quanquam
723 4229 800 4292 prae
822 4208 992 4294 senserunt
1008 4209 1089 4274 haee
1141 4207 1327 4274 Gerieoeam
1359 4213 1387 4273 el
1421 4207 1665 4285 Cudmonaenm,
1711 4209 1763 4274 20.
1793 4207 1839 4274 Et
1869 4209 2051 4275 Hittbroearn
2082 4214 2112 4274 et

102 4301 215 4368 rerba
235 4298 354 4363 elatum
373 4297 531 4372 animum,
549 4295 705 4360 etiamne
724 4295 822 4361 nimis
841 4294 995 4376 deditum,
1013 4295 1089 4378 quia
1142 4291 1328 4360 Perieaenrn
1356 4298 1383 4358 el
1412 4293 1581 4377 Repetam,
1615 4294 1666 4360 21.
1694 4293 1740 4359 Et
1764 4293 1955 4360 Ernorom
1982 4299 2010 4359 et
2035 4293 2110 4360 Obe-

102 4399 224 4453 tamen
244 4382 396 4448 laudatur
412 4381 475 4447 hae
492 4382 527 4446 in
548 4389 641 4465 parte
651 4378 775 4446 Abram
794 4399 814 4444 a
831 4383 957 4465 spiritu,
975 4389 1090 4446 saneta
1138 4399 1316 4446 nannaenrn
1337 4384 1364 4444 el
1387 4377 1644 4464 Girposneremel
1668 4378 1861 4445 reuersum.

102 4473 194 4538 haee
213 4469 278 4536 fnit
294 4467 394 4533 animi
417 4467 617 4550 magnitudo.
652 4463 777 4531 Verum
795 4467 941 4551 exeeptio
959 4464 1091 4532 additur

101 4557 198 4643 quod
223 4553 307 4620 nolit
328 4573 421 4618 suam
439 4551 665 4617 liberalitatem
687 4551 781 4618 soniis
799 4549 989 4618 damnosam
1007 4572 1088 4630 esse,
1226 4549 1254 4614 1.
1286 4546 1365 4615 Fun
1389 4549 1516 4616 verbnm
1544 4549 1684 4617 Iebovoe.
1733 4550 1848 4616 Videri
1877 4561 1985 4635 posset
2012 4548 2111 4616 rebus

101 4667 171 4710 neo
195 4661 253 4708 eos
274 4638 436 4706 subiioere
456 4637 525 4703 suis
546 4637 682 4723 legibus.
717 4637 802 4702 Nam
821 4638 933 4703 etista
955 4646 1089 4704 estnon
1139 4635 1233 4702 laetis
1254 4641 1287 4699 et
1308 4655 1352 4700 ex
1372 4643 1450 4702 voto
1471 4636 1650 4702 fluentibus
1678 4656 1880 4720 supervaaua
1907 4637 2008 4702 fuisse
2029 4636 2111 4702 haee

100 4729 255 4796 minima
275 4745 353 4809 pars
374 4724 515 4803 virtutis,
538 4724 584 4788 sio
606 4731 692 4788 reete
721 4741 834 4806 agere,
862 4734 900 4788 ut
919 4723 1001 4789 alios
1022 4744 1088 4789 nou
1140 4721 1238 4797 visio,
1278 4721 1470 4804 praesertim
1510 4741 1610 4804 quum
1644 4720 1808 4789 Dominus
1847 4743 1979 4802 serrum
2014 4743 2109 4789 suum

101 4835 212 4900 negas
235 4810 277 4876 ad
295 4819 390 4876 tuum
406 4808 603 4892 exemplum,
627 4810 719 4892 quasi
738 4808 777 4873 ad
796 4809 955 4894 regulam.
992 4806 1090 4892 Speo-
1138 4808 1231 4891 quasi
1253 4807 1383 4872 tristem
1415 4827 1453 4873 ae
1480 4819 1571 4872 metu
1600 4806 1758 4874 affliatum
1788 4807 1872 4874 bono
1899 4807 2010 4874 animo
2038 4827 2110 4874 esse

103 4911 158 4966 tet
181 4899 288 4984 igitur
308 4897 444 4980 quisque
465 4894 543 4978 quid
564 4892 648 4958 ierat
664 4913 726 4959 sua
746 4897 888 4972 rumbo,
918 4893 996 4979 quid
1018 4895 1088 4959 offi-
1139 4891 1258 4958 iubeat.
1301 4892 1381 4958 ldeo
1409 4891 1539 4977 quidam
1570 4891 1718 4959 divinant
1748 4892 1871 4959 Abram
1900 4913 2111 4960 reversnma

102 4988 159 5053 aio
186 4981 370 5061 sonuerint,
392 5001 435 5046 ne
456 4979 512 5045 alii
529 4979 603 5044 aliis
626 4999 686 5044 suo
703 4979 837 5045 arbitrio
856 4980 1088 5062 praeiudiosnt.
1138 4976 1328 5043 liberatione
1359 4978 1411 5043 sui
1442 4999 1485 5042 ne
1508 4979 1587 5058 otis,
1626 4977 1733 5062 aliquo
1770 4979 1974 5045 innommodo
2009 4980 2109 5045 fuisse

101 5071 225 5139 Nimis
257 5067 346 5132 enim
377 5066 549 5150 imperiosa
580 5075 631 5130 est
662 5065 727 5130 ista
762 5066 947 5144 morositas,
987 5086 1086 5149 quum
1138 5063 1307 5142 albestum,
1329 5064 1421 5129 euius
1443 4999 1534 5128 anila
1555 5065 1593 5128 fit
1614 5084 1635 5127 a
1656 5065 1748 5131 Mose
1766 5066 1900 5130 mentio:
1924 5065 2019 5131 sieuti
2041 5065 2109 5129 Do·

100 5159 186 5225 aliis
217 5155 322 5220 instar
349 5153 431 5238 legis
459 5149 694 5235 praeseriptum
720 5171 791 5217 esse
823 5151 975 5218 volumus
1004 5149 1088 5234 qnod
1139 5150 1248 5215 minus
1276 5169 1352 5215 suos
1379 5169 1475 5233 saepe
1502 5149 1670 5228 humiliat,
1700 5172 1741 5216 ne
1762 5151 1796 5214 in
1819 5151 1917 5216 rebus
1945 5151 2108 5234 prosperis

101 5243 286 5327 sequimur
315 5237 380 5322 ipsi
412 5245 568 5319 tanquam
598 5243 742 5318 renum,
774 5245 807 5302 et
838 5237 943 5303 affinio
979 5243 1089 5303 nostm
1138 5234 1317 5300 exsultent:
1335 5253 1437 5317 quum
1453 5243 1561 5300 autern
1580 5234 1725 5302 deieetus
1741 5244 1828 5302 esset
1843 5235 1976 5313 Abram,
1996 5256 2110 5302 rursus

100 5333 384 5398 eonsentaneum.
1137 5339 1223 5384 novo
1251 5319 1383 5385 oraonlo
1411 5321 1511 5386 luisse
1538 5333 1694 5387 ereetum,
1737 5319 1804 5388 Sed
1833 5322 1910 5405 quia
1936 5322 2021 5388 nihil
2044 5321 2109 5387 tale

1138 5405 1298 5472 ooniieere
1315 5405 1392 5472 lieet
1412 5427 1453 5472 ex
1476 5407 1586 5474 verbis
1603 5406 1720 5486 Musis,
1749 5407 1844 5472 aliam
1871 5408 1980 5490 potius
2007 5409 2108 5474 nasse
