<?xml version="1.0" encoding="UTF-8"?>
<!DOCTYPE html PUBLIC "-//W3C//DTD XHTML 1.0 Transitional//EN"
    "http://www.w3.org/TR/xhtml1/DTD/xhtml1-transitional.dtd">
<html xmlns="http://www.w3.org/1999/xhtml" xml:lang="en" lang="en">
 <head>
  <title>
</title>
<meta http-equiv="Content-Type" content="text/html;charset=utf-8" />
  <meta name='ocr-system' content='tesseract 3.04.00' />
  <meta name='ocr-capabilities' content='ocr_page ocr_carea ocr_par ocr_line ocrx_word'/>
</head>
<body>
  <div class='ocr_page' id='page_1' title='image "./ioanniscalvinio06reusgoog_0164.png"; bbox 0 0 5000 6208; ppageno 0'>
   <div class='ocr_carea' id='block_1_1' title="bbox 392 458 2373 534">
    <p class='ocr_par' dir='ltr' id='par_1_1' title="bbox 392 458 2373 534">
     <span class='ocr_line' id='line_1_1' title="bbox 392 458 2373 534; baseline -0.001 -2"><span class='ocrx_word' id='word_1_1' title='bbox 392 465 456 534; x_wconf 78' lang='lat'><strong>255</strong></span> <span class='ocrx_word' id='word_1_2' title='bbox 1049 458 1419 532; x_wconf 69' lang='lat' dir='ltr'><strong>COMMENTARIUS</strong></span> <span class='ocrx_word' id='word_1_3' title='bbox 1441 464 1491 529; x_wconf 91' lang='lat' dir='ltr'><strong>IN</strong></span> <span class='ocrx_word' id='word_1_4' title='bbox 1514 461 1728 530; x_wconf 77' lang='lat' dir='ltr'><strong>GENESIN.</strong></span> <span class='ocrx_word' id='word_1_5' title='bbox 2323 466 2373 532; x_wconf 76' lang='lat' dir='ltr'><strong>lit</strong></span> 
     </span>
    </p>
   </div>
   <div class='ocr_carea' id='block_1_2' title="bbox 390 647 2466 3134">
    <p class='ocr_par' dir='ltr' id='par_1_2' title="bbox 392 647 2375 1079">
     <span class='ocr_line' id='line_1_2' title="bbox 392 647 2373 732; baseline 0 -12"><span class='ocrx_word' id='word_1_6' title='bbox 392 673 509 720; x_wconf 90' lang='lat' dir='ltr'><strong>sensus</strong></span> <span class='ocrx_word' id='word_1_7' title='bbox 529 650 580 716; x_wconf 89' lang='lat' dir='ltr'><strong>sui</strong></span> <span class='ocrx_word' id='word_1_8' title='bbox 602 659 705 718; x_wconf 80' lang='lat' dir='ltr'><strong>metas</strong></span> <span class='ocrx_word' id='word_1_9' title='bbox 725 647 903 714; x_wconf 74' lang='lat' dir='ltr'><strong>incluserit.</strong></span> <span class='ocrx_word' id='word_1_10' title='bbox 947 647 1071 714; x_wconf 79' lang='lat' dir='ltr'><strong>Subest</strong></span> <span class='ocrx_word' id='word_1_11' title='bbox 1092 647 1194 732; x_wconf 92' lang='lat' dir='ltr'><strong>igitur</strong></span> <span class='ocrx_word' id='word_1_12' title='bbox 1218 649 1363 715; x_wconf 89' lang='lat' dir='ltr'><strong>antitbe·</strong></span> <span class='ocrx_word' id='word_1_13' title='bbox 1413 649 1507 716; x_wconf 90' lang='lat' dir='ltr'><strong>Deus</strong></span> <span class='ocrx_word' id='word_1_14' title='bbox 1528 649 1690 716; x_wconf 84' lang='lat' dir='ltr'><strong>occultum</strong></span> <span class='ocrx_word' id='word_1_15' title='bbox 1714 650 1784 717; x_wconf 88' lang='lat' dir='ltr'><strong>eius</strong></span> <span class='ocrx_word' id='word_1_16' title='bbox 1806 665 1971 732; x_wconf 84' lang='lat' dir='ltr'><strong>peccatum</strong></span> <span class='ocrx_word' id='word_1_17' title='bbox 2001 651 2180 718; x_wconf 88' lang='lat' dir='ltr'><strong>detexerat.</strong></span> <span class='ocrx_word' id='word_1_18' title='bbox 2228 651 2373 720; x_wconf 85' lang='lat' dir='ltr'><strong>Videmm</strong></span> 
     </span>
     <span class='ocr_line' id='line_1_3' title="bbox 392 733 2374 820; baseline 0.001 -16"><span class='ocrx_word' id='word_1_19' title='bbox 392 742 438 806; x_wconf 91' lang='lat' dir='ltr'><strong>ais</strong></span> <span class='ocrx_word' id='word_1_20' title='bbox 454 738 540 802; x_wconf 81' lang='lat' dir='ltr'><strong>inter</strong></span> <span class='ocrx_word' id='word_1_21' title='bbox 557 738 750 801; x_wconf 89' lang='lat' dir='ltr'><strong>immensam</strong></span> <span class='ocrx_word' id='word_1_22' title='bbox 770 734 832 799; x_wconf 91' lang='lat' dir='ltr'><strong>Dei</strong></span> <span class='ocrx_word' id='word_1_23' title='bbox 850 733 1015 810; x_wconf 88' lang='lat' dir='ltr'><strong>virtutem,</strong></span> <span class='ocrx_word' id='word_1_24' title='bbox 1032 741 1065 799; x_wconf 90' lang='lat' dir='ltr'><strong>et</strong></span> <span class='ocrx_word' id='word_1_25' title='bbox 1081 735 1169 799; x_wconf 91' lang='lat' dir='ltr'><strong>inter</strong></span> <span class='ocrx_word' id='word_1_26' title='bbox 1185 743 1364 820; x_wconf 84' lang='lat' dir='ltr'><strong>angustum</strong></span> <span class='ocrx_word' id='word_1_27' title='bbox 1414 754 1494 818; x_wconf 88' lang='lat' dir='ltr'><strong>ergo</strong></span> <span class='ocrx_word' id='word_1_28' title='bbox 1516 745 1553 800; x_wconf 90' lang='lat' dir='ltr'><strong>ut</strong></span> <span class='ocrx_word' id='word_1_29' title='bbox 1576 734 1638 800; x_wconf 91' lang='lat' dir='ltr'><strong>Dei</strong></span> <span class='ocrx_word' id='word_1_30' title='bbox 1665 735 1834 815; x_wconf 88' lang='lat' dir='ltr'><strong>maiestas,</strong></span> <span class='ocrx_word' id='word_1_31' title='bbox 1864 735 1941 803; x_wconf 91' lang='lat' dir='ltr'><strong>dum</strong></span> <span class='ocrx_word' id='word_1_32' title='bbox 1971 740 2096 802; x_wconf 89' lang='lat' dir='ltr'><strong>serica</strong></span> <span class='ocrx_word' id='word_1_33' title='bbox 2118 739 2209 804; x_wconf 90' lang='lat' dir='ltr'><strong>nobis</strong></span> <span class='ocrx_word' id='word_1_34' title='bbox 2239 740 2374 816; x_wconf 79' lang='lat' dir='ltr'><strong>sentitur,</strong></span> 
     </span>
     <span class='ocr_line' id='line_1_4' title="bbox 392 819 2374 906; baseline 0 -17"><span class='ocrx_word' id='word_1_35' title='bbox 392 823 572 902; x_wconf 89' lang='lat' dir='ltr'><strong>modulum,</strong></span> <span class='ocrx_word' id='word_1_36' title='bbox 589 841 685 905; x_wconf 87' lang='lat' dir='ltr'><strong>quem</strong></span> <span class='ocrx_word' id='word_1_37' title='bbox 703 819 766 886; x_wconf 91' lang='lat' dir='ltr'><strong>sibi</strong></span> <span class='ocrx_word' id='word_1_38' title='bbox 785 841 827 885; x_wconf 92' lang='lat' dir='ltr'><strong>ex</strong></span> <span class='ocrx_word' id='word_1_39' title='bbox 841 819 950 886; x_wconf 88' lang='lat' dir='ltr'><strong>earnis</strong></span> <span class='ocrx_word' id='word_1_40' title='bbox 967 819 1091 886; x_wconf 90' lang='lat' dir='ltr'><strong>ratione</strong></span> <span class='ocrx_word' id='word_1_41' title='bbox 1109 819 1254 906; x_wconf 86' lang='lat' dir='ltr'><strong>fingebat</strong></span> <span class='ocrx_word' id='word_1_42' title='bbox 1270 819 1365 887; x_wconf 79' lang='lat' dir='ltr'><strong>Sara.</strong></span> <span class='ocrx_word' id='word_1_43' title='bbox 1416 819 1595 888; x_wconf 73' lang='lat' dir='ltr'><strong>socordiam</strong></span> <span class='ocrx_word' id='word_1_44' title='bbox 1625 842 1644 884; x_wconf 90' lang='lat' dir='ltr'><strong>a</strong></span> <span class='ocrx_word' id='word_1_45' title='bbox 1672 822 1765 887; x_wconf 88' lang='lat' dir='ltr'><strong>nobis</strong></span> <span class='ocrx_word' id='word_1_46' title='bbox 1793 823 1954 889; x_wconf 72' lang='lat' dir='ltr'><strong>exentiat:</strong></span> <span class='ocrx_word' id='word_1_47' title='bbox 1984 825 2177 906; x_wconf 87' lang='lat' dir='ltr'><strong>praesertim</strong></span> <span class='ocrx_word' id='word_1_48' title='bbox 2209 833 2320 889; x_wconf 89' lang='lat' dir='ltr'><strong>autem</strong></span> <span class='ocrx_word' id='word_1_49' title='bbox 2342 826 2374 889; x_wconf 89' lang='lat' dir='ltr'><strong>ad</strong></span> 
     </span>
     <span class='ocr_line' id='line_1_5' title="bbox 393 890 2375 991; baseline 0.001 -17"><span class='ocrx_word' id='word_1_50' title='bbox 393 909 536 991; x_wconf 79' lang='lat' dir='ltr'><strong>Quidam</strong></span> <span class='ocrx_word' id='word_1_51' title='bbox 558 927 671 972; x_wconf 88' lang='lat' dir='ltr'><strong>vocem</strong></span> <span class='ocrx_word' id='word_1_52' title='bbox 694 890 760 975; x_wconf 70' lang='lat' dir='ltr'><strong>aie</strong></span> <span class='ocrx_word' id='word_1_53' title='bbox 783 905 945 972; x_wconf 89' lang='lat' dir='ltr'><strong>occultum</strong></span> <span class='ocrx_word' id='word_1_54' title='bbox 969 913 1117 984; x_wconf 91' lang='lat' dir='ltr'><strong>vertunt,</strong></span> <span class='ocrx_word' id='word_1_55' title='bbox 1145 906 1242 989; x_wconf 88' lang='lat' dir='ltr'><strong>qnasi</strong></span> <span class='ocrx_word' id='word_1_56' title='bbox 1264 927 1365 990; x_wconf 89' lang='lat' dir='ltr'><strong>ange·</strong></span> <span class='ocrx_word' id='word_1_57' title='bbox 1415 905 1503 973; x_wconf 88' lang='lat' dir='ltr'><strong>hunc</strong></span> <span class='ocrx_word' id='word_1_58' title='bbox 1524 925 1657 972; x_wconf 88' lang='lat' dir='ltr'><strong>sensum</strong></span> <span class='ocrx_word' id='word_1_59' title='bbox 1678 907 1825 990; x_wconf 89' lang='lat' dir='ltr'><strong>cogimur</strong></span> <span class='ocrx_word' id='word_1_60' title='bbox 1843 909 1897 974; x_wconf 92' lang='lat' dir='ltr'><strong>ubi</strong></span> <span class='ocrx_word' id='word_1_61' title='bbox 1915 909 2061 975; x_wconf 87' lang='lat' dir='ltr'><strong>tribunal</strong></span> <span class='ocrx_word' id='word_1_62' title='bbox 2082 907 2270 975; x_wconf 87' lang='lat' dir='ltr'><strong>conscendit</strong></span> <span class='ocrx_word' id='word_1_63' title='bbox 2287 911 2375 990; x_wconf 88' lang='lat' dir='ltr'><strong>Deos,</strong></span> 
     </span>
     <span class='ocr_line' id='line_1_6' title="bbox 392 989 2073 1079; baseline -0.001 -18"><span class='ocrx_word' id='word_1_64' title='bbox 392 995 444 1061; x_wconf 92' lang='lat' dir='ltr'><strong>lus</strong></span> <span class='ocrx_word' id='word_1_65' title='bbox 465 995 630 1077; x_wconf 88' lang='lat' dir='ltr'><strong>significet</strong></span> <span class='ocrx_word' id='word_1_66' title='bbox 649 991 759 1058; x_wconf 89' lang='lat' dir='ltr'><strong>Deum</strong></span> <span class='ocrx_word' id='word_1_67' title='bbox 781 990 865 1057; x_wconf 90' lang='lat' dir='ltr'><strong>nihil</strong></span> <span class='ocrx_word' id='word_1_68' title='bbox 887 990 1003 1057; x_wconf 90' lang='lat' dir='ltr'><strong>latere:</strong></span> <span class='ocrx_word' id='word_1_69' title='bbox 1034 989 1092 1056; x_wconf 89' lang='lat' dir='ltr'><strong>sed</strong></span> <span class='ocrx_word' id='word_1_70' title='bbox 1114 991 1199 1057; x_wconf 91' lang='lat' dir='ltr'><strong>alius</strong></span> <span class='ocrx_word' id='word_1_71' title='bbox 1220 1001 1271 1058; x_wconf 90' lang='lat' dir='ltr'><strong>est</strong></span> <span class='ocrx_word' id='word_1_72' title='bbox 1292 1014 1366 1057; x_wconf 92' lang='lat' dir='ltr'><strong>een·</strong></span> <span class='ocrx_word' id='word_1_73' title='bbox 1417 1002 1451 1055; x_wconf 90' lang='lat' dir='ltr'><strong>et</strong></span> <span class='ocrx_word' id='word_1_74' title='bbox 1471 1003 1602 1076; x_wconf 89' lang='lat' dir='ltr'><strong>peccata</strong></span> <span class='ocrx_word' id='word_1_75' title='bbox 1623 1002 1736 1057; x_wconf 91' lang='lat' dir='ltr'><strong>nostra</strong></span> <span class='ocrx_word' id='word_1_76' title='bbox 1756 993 1791 1058; x_wconf 95' lang='lat' dir='ltr'><strong>in</strong></span> <span class='ocrx_word' id='word_1_77' title='bbox 1813 993 1919 1060; x_wconf 91' lang='lat' dir='ltr'><strong>lucem</strong></span> <span class='ocrx_word' id='word_1_78' title='bbox 1940 997 2073 1079; x_wconf 82' lang='lat' dir='ltr'><strong>profert.</strong></span> 
     </span>
    </p>

    <p class='ocr_par' dir='ltr' id='par_1_3' title="bbox 390 1075 2466 3134">
     <span class='ocr_line' id='line_1_7' title="bbox 394 1075 2376 1162; baseline -0.002 -15"><span class='ocrx_word' id='word_1_79' title='bbox 394 1102 466 1160; x_wconf 91' lang='lat' dir='ltr'><strong>sus,</strong></span> <span class='ocrx_word' id='word_1_80' title='bbox 494 1078 580 1162; x_wconf 92' lang='lat' dir='ltr'><strong>quod</strong></span> <span class='ocrx_word' id='word_1_81' title='bbox 609 1079 733 1144; x_wconf 90' lang='lat' dir='ltr'><strong>scilicet</strong></span> <span class='ocrx_word' id='word_1_82' title='bbox 761 1098 828 1142; x_wconf 93' lang='lat' dir='ltr'><strong>non</strong></span> <span class='ocrx_word' id='word_1_83' title='bbox 857 1075 973 1142; x_wconf 90' lang='lat' dir='ltr'><strong>debeat</strong></span> <span class='ocrx_word' id='word_1_84' title='bbox 994 1098 1037 1143; x_wconf 90' lang='lat' dir='ltr'><strong>ex</strong></span> <span class='ocrx_word' id='word_1_85' title='bbox 1066 1075 1238 1142; x_wconf 90' lang='lat' dir='ltr'><strong>hominnm</strong></span> <span class='ocrx_word' id='word_1_86' title='bbox 1267 1098 1367 1143; x_wconf 89' lang='lat' dir='ltr'><strong>sensu</strong></span> <span class='ocrx_word' id='word_1_87' title='bbox 1505 1077 1722 1160; x_wconf 76' lang='lat' dir='ltr'><strong>Nequaquam,</strong></span> <span class='ocrx_word' id='word_1_88' title='bbox 1743 1078 1799 1146; x_wconf 84' lang='lat' dir='ltr'><strong>aed</strong></span> <span class='ocrx_word' id='word_1_89' title='bbox 1818 1080 1930 1146; x_wconf 77' lang='lat' dir='ltr'><strong>risisti</strong></span> <span class='ocrx_word' id='word_1_90' title='bbox 1962 1081 2037 1146; x_wconf 93' lang='lat' dir='ltr'><strong>Non</strong></span> <span class='ocrx_word' id='word_1_91' title='bbox 2055 1080 2168 1147; x_wconf 92' lang='lat' dir='ltr'><strong>multis</strong></span> <span class='ocrx_word' id='word_1_92' title='bbox 2190 1079 2299 1146; x_wconf 89' lang='lat' dir='ltr'><strong>verbis</strong></span> <span class='ocrx_word' id='word_1_93' title='bbox 2321 1081 2376 1145; x_wconf 89' lang='lat' dir='ltr'><strong>liti·</strong></span> 
     </span>
     <span class='ocr_line' id='line_1_8' title="bbox 394 1161 2374 1251; baseline -0.002 -19"><span class='ocrx_word' id='word_1_94' title='bbox 394 1166 560 1232; x_wconf 89' lang='lat' dir='ltr'><strong>acstimari</strong></span> <span class='ocrx_word' id='word_1_95' title='bbox 584 1165 646 1232; x_wconf 92' lang='lat' dir='ltr'><strong>Dei</strong></span> <span class='ocrx_word' id='word_1_96' title='bbox 667 1164 815 1230; x_wconf 78' lang='lat' dir='ltr'><strong>facultas.</strong></span> <span class='ocrx_word' id='word_1_97' title='bbox 859 1163 974 1245; x_wconf 90' lang='lat' dir='ltr'><strong>Neque</strong></span> <span class='ocrx_word' id='word_1_98' title='bbox 1001 1162 1089 1227; x_wconf 86' lang='lat' dir='ltr'><strong>cuim</strong></span> <span class='ocrx_word' id='word_1_99' title='bbox 1119 1164 1239 1228; x_wconf 90' lang='lat' dir='ltr'><strong>mirum</strong></span> <span class='ocrx_word' id='word_1_100' title='bbox 1261 1173 1312 1228; x_wconf 91' lang='lat' dir='ltr'><strong>est</strong></span> <span class='ocrx_word' id='word_1_101' title='bbox 1332 1165 1367 1228; x_wconf 96' lang='lat' dir='ltr'><strong>in</strong></span> <span class='ocrx_word' id='word_1_102' title='bbox 1419 1171 1476 1246; x_wconf 90' lang='lat' dir='ltr'><strong>gat</strong></span> <span class='ocrx_word' id='word_1_103' title='bbox 1497 1163 1644 1246; x_wconf 89' lang='lat' dir='ltr'><strong>angelus,</strong></span> <span class='ocrx_word' id='word_1_104' title='bbox 1665 1161 1722 1229; x_wconf 92' lang='lat' dir='ltr'><strong>sed</strong></span> <span class='ocrx_word' id='word_1_105' title='bbox 1744 1164 1888 1247; x_wconf 86' lang='lat' dir='ltr'><strong>praecise</strong></span> <span class='ocrx_word' id='word_1_106' title='bbox 1899 1165 2013 1232; x_wconf 86' lang='lat' dir='ltr'><strong>falsam</strong></span> <span class='ocrx_word' id='word_1_107' title='bbox 2025 1167 2230 1251; x_wconf 89' lang='lat' dir='ltr'><strong>negationem</strong></span> <span class='ocrx_word' id='word_1_108' title='bbox 2255 1166 2374 1232; x_wconf 87' lang='lat' dir='ltr'><strong>refutat.</strong></span> 
     </span>
     <span class='ocr_line' id='line_1_9' title="bbox 394 1247 2377 1336; baseline -0.001 -18"><span class='ocrx_word' id='word_1_109' title='bbox 394 1252 493 1318; x_wconf 90' lang='lat' dir='ltr'><strong>rebus</strong></span> <span class='ocrx_word' id='word_1_110' title='bbox 516 1249 628 1316; x_wconf 89' lang='lat' dir='ltr'><strong>arduis</strong></span> <span class='ocrx_word' id='word_1_111' title='bbox 649 1270 708 1314; x_wconf 87' lang='lat' dir='ltr'><strong>nce</strong></span> <span class='ocrx_word' id='word_1_112' title='bbox 729 1249 866 1315; x_wconf 87' lang='lat' dir='ltr'><strong>deficere</strong></span> <span class='ocrx_word' id='word_1_113' title='bbox 889 1247 940 1313; x_wconf 88' lang='lat' dir='ltr'><strong>vel</strong></span> <span class='ocrx_word' id='word_1_114' title='bbox 962 1248 1173 1316; x_wconf 91' lang='lat' dir='ltr'><strong>succumbere</strong></span> <span class='ocrx_word' id='word_1_115' title='bbox 1195 1248 1367 1314; x_wconf 86' lang='lat' dir='ltr'><strong>difficulta·</strong></span> <span class='ocrx_word' id='word_1_116' title='bbox 1420 1247 1508 1313; x_wconf 89' lang='lat' dir='ltr'><strong>Hinc</strong></span> <span class='ocrx_word' id='word_1_117' title='bbox 1530 1248 1691 1314; x_wconf 88' lang='lat' dir='ltr'><strong>discamus</strong></span> <span class='ocrx_word' id='word_1_118' title='bbox 1713 1251 1805 1314; x_wconf 91' lang='lat' dir='ltr'><strong>nullo</strong></span> <span class='ocrx_word' id='word_1_119' title='bbox 1827 1271 1887 1317; x_wconf 90' lang='lat' dir='ltr'><strong>nos</strong></span> <span class='ocrx_word' id='word_1_120' title='bbox 1904 1252 2053 1335; x_wconf 81' lang='lat' dir='ltr'><strong>proiectu</strong></span> <span class='ocrx_word' id='word_1_121' title='bbox 2075 1253 2302 1336; x_wconf 86' lang='lat' dir='ltr'><strong>tergiversari.</strong></span> <span class='ocrx_word' id='word_1_122' title='bbox 2331 1253 2377 1318; x_wconf 87' lang='lat' dir='ltr'><strong>nbi</strong></span> 
     </span>
     <span class='ocr_line' id='line_1_10' title="bbox 394 1334 2377 1420; baseline 0 -18"><span class='ocrx_word' id='word_1_123' title='bbox 394 1336 496 1403; x_wconf 90' lang='lat' dir='ltr'><strong>tibus:</strong></span> <span class='ocrx_word' id='word_1_124' title='bbox 523 1337 578 1402; x_wconf 90' lang='lat' dir='ltr'><strong>sed</strong></span> <span class='ocrx_word' id='word_1_125' title='bbox 608 1336 705 1420; x_wconf 89' lang='lat' dir='ltr'><strong>longe</strong></span> <span class='ocrx_word' id='word_1_126' title='bbox 734 1335 797 1400; x_wconf 89' lang='lat' dir='ltr'><strong>alia</strong></span> <span class='ocrx_word' id='word_1_127' title='bbox 820 1345 870 1400; x_wconf 91' lang='lat' dir='ltr'><strong>cst</strong></span> <span class='ocrx_word' id='word_1_128' title='bbox 891 1334 953 1399; x_wconf 91' lang='lat' dir='ltr'><strong>Dci</strong></span> <span class='ocrx_word' id='word_1_129' title='bbox 982 1335 1084 1412; x_wconf 89' lang='lat' dir='ltr'><strong>ratio,</strong></span> <span class='ocrx_word' id='word_1_130' title='bbox 1111 1335 1207 1418; x_wconf 88' lang='lat' dir='ltr'><strong>quie</strong></span> <span class='ocrx_word' id='word_1_131' title='bbox 1235 1334 1368 1400; x_wconf 81' lang='lat' dir='ltr'><strong>sublimi</strong></span> <span class='ocrx_word' id='word_1_132' title='bbox 1419 1355 1439 1398; x_wconf 92' lang='lat' dir='ltr'><strong>a</strong></span> <span class='ocrx_word' id='word_1_133' title='bbox 1468 1334 1611 1399; x_wconf 91' lang='lat' dir='ltr'><strong>Domino</strong></span> <span class='ocrx_word' id='word_1_134' title='bbox 1637 1335 1822 1417; x_wconf 74' lang='lat' dir='ltr'><strong>arguimur:</strong></span> <span class='ocrx_word' id='word_1_135' title='bbox 1864 1337 1940 1420; x_wconf 90' lang='lat' dir='ltr'><strong>quia</strong></span> <span class='ocrx_word' id='word_1_136' title='bbox 1968 1358 2027 1403; x_wconf 91' lang='lat' dir='ltr'><strong>nos</strong></span> <span class='ocrx_word' id='word_1_137' title='bbox 2055 1358 2122 1402; x_wconf 90' lang='lat' dir='ltr'><strong>uno</strong></span> <span class='ocrx_word' id='word_1_138' title='bbox 2151 1338 2262 1404; x_wconf 89' lang='lat' dir='ltr'><strong>statim</strong></span> <span class='ocrx_word' id='word_1_139' title='bbox 2291 1337 2377 1402; x_wconf 87' lang='lat' dir='ltr'><strong>verbo</strong></span> 
     </span>
     <span class='ocr_line' id='line_1_11' title="bbox 395 1418 2376 1506; baseline -0.001 -17"><span class='ocrx_word' id='word_1_140' title='bbox 395 1423 532 1506; x_wconf 87' lang='lat' dir='ltr'><strong>despicit</strong></span> <span class='ocrx_word' id='word_1_141' title='bbox 559 1443 642 1506; x_wconf 90' lang='lat' dir='ltr'><strong>quae</strong></span> <span class='ocrx_word' id='word_1_142' title='bbox 669 1440 730 1486; x_wconf 90' lang='lat' dir='ltr'><strong>nos</strong></span> <span class='ocrx_word' id='word_1_143' title='bbox 753 1418 926 1485; x_wconf 79' lang='lat' dir='ltr'><strong>altitudine</strong></span> <span class='ocrx_word' id='word_1_144' title='bbox 953 1438 1013 1484; x_wconf 88' lang='lat' dir='ltr'><strong>sua</strong></span> <span class='ocrx_word' id='word_1_145' title='bbox 1045 1418 1218 1485; x_wconf 87' lang='lat' dir='ltr'><strong>deterrent.</strong></span> <span class='ocrx_word' id='word_1_146' title='bbox 1270 1420 1368 1486; x_wconf 87' lang='lat' dir='ltr'><strong>Nunc</strong></span> <span class='ocrx_word' id='word_1_147' title='bbox 1418 1419 1590 1504; x_wconf 89' lang='lat' dir='ltr'><strong>iugulabit.</strong></span> <span class='ocrx_word' id='word_1_148' title='bbox 1625 1419 1817 1486; x_wconf 83' lang='lat' dir='ltr'><strong>Cavendum</strong></span> <span class='ocrx_word' id='word_1_149' title='bbox 1836 1442 1966 1506; x_wconf 86' lang='lat' dir='ltr'><strong>ergone</strong></span> <span class='ocrx_word' id='word_1_150' title='bbox 1981 1423 2148 1488; x_wconf 90' lang='lat' dir='ltr'><strong>imitemur</strong></span> <span class='ocrx_word' id='word_1_151' title='bbox 2166 1443 2277 1488; x_wconf 89' lang='lat' dir='ltr'><strong>eornm</strong></span> <span class='ocrx_word' id='word_1_152' title='bbox 2296 1437 2376 1505; x_wconf 91' lang='lat' dir='ltr'><strong>petu-</strong></span> 
     </span>
     <span class='ocr_line' id='line_1_12' title="bbox 394 1504 2378 1589; baseline -0.002 -14"><span class='ocrx_word' id='word_1_153' title='bbox 394 1508 542 1574; x_wconf 87' lang='lat' dir='ltr'><strong>videmus</strong></span> <span class='ocrx_word' id='word_1_154' title='bbox 563 1507 660 1589; x_wconf 91' lang='lat' dir='ltr'><strong>quale</strong></span> <span class='ocrx_word' id='word_1_155' title='bbox 681 1506 780 1571; x_wconf 86' lang='lat' dir='ltr'><strong>fuerit</strong></span> <span class='ocrx_word' id='word_1_156' title='bbox 800 1514 968 1589; x_wconf 90' lang='lat' dir='ltr'><strong>peccatum</strong></span> <span class='ocrx_word' id='word_1_157' title='bbox 992 1504 1110 1580; x_wconf 83' lang='lat' dir='ltr'><strong>Sarae,</strong></span> <span class='ocrx_word' id='word_1_158' title='bbox 1138 1505 1222 1589; x_wconf 89' lang='lat' dir='ltr'><strong>quod</strong></span> <span class='ocrx_word' id='word_1_159' title='bbox 1246 1506 1369 1571; x_wconf 90' lang='lat' dir='ltr'><strong>scilicet</strong></span> <span class='ocrx_word' id='word_1_160' title='bbox 1420 1504 1555 1570; x_wconf 89' lang='lat' dir='ltr'><strong>lantiam</strong></span> <span class='ocrx_word' id='word_1_161' title='bbox 1578 1505 1636 1588; x_wconf 88' lang='lat' dir='ltr'><strong>qni</strong></span> <span class='ocrx_word' id='word_1_162' title='bbox 1646 1507 1742 1571; x_wconf 89' lang='lat' dir='ltr'><strong>vanis</strong></span> <span class='ocrx_word' id='word_1_163' title='bbox 1752 1506 1915 1572; x_wconf 90' lang='lat' dir='ltr'><strong>coloribus</strong></span> <span class='ocrx_word' id='word_1_164' title='bbox 1929 1509 2000 1574; x_wconf 85' lang='lat' dir='ltr'><strong>llec</strong></span> <span class='ocrx_word' id='word_1_165' title='bbox 2018 1509 2177 1574; x_wconf 91' lang='lat' dir='ltr'><strong>illudunt:</strong></span> <span class='ocrx_word' id='word_1_166' title='bbox 2200 1509 2378 1574; x_wconf 84' lang='lat' dir='ltr'><strong>attendam</strong></span> 
     </span>
     <span class='ocr_line' id='line_1_13' title="bbox 390 1591 2378 1678; baseline -0.001 -19"><span class='ocrx_word' id='word_1_167' title='bbox 390 1595 546 1660; x_wconf 89' lang='lat' dir='ltr'><strong>iniuriam</strong></span> <span class='ocrx_word' id='word_1_168' title='bbox 568 1592 683 1658; x_wconf 86' lang='lat' dir='ltr'><strong>fecerit</strong></span> <span class='ocrx_word' id='word_1_169' title='bbox 704 1592 785 1673; x_wconf 90' lang='lat' dir='ltr'><strong>Deo,</strong></span> <span class='ocrx_word' id='word_1_170' title='bbox 807 1612 871 1657; x_wconf 93' lang='lat' dir='ltr'><strong>non</strong></span> <span class='ocrx_word' id='word_1_171' title='bbox 894 1611 1074 1674; x_wconf 87' lang='lat' dir='ltr'><strong>agnoscens</strong></span> <span class='ocrx_word' id='word_1_172' title='bbox 1095 1591 1367 1657; x_wconf 88' lang='lat' dir='ltr'><strong>inaestimabilem</strong></span> <span class='ocrx_word' id='word_1_173' title='bbox 1419 1591 1552 1656; x_wconf 89' lang='lat' dir='ltr'><strong>irruunt</strong></span> <span class='ocrx_word' id='word_1_174' title='bbox 1578 1591 1613 1654; x_wconf 91' lang='lat' dir='ltr'><strong>in</strong></span> <span class='ocrx_word' id='word_1_175' title='bbox 1642 1612 1791 1657; x_wconf 89' lang='lat' dir='ltr'><strong>cressum</strong></span> <span class='ocrx_word' id='word_1_176' title='bbox 1828 1594 1899 1659; x_wconf 91' lang='lat' dir='ltr'><strong>eius</strong></span> <span class='ocrx_word' id='word_1_177' title='bbox 1931 1603 2163 1678; x_wconf 88' lang='lat' dir='ltr'><strong>contemptum.</strong></span> <span class='ocrx_word' id='word_1_178' title='bbox 2215 1593 2378 1677; x_wconf 90' lang='lat' dir='ltr'><strong>Utcunque</strong></span> 
     </span>
     <span class='ocr_line' id='line_1_14' title="bbox 392 1675 2379 1762; baseline 0 -16"><span class='ocrx_word' id='word_1_179' title='bbox 392 1682 463 1746; x_wconf 89' lang='lat' dir='ltr'><strong>eius</strong></span> <span class='ocrx_word' id='word_1_180' title='bbox 496 1679 686 1762; x_wconf 90' lang='lat' dir='ltr'><strong>potentiam.</strong></span> <span class='ocrx_word' id='word_1_181' title='bbox 731 1678 777 1742; x_wconf 82' lang='lat' dir='ltr'><strong>Et</strong></span> <span class='ocrx_word' id='word_1_182' title='bbox 808 1697 887 1742; x_wconf 90' lang='lat' dir='ltr'><strong>sane</strong></span> <span class='ocrx_word' id='word_1_183' title='bbox 918 1677 966 1742; x_wconf 91' lang='lat' dir='ltr'><strong>ita</strong></span> <span class='ocrx_word' id='word_1_184' title='bbox 999 1697 1051 1741; x_wconf 91' lang='lat' dir='ltr'><strong>res</strong></span> <span class='ocrx_word' id='word_1_185' title='bbox 1085 1675 1192 1752; x_wconf 91' lang='lat' dir='ltr'><strong>habet,</strong></span> <span class='ocrx_word' id='word_1_186' title='bbox 1234 1676 1367 1758; x_wconf 91' lang='lat' dir='ltr'><strong>spoliari</strong></span> <span class='ocrx_word' id='word_1_187' title='bbox 1419 1677 1508 1741; x_wconf 92' lang='lat' dir='ltr'><strong>enim</strong></span> <span class='ocrx_word' id='word_1_188' title='bbox 1527 1676 1711 1743; x_wconf 87' lang='lat' dir='ltr'><strong>dissimulet</strong></span> <span class='ocrx_word' id='word_1_189' title='bbox 1728 1676 1769 1742; x_wconf 88' lang='lat' dir='ltr'><strong>ad</strong></span> <span class='ocrx_word' id='word_1_190' title='bbox 1788 1690 1925 1762; x_wconf 91' lang='lat' dir='ltr'><strong>tempus,</strong></span> <span class='ocrx_word' id='word_1_191' title='bbox 1945 1680 2092 1745; x_wconf 91' lang='lat' dir='ltr'><strong>horribili</strong></span> <span class='ocrx_word' id='word_1_192' title='bbox 2104 1689 2215 1745; x_wconf 90' lang='lat' dir='ltr'><strong>tamen</strong></span> <span class='ocrx_word' id='word_1_193' title='bbox 2232 1680 2297 1745; x_wconf 90' lang='lat' dir='ltr'><strong>ista</strong></span> <span class='ocrx_word' id='word_1_194' title='bbox 2314 1701 2379 1746; x_wconf 87' lang='lat' dir='ltr'><strong>vcec</strong></span> 
     </span>
     <span class='ocr_line' id='line_1_15' title="bbox 395 1761 2378 1845; baseline -0.002 -13"><span class='ocrx_word' id='word_1_195' title='bbox 395 1767 503 1832; x_wconf 90' lang='lat' dir='ltr'><strong>Deum</strong></span> <span class='ocrx_word' id='word_1_196' title='bbox 524 1786 584 1831; x_wconf 89' lang='lat' dir='ltr'><strong>sna</strong></span> <span class='ocrx_word' id='word_1_197' title='bbox 607 1765 726 1829; x_wconf 88' lang='lat' dir='ltr'><strong>virtute</strong></span> <span class='ocrx_word' id='word_1_198' title='bbox 748 1782 768 1826; x_wconf 89' lang='lat' dir='ltr'><strong>a</strong></span> <span class='ocrx_word' id='word_1_199' title='bbox 789 1761 899 1841; x_wconf 88' lang='lat' dir='ltr'><strong>nobis,</strong></span> <span class='ocrx_word' id='word_1_200' title='bbox 929 1761 1055 1843; x_wconf 90' lang='lat' dir='ltr'><strong>quoties</strong></span> <span class='ocrx_word' id='word_1_201' title='bbox 1083 1764 1153 1827; x_wconf 90' lang='lat' dir='ltr'><strong>cius</strong></span> <span class='ocrx_word' id='word_1_202' title='bbox 1175 1762 1286 1828; x_wconf 89' lang='lat' dir='ltr'><strong>verbis</strong></span> <span class='ocrx_word' id='word_1_203' title='bbox 1308 1763 1367 1827; x_wconf 86' lang='lat' dir='ltr'><strong>dif-</strong></span> <span class='ocrx_word' id='word_1_204' title='bbox 1418 1763 1455 1826; x_wconf 93' lang='lat' dir='ltr'><strong>in</strong></span> <span class='ocrx_word' id='word_1_205' title='bbox 1473 1763 1580 1845; x_wconf 88' lang='lat' dir='ltr'><strong>capita</strong></span> <span class='ocrx_word' id='word_1_206' title='bbox 1602 1773 1715 1828; x_wconf 92' lang='lat' dir='ltr'><strong>nostra</strong></span> <span class='ocrx_word' id='word_1_207' title='bbox 1735 1763 1939 1830; x_wconf 83' lang='lat' dir='ltr'><strong>fulminabit:</strong></span> <span class='ocrx_word' id='word_1_208' title='bbox 1964 1765 2035 1832; x_wconf 92' lang='lat' dir='ltr'><strong>Non</strong></span> <span class='ocrx_word' id='word_1_209' title='bbox 2058 1767 2106 1831; x_wconf 92' lang='lat' dir='ltr'><strong>ita</strong></span> <span class='ocrx_word' id='word_1_210' title='bbox 2122 1777 2172 1832; x_wconf 87' lang='lat' dir='ltr'><strong>est</strong></span> <span class='ocrx_word' id='word_1_211' title='bbox 2189 1773 2226 1830; x_wconf 90' lang='lat' dir='ltr'><strong>ut</strong></span> <span class='ocrx_word' id='word_1_212' title='bbox 2243 1764 2378 1830; x_wconf 85' lang='lat' dir='ltr'><strong>obtendi·</strong></span> 
     </span>
     <span class='ocr_line' id='line_1_16' title="bbox 393 1847 2378 1932; baseline -0.002 -15"><span class='ocrx_word' id='word_1_213' title='bbox 393 1851 535 1918; x_wconf 87' lang='lat' dir='ltr'><strong>fidimus.</strong></span> <span class='ocrx_word' id='word_1_214' title='bbox 592 1848 732 1918; x_wconf 82' lang='lat' dir='ltr'><strong>Videtur</strong></span> <span class='ocrx_word' id='word_1_215' title='bbox 763 1849 869 1932; x_wconf 91' lang='lat' dir='ltr'><strong>primo</strong></span> <span class='ocrx_word' id='word_1_216' title='bbox 908 1847 1062 1931; x_wconf 89' lang='lat' dir='ltr'><strong>adspectu</strong></span> <span class='ocrx_word' id='word_1_217' title='bbox 1094 1847 1219 1914; x_wconf 87' lang='lat' dir='ltr'><strong>Paulus</strong></span> <span class='ocrx_word' id='word_1_218' title='bbox 1254 1848 1369 1932; x_wconf 81' lang='lat' dir='ltr'><strong>frigide</strong></span> <span class='ocrx_word' id='word_1_219' title='bbox 1422 1849 1474 1913; x_wconf 91' lang='lat' dir='ltr'><strong>tis.</strong></span> <span class='ocrx_word' id='word_1_220' title='bbox 1515 1848 1553 1912; x_wconf 92' lang='lat' dir='ltr'><strong>ln</strong></span> <span class='ocrx_word' id='word_1_221' title='bbox 1575 1869 1712 1927; x_wconf 89' lang='lat' dir='ltr'><strong>summa,</strong></span> <span class='ocrx_word' id='word_1_222' title='bbox 1735 1870 1800 1914; x_wconf 92' lang='lat' dir='ltr'><strong>non</strong></span> <span class='ocrx_word' id='word_1_223' title='bbox 1822 1850 1945 1916; x_wconf 79' lang='lat' dir='ltr'><strong>suflicit</strong></span> <span class='ocrx_word' id='word_1_224' title='bbox 1966 1853 2110 1917; x_wconf 87' lang='lat' dir='ltr'><strong>revereri</strong></span> <span class='ocrx_word' id='word_1_225' title='bbox 2138 1851 2200 1917; x_wconf 92' lang='lat' dir='ltr'><strong>Dei</strong></span> <span class='ocrx_word' id='word_1_226' title='bbox 2222 1851 2378 1928; x_wconf 91' lang='lat' dir='ltr'><strong>indicium,</strong></span> 
     </span>
     <span class='ocr_line' id='line_1_17' title="bbox 394 1932 2379 2021; baseline 0 -19"><span class='ocrx_word' id='word_1_227' title='bbox 394 1935 527 2003; x_wconf 89' lang='lat' dir='ltr'><strong>laudare</strong></span> <span class='ocrx_word' id='word_1_228' title='bbox 544 1934 697 2001; x_wconf 83' lang='lat' dir='ltr'><strong>Abrahae</strong></span> <span class='ocrx_word' id='word_1_229' title='bbox 719 1933 827 2012; x_wconf 90' lang='lat' dir='ltr'><strong>fidem,</strong></span> <span class='ocrx_word' id='word_1_230' title='bbox 848 1954 950 2017; x_wconf 90' lang='lat' dir='ltr'><strong>quum</strong></span> <span class='ocrx_word' id='word_1_231' title='bbox 968 1933 1047 2000; x_wconf 89' lang='lat' dir='ltr'><strong>dicit</strong></span> <span class='ocrx_word' id='word_1_232' title='bbox 1064 1955 1131 1999; x_wconf 93' lang='lat' dir='ltr'><strong>non</strong></span> <span class='ocrx_word' id='word_1_233' title='bbox 1148 1932 1369 1999; x_wconf 88' lang='lat' dir='ltr'><strong>considerasse</strong></span> <span class='ocrx_word' id='word_1_234' title='bbox 1420 1933 1483 1998; x_wconf 92' lang='lat' dir='ltr'><strong>nisi</strong></span> <span class='ocrx_word' id='word_1_235' title='bbox 1505 1933 1602 1999; x_wconf 88' lang='lat' dir='ltr'><strong>etiam</strong></span> <span class='ocrx_word' id='word_1_236' title='bbox 1625 1943 1756 2016; x_wconf 82' lang='lat' dir='ltr'><strong>peccata</strong></span> <span class='ocrx_word' id='word_1_237' title='bbox 1783 1943 1895 2000; x_wconf 92' lang='lat' dir='ltr'><strong>nostra</strong></span> <span class='ocrx_word' id='word_1_238' title='bbox 1922 1937 2067 2019; x_wconf 91' lang='lat' dir='ltr'><strong>ingenue</strong></span> <span class='ocrx_word' id='word_1_239' title='bbox 2088 1948 2122 2003; x_wconf 94' lang='lat' dir='ltr'><strong>et</strong></span> <span class='ocrx_word' id='word_1_240' title='bbox 2143 1939 2213 2002; x_wconf 92' lang='lat' dir='ltr'><strong>sine</strong></span> <span class='ocrx_word' id='word_1_241' title='bbox 2231 1937 2379 2021; x_wconf 88' lang='lat' dir='ltr'><strong>tergiver-</strong></span> 
     </span>
     <span class='ocr_line' id='line_1_18' title="bbox 394 2019 2378 2106; baseline -0.002 -17"><span class='ocrx_word' id='word_1_242' title='bbox 394 2043 512 2105; x_wconf 92' lang='lat' dir='ltr'><strong>corpus</strong></span> <span class='ocrx_word' id='word_1_243' title='bbox 533 2042 630 2086; x_wconf 91' lang='lat' dir='ltr'><strong>suum</strong></span> <span class='ocrx_word' id='word_1_244' title='bbox 652 2028 854 2097; x_wconf 91' lang='lat' dir='ltr'><strong>emortuum,</strong></span> <span class='ocrx_word' id='word_1_245' title='bbox 883 2019 940 2084; x_wconf 91' lang='lat' dir='ltr'><strong>sed</strong></span> <span class='ocrx_word' id='word_1_246' title='bbox 963 2019 1090 2085; x_wconf 87' lang='lat' dir='ltr'><strong>dedisse</strong></span> <span class='ocrx_word' id='word_1_247' title='bbox 1120 2019 1256 2103; x_wconf 83' lang='lat' dir='ltr'><strong>gloriam</strong></span> <span class='ocrx_word' id='word_1_248' title='bbox 1281 2020 1368 2085; x_wconf 91' lang='lat' dir='ltr'><strong>Deo:</strong></span> <span class='ocrx_word' id='word_1_249' title='bbox 1421 2021 1557 2095; x_wconf 85' lang='lat' dir='ltr'><strong>satione,</strong></span> <span class='ocrx_word' id='word_1_250' title='bbox 1577 2019 1832 2106; x_wconf 88' lang='lat' dir='ltr'><strong>velambagibus</strong></span> <span class='ocrx_word' id='word_1_251' title='bbox 1851 2021 2000 2088; x_wconf 82' lang='lat' dir='ltr'><strong>fatemur.</strong></span> <span class='ocrx_word' id='word_1_252' title='bbox 2035 2024 2172 2106; x_wconf 79' lang='lat' dir='ltr'><strong>Duplex</strong></span> <span class='ocrx_word' id='word_1_253' title='bbox 2193 2024 2280 2087; x_wconf 92' lang='lat' dir='ltr'><strong>enim</strong></span> <span class='ocrx_word' id='word_1_254' title='bbox 2298 2022 2378 2087; x_wconf 90' lang='lat' dir='ltr'><strong>dam·</strong></span> 
     </span>
     <span class='ocr_line' id='line_1_19' title="bbox 394 2104 2378 2192; baseline -0.001 -19"><span class='ocrx_word' id='word_1_255' title='bbox 394 2109 470 2192; x_wconf 88' lang='lat' dir='ltr'><strong>quia</strong></span> <span class='ocrx_word' id='word_1_256' title='bbox 496 2127 673 2190; x_wconf 84' lang='lat' dir='ltr'><strong>persuasus</strong></span> <span class='ocrx_word' id='word_1_257' title='bbox 701 2106 801 2171; x_wconf 84' lang='lat' dir='ltr'><strong>luerit</strong></span> <span class='ocrx_word' id='word_1_258' title='bbox 828 2126 921 2188; x_wconf 89' lang='lat' dir='ltr'><strong>posse</strong></span> <span class='ocrx_word' id='word_1_259' title='bbox 948 2104 1084 2188; x_wconf 91' lang='lat' dir='ltr'><strong>implere</strong></span> <span class='ocrx_word' id='word_1_260' title='bbox 1106 2104 1192 2187; x_wconf 90' lang='lat' dir='ltr'><strong>quod</strong></span> <span class='ocrx_word' id='word_1_261' title='bbox 1212 2105 1369 2189; x_wconf 91' lang='lat' dir='ltr'><strong>promise·</strong></span> <span class='ocrx_word' id='word_1_262' title='bbox 1420 2107 1510 2170; x_wconf 90' lang='lat' dir='ltr'><strong>natio</strong></span> <span class='ocrx_word' id='word_1_263' title='bbox 1533 2125 1587 2170; x_wconf 91' lang='lat' dir='ltr'><strong>eos</strong></span> <span class='ocrx_word' id='word_1_264' title='bbox 1615 2127 1728 2172; x_wconf 90' lang='lat' dir='ltr'><strong>omnes</strong></span> <span class='ocrx_word' id='word_1_265' title='bbox 1761 2117 1873 2171; x_wconf 88' lang='lat' dir='ltr'><strong>manet</strong></span> <span class='ocrx_word' id='word_1_266' title='bbox 1900 2109 1956 2191; x_wconf 92' lang='lat' dir='ltr'><strong>qui</strong></span> <span class='ocrx_word' id='word_1_267' title='bbox 1980 2109 2044 2174; x_wconf 90' lang='lat' dir='ltr'><strong>Dei</strong></span> <span class='ocrx_word' id='word_1_268' title='bbox 2060 2109 2217 2174; x_wconf 91' lang='lat' dir='ltr'><strong>iudicium</strong></span> <span class='ocrx_word' id='word_1_269' title='bbox 2245 2109 2378 2192; x_wconf 87' lang='lat' dir='ltr'><strong>effugere</strong></span> 
     </span>
     <span class='ocr_line' id='line_1_20' title="bbox 394 2189 2377 2292; baseline 0 -35"><span class='ocrx_word' id='word_1_270' title='bbox 394 2190 720 2292; x_wconf 72' lang='lat' dir='ltr'><strong>rat(Rcm.4,19).</strong></span> <span class='ocrx_word' id='word_1_271' title='bbox 766 2191 866 2274; x_wconf 83' lang='lat' dir='ltr'><strong>Atqui</strong></span> <span class='ocrx_word' id='word_1_272' title='bbox 889 2191 918 2256; x_wconf 94' lang='lat' dir='ltr'><strong>si</strong></span> <span class='ocrx_word' id='word_1_273' title='bbox 946 2211 1046 2274; x_wconf 90' lang='lat' dir='ltr'><strong>prope</strong></span> <span class='ocrx_word' id='word_1_274' title='bbox 1075 2191 1261 2256; x_wconf 90' lang='lat' dir='ltr'><strong>excutimus</strong></span> <span class='ocrx_word' id='word_1_275' title='bbox 1284 2191 1369 2256; x_wconf 82' lang='lat' dir='ltr'><strong>difli-</strong></span> <span class='ocrx_word' id='word_1_276' title='bbox 1422 2191 1584 2274; x_wconf 90' lang='lat' dir='ltr'><strong>volentes,</strong></span> <span class='ocrx_word' id='word_1_277' title='bbox 1615 2189 1656 2255; x_wconf 91' lang='lat' dir='ltr'><strong>ad</strong></span> <span class='ocrx_word' id='word_1_278' title='bbox 1686 2191 1956 2259; x_wconf 87' lang='lat' dir='ltr'><strong>dissimulationis</strong></span> <span class='ocrx_word' id='word_1_279' title='bbox 1985 2193 2114 2279; x_wconf 84' lang='lat' dir='ltr'><strong>asylum</strong></span> <span class='ocrx_word' id='word_1_280' title='bbox 2145 2216 2179 2260; x_wconf 90' lang='lat' dir='ltr'><strong>se</strong></span> <span class='ocrx_word' id='word_1_281' title='bbox 2209 2195 2377 2260; x_wconf 80' lang='lat' dir='ltr'><strong>conferunt.</strong></span> 
     </span>
     <span class='ocr_line' id='line_1_21' title="bbox 394 2274 2379 2362; baseline -0.001 -18"><span class='ocrx_word' id='word_1_282' title='bbox 394 2279 525 2345; x_wconf 79' lang='lat' dir='ltr'><strong>dentiae</strong></span> <span class='ocrx_word' id='word_1_283' title='bbox 556 2277 696 2356; x_wconf 82' lang='lat' dir='ltr'><strong>iontem,</strong></span> <span class='ocrx_word' id='word_1_284' title='bbox 730 2277 930 2360; x_wconf 88' lang='lat' dir='ltr'><strong>reperiemus</strong></span> <span class='ocrx_word' id='word_1_285' title='bbox 962 2275 1034 2341; x_wconf 91' lang='lat' dir='ltr'><strong>ideo</strong></span> <span class='ocrx_word' id='word_1_286' title='bbox 1062 2297 1121 2340; x_wconf 91' lang='lat' dir='ltr'><strong>uos</strong></span> <span class='ocrx_word' id='word_1_287' title='bbox 1153 2274 1302 2341; x_wconf 92' lang='lat' dir='ltr'><strong>dubitare</strong></span> <span class='ocrx_word' id='word_1_288' title='bbox 1329 2278 1369 2341; x_wconf 89' lang='lat' dir='ltr'><strong>de</strong></span> <span class='ocrx_word' id='word_1_289' title='bbox 1420 2277 1512 2341; x_wconf 92' lang='lat' dir='ltr'><strong>Pura</strong></span> <span class='ocrx_word' id='word_1_290' title='bbox 1531 2276 1634 2360; x_wconf 90' lang='lat' dir='ltr'><strong>igitur</strong></span> <span class='ocrx_word' id='word_1_291' title='bbox 1653 2276 1818 2342; x_wconf 85' lang='lat' dir='ltr'><strong>afferenda</strong></span> <span class='ocrx_word' id='word_1_292' title='bbox 1839 2287 1889 2344; x_wconf 90' lang='lat' dir='ltr'><strong>cst</strong></span> <span class='ocrx_word' id='word_1_293' title='bbox 1910 2279 2085 2359; x_wconf 82' lang='lat' dir='ltr'><strong>confessio,</strong></span> <span class='ocrx_word' id='word_1_294' title='bbox 2106 2290 2144 2345; x_wconf 92' lang='lat' dir='ltr'><strong>ut</strong></span> <span class='ocrx_word' id='word_1_295' title='bbox 2164 2289 2278 2362; x_wconf 86' lang='lat' dir='ltr'><strong>aperte</strong></span> <span class='ocrx_word' id='word_1_296' title='bbox 2299 2279 2379 2344; x_wconf 87' lang='lat' dir='ltr'><strong>dam·</strong></span> 
     </span>
     <span class='ocr_line' id='line_1_22' title="bbox 394 2361 2379 2449; baseline 0 -19"><span class='ocrx_word' id='word_1_297' title='bbox 394 2365 465 2430; x_wconf 91' lang='lat' dir='ltr'><strong>eius</strong></span> <span class='ocrx_word' id='word_1_298' title='bbox 495 2365 680 2447; x_wconf 88' lang='lat' dir='ltr'><strong>promissis,</strong></span> <span class='ocrx_word' id='word_1_299' title='bbox 709 2361 848 2446; x_wconf 91' lang='lat' dir='ltr'><strong>quiade</strong></span> <span class='ocrx_word' id='word_1_300' title='bbox 877 2363 948 2427; x_wconf 90' lang='lat' dir='ltr'><strong>eius</strong></span> <span class='ocrx_word' id='word_1_301' title='bbox 976 2362 1120 2445; x_wconf 88' lang='lat' dir='ltr'><strong>potentia</strong></span> <span class='ocrx_word' id='word_1_302' title='bbox 1148 2361 1292 2445; x_wconf 86' lang='lat' dir='ltr'><strong>maligne</strong></span> <span class='ocrx_word' id='word_1_303' title='bbox 1314 2361 1369 2426; x_wconf 91' lang='lat' dir='ltr'><strong>de·</strong></span> <span class='ocrx_word' id='word_1_304' title='bbox 1421 2362 1508 2441; x_wconf 89' lang='lat' dir='ltr'><strong>nati,</strong></span> <span class='ocrx_word' id='word_1_305' title='bbox 1537 2361 1668 2427; x_wconf 90' lang='lat' dir='ltr'><strong>veniam</strong></span> <span class='ocrx_word' id='word_1_306' title='bbox 1696 2364 1917 2447; x_wconf 86' lang='lat' dir='ltr'><strong>impetremus.</strong></span> <span class='ocrx_word' id='word_1_307' title='bbox 1970 2365 2145 2431; x_wconf 84' lang='lat' dir='ltr'><strong>(laetarum</strong></span> <span class='ocrx_word' id='word_1_308' title='bbox 2173 2364 2260 2449; x_wconf 89' lang='lat' dir='ltr'><strong>quod</strong></span> <span class='ocrx_word' id='word_1_309' title='bbox 2287 2367 2379 2432; x_wconf 90' lang='lat' dir='ltr'><strong>amica</strong></span> 
     </span>
     <span class='ocr_line' id='line_1_23' title="bbox 396 2446 2380 2534; baseline 0 -20"><span class='ocrx_word' id='word_1_310' title='bbox 396 2449 571 2516; x_wconf 85' lang='lat' dir='ltr'><strong>trahimus.</strong></span> <span class='ocrx_word' id='word_1_311' title='bbox 615 2450 699 2515; x_wconf 91' lang='lat' dir='ltr'><strong>Nam</strong></span> <span class='ocrx_word' id='word_1_312' title='bbox 722 2447 819 2514; x_wconf 92' lang='lat' dir='ltr'><strong>simul</strong></span> <span class='ocrx_word' id='word_1_313' title='bbox 847 2457 946 2530; x_wconf 88' lang='lat' dir='ltr'><strong>atque</strong></span> <span class='ocrx_word' id='word_1_314' title='bbox 974 2447 1115 2513; x_wconf 88' lang='lat' dir='ltr'><strong>occurrit</strong></span> <span class='ocrx_word' id='word_1_315' title='bbox 1137 2447 1245 2530; x_wconf 91' lang='lat' dir='ltr'><strong>aliqua</strong></span> <span class='ocrx_word' id='word_1_316' title='bbox 1267 2451 1370 2513; x_wconf 92' lang='lat' dir='ltr'><strong>maior</strong></span> <span class='ocrx_word' id='word_1_317' title='bbox 1421 2446 1673 2531; x_wconf 88' lang='lat' dir='ltr'><strong>reprehensione</strong></span> <span class='ocrx_word' id='word_1_318' title='bbox 1701 2457 1875 2515; x_wconf 87' lang='lat' dir='ltr'><strong>contentus</strong></span> <span class='ocrx_word' id='word_1_319' title='bbox 1898 2452 1995 2516; x_wconf 85' lang='lat' dir='ltr'><strong>luerit</strong></span> <span class='ocrx_word' id='word_1_320' title='bbox 2019 2453 2124 2524; x_wconf 87' lang='lat' dir='ltr'><strong>Deus.</strong></span> <span class='ocrx_word' id='word_1_321' title='bbox 2164 2472 2224 2517; x_wconf 91' lang='lat' dir='ltr'><strong>nec</strong></span> <span class='ocrx_word' id='word_1_322' title='bbox 2258 2453 2380 2534; x_wconf 86' lang='lat' dir='ltr'><strong>gravius</strong></span> 
     </span>
     <span class='ocr_line' id='line_1_24' title="bbox 396 2531 2466 2619; baseline -0 -19"><span class='ocrx_word' id='word_1_323' title='bbox 396 2534 586 2612; x_wconf 87' lang='lat' dir='ltr'><strong>difficultas,</strong></span> <span class='ocrx_word' id='word_1_324' title='bbox 608 2535 699 2618; x_wconf 92' lang='lat' dir='ltr'><strong>quasi</strong></span> <span class='ocrx_word' id='word_1_325' title='bbox 723 2532 815 2600; x_wconf 92' lang='lat' dir='ltr'><strong>nobis</strong></span> <span class='ocrx_word' id='word_1_326' title='bbox 836 2532 1020 2599; x_wconf 84' lang='lat' dir='ltr'><strong>fabulosum</strong></span> <span class='ocrx_word' id='word_1_327' title='bbox 1043 2540 1093 2598; x_wconf 92' lang='lat' dir='ltr'><strong>est</strong></span> <span class='ocrx_word' id='word_1_328' title='bbox 1115 2531 1272 2616; x_wconf 90' lang='lat' dir='ltr'><strong>quidquid</strong></span> <span class='ocrx_word' id='word_1_329' title='bbox 1295 2553 1369 2617; x_wconf 93' lang='lat' dir='ltr'><strong>pro·</strong></span> <span class='ocrx_word' id='word_1_330' title='bbox 1421 2533 1512 2598; x_wconf 87' lang='lat' dir='ltr'><strong>ultus</strong></span> <span class='ocrx_word' id='word_1_331' title='bbox 1534 2545 1584 2598; x_wconf 90' lang='lat' dir='ltr'><strong>cst</strong></span> <span class='ocrx_word' id='word_1_332' title='bbox 1602 2532 1726 2618; x_wconf 85' lang='lat' dir='ltr'><strong>duplex</strong></span> <span class='ocrx_word' id='word_1_333' title='bbox 1747 2533 1851 2600; x_wconf 86' lang='lat' dir='ltr'><strong>Sarae</strong></span> <span class='ocrx_word' id='word_1_334' title='bbox 1872 2548 2056 2619; x_wconf 84' lang='lat' dir='ltr'><strong>peccatum,</strong></span> <span class='ocrx_word' id='word_1_335' title='bbox 2080 2536 2156 2603; x_wconf 93' lang='lat' dir='ltr'><strong>hinc</strong></span> <span class='ocrx_word' id='word_1_336' title='bbox 2178 2537 2380 2619; x_wconf 83' lang='lat' dir='ltr'><strong>perspicimus</strong></span> <span class='ocrx_word' id='word_1_337' title='bbox 2465 2575 2466 2580; x_wconf 23' lang='grc' dir='ltr'><strong>κ</strong></span> 
     </span>
     <span class='ocr_line' id='line_1_25' title="bbox 396 2619 2380 2707; baseline 0 -21"><span class='ocrx_word' id='word_1_338' title='bbox 396 2621 484 2686; x_wconf 90' lang='lat' dir='ltr'><strong>misit</strong></span> <span class='ocrx_word' id='word_1_339' title='bbox 496 2622 596 2700; x_wconf 91' lang='lat' dir='ltr'><strong>Dens,</strong></span> <span class='ocrx_word' id='word_1_340' title='bbox 619 2623 685 2685; x_wconf 90' lang='lat' dir='ltr'><strong>imo</strong></span> <span class='ocrx_word' id='word_1_341' title='bbox 707 2620 804 2684; x_wconf 91' lang='lat' dir='ltr'><strong>simul</strong></span> <span class='ocrx_word' id='word_1_342' title='bbox 828 2619 894 2684; x_wconf 92' lang='lat' dir='ltr'><strong>aol</strong></span> <span class='ocrx_word' id='word_1_343' title='bbox 935 2619 1033 2696; x_wconf 90' lang='lat' dir='ltr'><strong>uitur,</strong></span> <span class='ocrx_word' id='word_1_344' title='bbox 1055 2639 1211 2703; x_wconf 88' lang='lat' dir='ltr'><strong>perversa</strong></span> <span class='ocrx_word' id='word_1_345' title='bbox 1233 2619 1294 2684; x_wconf 87' lang='lat' dir='ltr'><strong>ista</strong></span> <span class='ocrx_word' id='word_1_346' title='bbox 1316 2639 1369 2685; x_wconf 90' lang='lat' dir='ltr'><strong>oo·</strong></span> <span class='ocrx_word' id='word_1_347' title='bbox 1422 2628 1460 2682; x_wconf 91' lang='lat' dir='ltr'><strong>ut</strong></span> <span class='ocrx_word' id='word_1_348' title='bbox 1480 2619 1614 2685; x_wconf 89' lang='lat' dir='ltr'><strong>comiter</strong></span> <span class='ocrx_word' id='word_1_349' title='bbox 1633 2619 1800 2685; x_wconf 90' lang='lat' dir='ltr'><strong>interdum</strong></span> <span class='ocrx_word' id='word_1_350' title='bbox 1822 2620 1890 2688; x_wconf 90' lang='lat' dir='ltr'><strong>suis</strong></span> <span class='ocrx_word' id='word_1_351' title='bbox 1911 2621 2091 2707; x_wconf 82' lang='lat' dir='ltr'><strong>indulgeat</strong></span> <span class='ocrx_word' id='word_1_352' title='bbox 2127 2622 2283 2689; x_wconf 82' lang='lat' dir='ltr'><strong>Severius</strong></span> <span class='ocrx_word' id='word_1_353' title='bbox 2305 2633 2380 2686; x_wconf 89' lang='lat' dir='ltr'><strong>trao-</strong></span> 
     </span>
     <span class='ocr_line' id='line_1_26' title="bbox 395 2639 2382 2792; baseline -0.002 -20"><span class='ocrx_word' id='word_1_354' title='bbox 395 2709 510 2792; x_wconf 90' lang='lat' dir='ltr'><strong>gitatio</strong></span> <span class='ocrx_word' id='word_1_355' title='bbox 534 2727 570 2772; x_wconf 90' lang='lat' dir='ltr'><strong>se</strong></span> <span class='ocrx_word' id='word_1_356' title='bbox 601 2706 763 2771; x_wconf 84' lang='lat' dir='ltr'><strong>insinuat:</strong></span> <span class='ocrx_word' id='word_1_357' title='bbox 784 2639 956 2786; x_wconf 65' lang='lat' dir='ltr'><strong>Quomhio</strong></span> <span class='ocrx_word' id='word_1_358' title='bbox 981 2707 1040 2770; x_wconf 88' lang='lat' dir='ltr'><strong>fiet</strong></span> <span class='ocrx_word' id='word_1_359' title='bbox 1067 2703 1152 2788; x_wconf 91' lang='lat' dir='ltr'><strong>quod</strong></span> <span class='ocrx_word' id='word_1_360' title='bbox 1184 2703 1368 2789; x_wconf 89' lang='lat' dir='ltr'><strong>promittit?</strong></span> <span class='ocrx_word' id='word_1_361' title='bbox 1421 2715 1510 2770; x_wconf 89' lang='lat' dir='ltr'><strong>tatus</strong></span> <span class='ocrx_word' id='word_1_362' title='bbox 1531 2704 1781 2772; x_wconf 79' lang='lat' dir='ltr'><strong>fuitZacharias</strong></span> <span class='ocrx_word' id='word_1_363' title='bbox 1804 2708 1859 2789; x_wconf 91' lang='lat' dir='ltr'><strong>qni</strong></span> <span class='ocrx_word' id='word_1_364' title='bbox 1880 2707 1920 2773; x_wconf 88' lang='lat' dir='ltr'><strong>ad</strong></span> <span class='ocrx_word' id='word_1_365' title='bbox 1944 2729 2062 2774; x_wconf 90' lang='lat' dir='ltr'><strong>novem</strong></span> <span class='ocrx_word' id='word_1_366' title='bbox 2082 2729 2210 2774; x_wconf 91' lang='lat' dir='ltr'><strong>menses</strong></span> <span class='ocrx_word' id='word_1_367' title='bbox 2231 2707 2382 2774; x_wconf 89' lang='lat' dir='ltr'><strong>obmutuit</strong></span> 
     </span>
     <span class='ocr_line' id='line_1_27' title="bbox 395 2787 2466 2880; baseline -0.002 -20"><span class='ocrx_word' id='word_1_368' title='bbox 395 2792 530 2860; x_wconf 74' lang='lat' dir='ltr'><strong>&#39;Palibus</strong></span> <span class='ocrx_word' id='word_1_369' title='bbox 550 2791 710 2875; x_wconf 90' lang='lat' dir='ltr'><strong>angustiis</strong></span> <span class='ocrx_word' id='word_1_370' title='bbox 731 2791 895 2858; x_wconf 88' lang='lat' dir='ltr'><strong>constricti</strong></span> <span class='ocrx_word' id='word_1_371' title='bbox 915 2798 949 2856; x_wconf 91' lang='lat' dir='ltr'><strong>et</strong></span> <span class='ocrx_word' id='word_1_372' title='bbox 974 2790 1138 2873; x_wconf 89' lang='lat' dir='ltr'><strong>occupati,</strong></span> <span class='ocrx_word' id='word_1_373' title='bbox 1165 2790 1369 2856; x_wconf 89' lang='lat' dir='ltr'><strong>excludimus</strong></span> <span class='ocrx_word' id='word_1_374' title='bbox 1421 2787 1517 2876; x_wconf 83' lang='lat' dir='ltr'><strong>(Luc.</strong></span> <span class='ocrx_word' id='word_1_375' title='bbox 1542 2791 1571 2874; x_wconf 90' lang='lat'><strong>1,</strong></span> <span class='ocrx_word' id='word_1_376' title='bbox 1594 2789 1637 2877; x_wconf 81' lang='lat'><strong>9).</strong></span> <span class='ocrx_word' id='word_1_377' title='bbox 1682 2790 1749 2857; x_wconf 84' lang='lat' dir='ltr'><strong>Sed</strong></span> <span class='ocrx_word' id='word_1_378' title='bbox 1771 2803 1921 2858; x_wconf 92' lang='lat' dir='ltr'><strong>nostrum</strong></span> <span class='ocrx_word' id='word_1_379' title='bbox 1953 2815 2017 2858; x_wconf 92' lang='lat' dir='ltr'><strong>non</strong></span> <span class='ocrx_word' id='word_1_380' title='bbox 2039 2806 2088 2860; x_wconf 90' lang='lat' dir='ltr'><strong>est</strong></span> <span class='ocrx_word' id='word_1_381' title='bbox 2110 2804 2299 2877; x_wconf 87' lang='lat' dir='ltr'><strong>perpetuam</strong></span> <span class='ocrx_word' id='word_1_382' title='bbox 2318 2793 2380 2857; x_wconf 89' lang='lat' dir='ltr'><strong>Deo</strong></span> <span class='ocrx_word' id='word_1_383' title='bbox 2465 2803 2466 2880; x_wconf 65' lang='lat'><em>}</em></span> 
     </span>
     <span class='ocr_line' id='line_1_28' title="bbox 395 2875 2380 2964; baseline -0.001 -21"><span class='ocrx_word' id='word_1_384' title='bbox 395 2881 465 2944; x_wconf 90' lang='lat' dir='ltr'><strong>eius</strong></span> <span class='ocrx_word' id='word_1_385' title='bbox 486 2880 677 2961; x_wconf 85' lang='lat' dir='ltr'><strong>potentiam,</strong></span> <span class='ocrx_word' id='word_1_386' title='bbox 700 2878 793 2943; x_wconf 92' lang='lat' dir='ltr'><strong>cuius</strong></span> <span class='ocrx_word' id='word_1_387' title='bbox 816 2877 933 2942; x_wconf 85' lang='lat' dir='ltr'><strong>notitia</strong></span> <span class='ocrx_word' id='word_1_388' title='bbox 953 2875 1043 2941; x_wconf 91' lang='lat' dir='ltr'><strong>milla</strong></span> <span class='ocrx_word' id='word_1_389' title='bbox 1065 2875 1204 2941; x_wconf 90' lang='lat' dir='ltr'><strong>mundos</strong></span> <span class='ocrx_word' id='word_1_390' title='bbox 1227 2885 1367 2959; x_wconf 90' lang='lat' dir='ltr'><strong>superat.</strong></span> <span class='ocrx_word' id='word_1_391' title='bbox 1421 2876 1528 2960; x_wconf 89' lang='lat' dir='ltr'><strong>legem</strong></span> <span class='ocrx_word' id='word_1_392' title='bbox 1547 2877 1776 2960; x_wconf 88' lang='lat' dir='ltr'><strong>praescribere,</strong></span> <span class='ocrx_word' id='word_1_393' title='bbox 1799 2879 1854 2961; x_wconf 91' lang='lat' dir='ltr'><strong>qui</strong></span> <span class='ocrx_word' id='word_1_394' title='bbox 1865 2879 1959 2944; x_wconf 89' lang='lat' dir='ltr'><strong>sicuti</strong></span> <span class='ocrx_word' id='word_1_395' title='bbox 1979 2881 2092 2964; x_wconf 90' lang='lat' dir='ltr'><strong>poenis</strong></span> <span class='ocrx_word' id='word_1_396' title='bbox 2104 2899 2180 2944; x_wconf 91' lang='lat' dir='ltr'><strong>suos</strong></span> <span class='ocrx_word' id='word_1_397' title='bbox 2202 2879 2243 2944; x_wconf 91' lang='lat' dir='ltr'><strong>ad</strong></span> <span class='ocrx_word' id='word_1_398' title='bbox 2261 2879 2380 2960; x_wconf 88' lang='lat' dir='ltr'><strong>resipis·</strong></span> 
     </span>
     <span class='ocr_line' id='line_1_29' title="bbox 394 2960 2380 3048; baseline -0.001 -18"><span class='ocrx_word' id='word_1_399' title='bbox 394 2964 437 3029; x_wconf 92' lang='lat' dir='ltr'><strong>In</strong></span> <span class='ocrx_word' id='word_1_400' title='bbox 459 2984 597 3038; x_wconf 86' lang='lat' dir='ltr'><strong>summa,</strong></span> <span class='ocrx_word' id='word_1_401' title='bbox 619 2961 848 3048; x_wconf 84' lang='lat' dir='ltr'><strong>gravissimam</strong></span> <span class='ocrx_word' id='word_1_402' title='bbox 872 2963 943 3028; x_wconf 91' lang='lat' dir='ltr'><strong>Deo</strong></span> <span class='ocrx_word' id='word_1_403' title='bbox 964 2961 1116 3046; x_wconf 90' lang='lat' dir='ltr'><strong>iniuriam</strong></span> <span class='ocrx_word' id='word_1_404' title='bbox 1136 2960 1214 3027; x_wconf 83' lang='lat' dir='ltr'><strong>facit</strong></span> <span class='ocrx_word' id='word_1_405' title='bbox 1231 2963 1284 3043; x_wconf 90' lang='lat' dir='ltr'><strong>qui</strong></span> <span class='ocrx_word' id='word_1_406' title='bbox 1304 2984 1369 3027; x_wconf 92' lang='lat' dir='ltr'><strong>non</strong></span> <span class='ocrx_word' id='word_1_407' title='bbox 1421 2963 1561 3030; x_wconf 88' lang='lat' dir='ltr'><strong>centiam</strong></span> <span class='ocrx_word' id='word_1_408' title='bbox 1591 2962 1738 3041; x_wconf 85' lang='lat' dir='ltr'><strong>adducit,</strong></span> <span class='ocrx_word' id='word_1_409' title='bbox 1770 2964 1817 3028; x_wconf 91' lang='lat' dir='ltr'><strong>ita</strong></span> <span class='ocrx_word' id='word_1_410' title='bbox 1838 2967 1965 3047; x_wconf 91' lang='lat' dir='ltr'><strong>quoties</strong></span> <span class='ocrx_word' id='word_1_411' title='bbox 1987 2966 2094 3030; x_wconf 86' lang='lat' dir='ltr'><strong>visum</strong></span> <span class='ocrx_word' id='word_1_412' title='bbox 2117 2976 2183 3036; x_wconf 82' lang='lat' dir='ltr'><strong>est,</strong></span> <span class='ocrx_word' id='word_1_413' title='bbox 2213 2964 2294 3029; x_wconf 92' lang='lat' dir='ltr'><strong>nihil</strong></span> <span class='ocrx_word' id='word_1_414' title='bbox 2315 2983 2380 3046; x_wconf 79' lang='lat' dir='ltr'><strong>poe</strong></span> 
     </span>
     <span class='ocr_line' id='line_1_30' title="bbox 396 3046 2380 3134; baseline -0.002 -20"><span class='ocrx_word' id='word_1_415' title='bbox 396 3050 470 3134; x_wconf 88' lang='lat' dir='ltr'><strong>plus</strong></span> <span class='ocrx_word' id='word_1_416' title='bbox 492 3048 532 3113; x_wconf 93' lang='lat' dir='ltr'><strong>ab</strong></span> <span class='ocrx_word' id='word_1_417' title='bbox 555 3070 592 3114; x_wconf 92' lang='lat' dir='ltr'><strong>ec</strong></span> <span class='ocrx_word' id='word_1_418' title='bbox 614 3059 726 3132; x_wconf 89' lang='lat' dir='ltr'><strong>sperat</strong></span> <span class='ocrx_word' id='word_1_419' title='bbox 746 3068 843 3131; x_wconf 90' lang='lat' dir='ltr'><strong>quam</strong></span> <span class='ocrx_word' id='word_1_420' title='bbox 866 3068 982 3114; x_wconf 91' lang='lat' dir='ltr'><strong>sensus</strong></span> <span class='ocrx_word' id='word_1_421' title='bbox 1000 3048 1050 3113; x_wconf 91' lang='lat' dir='ltr'><strong>sui</strong></span> <span class='ocrx_word' id='word_1_422' title='bbox 1073 3046 1203 3112; x_wconf 92' lang='lat' dir='ltr'><strong>modulo</strong></span> <span class='ocrx_word' id='word_1_423' title='bbox 1224 3067 1368 3130; x_wconf 90' lang='lat' dir='ltr'><strong>compre-</strong></span> <span class='ocrx_word' id='word_1_424' title='bbox 1423 3048 1711 3133; x_wconf 85' lang='lat' dir='ltr'><strong>naruminlligens,</strong></span> <span class='ocrx_word' id='word_1_425' title='bbox 1734 3068 1789 3112; x_wconf 91' lang='lat' dir='ltr'><strong>eos</strong></span> <span class='ocrx_word' id='word_1_426' title='bbox 1806 3050 1887 3115; x_wconf 87' lang='lat' dir='ltr'><strong>satis</strong></span> <span class='ocrx_word' id='word_1_427' title='bbox 1911 3051 2070 3116; x_wconf 91' lang='lat' dir='ltr'><strong>humiliat.</strong></span> <span class='ocrx_word' id='word_1_428' title='bbox 2104 3049 2243 3116; x_wconf 75' lang='lat' dir='ltr'><strong>Inflare</strong></span> <span class='ocrx_word' id='word_1_429' title='bbox 2259 3049 2380 3132; x_wconf 89' lang='lat' dir='ltr'><strong>quidem</strong></span> 
     </span>
    </p>
   </div>
   <div class='ocr_carea' id='block_1_3' title="bbox 295 3132 2378 3220">
    <p class='ocr_par' dir='ltr' id='par_1_4' title="bbox 295 3132 2378 3220">
     <span class='ocr_line' id='line_1_31' title="bbox 295 3132 2378 3220; baseline 0 -24"><span class='ocrx_word' id='word_1_430' title='bbox 295 3185 299 3196; x_wconf 96' lang='lat'><strong>.</strong></span> <span class='ocrx_word' id='word_1_431' title='bbox 397 3135 541 3201; x_wconf 91' lang='lat' dir='ltr'><strong>hendere</strong></span> <span class='ocrx_word' id='word_1_432' title='bbox 574 3145 690 3217; x_wconf 89' lang='lat' dir='ltr'><strong>potest.</strong></span> <span class='ocrx_word' id='word_1_433' title='bbox 745 3133 878 3199; x_wconf 87' lang='lat' dir='ltr'><strong>Interea</strong></span> <span class='ocrx_word' id='word_1_434' title='bbox 916 3134 1068 3217; x_wconf 86' lang='lat' dir='ltr'><strong>coniungi</strong></span> <span class='ocrx_word' id='word_1_435' title='bbox 1106 3132 1201 3198; x_wconf 91' lang='lat' dir='ltr'><strong>debet</strong></span> <span class='ocrx_word' id='word_1_436' title='bbox 1233 3135 1368 3198; x_wconf 85' lang='lat' dir='ltr'><strong>verbum</strong></span> <span class='ocrx_word' id='word_1_437' title='bbox 1422 3133 1590 3220; x_wconf 87' lang='lat' dir='ltr'><strong>singulare</strong></span> <span class='ocrx_word' id='word_1_438' title='bbox 1618 3133 1857 3200; x_wconf 85' lang='lat' dir='ltr'><strong>misericordiae</strong></span> <span class='ocrx_word' id='word_1_439' title='bbox 1885 3139 2048 3218; x_wconf 89' lang='lat' dir='ltr'><strong>specimen</strong></span> <span class='ocrx_word' id='word_1_440' title='bbox 2077 3134 2194 3213; x_wconf 89' lang='lat' dir='ltr'><strong>edidit,</strong></span> <span class='ocrx_word' id='word_1_441' title='bbox 2228 3135 2309 3219; x_wconf 90' lang='lat' dir='ltr'><strong>quod</strong></span> <span class='ocrx_word' id='word_1_442' title='bbox 2336 3133 2378 3198; x_wconf 93' lang='lat' dir='ltr'><strong>illi</strong></span> 
     </span>
    </p>
   </div>
   <div class='ocr_carea' id='block_1_4' title="bbox 394 3219 2465 5275">
    <p class='ocr_par' dir='ltr' id='par_1_5' title="bbox 394 3219 2465 5275">
     <span class='ocr_line' id='line_1_32' title="bbox 395 3219 2380 3305; baseline -0.002 -18"><span class='ocrx_word' id='word_1_443' title='bbox 395 3222 531 3287; x_wconf 92' lang='lat' dir='ltr'><strong>Domini</strong></span> <span class='ocrx_word' id='word_1_444' title='bbox 553 3241 627 3286; x_wconf 91' lang='lat' dir='ltr'><strong>cum</strong></span> <span class='ocrx_word' id='word_1_445' title='bbox 651 3221 810 3302; x_wconf 88' lang='lat' dir='ltr'><strong>potentia:</strong></span> <span class='ocrx_word' id='word_1_446' title='bbox 841 3219 922 3283; x_wconf 92' lang='lat' dir='ltr'><strong>nihil</strong></span> <span class='ocrx_word' id='word_1_447' title='bbox 945 3219 1032 3284; x_wconf 91' lang='lat' dir='ltr'><strong>enim</strong></span> <span class='ocrx_word' id='word_1_448' title='bbox 1056 3221 1162 3305; x_wconf 87' lang='lat' dir='ltr'><strong>magis</strong></span> <span class='ocrx_word' id='word_1_449' title='bbox 1186 3233 1369 3302; x_wconf 88' lang='lat' dir='ltr'><strong>praeposte—</strong></span> <span class='ocrx_word' id='word_1_450' title='bbox 1423 3221 1532 3284; x_wconf 88' lang='lat' dir='ltr'><strong>omnia</strong></span> <span class='ocrx_word' id='word_1_451' title='bbox 1550 3219 1749 3294; x_wconf 82' lang='lat' dir='ltr'><strong>condonans.</strong></span> <span class='ocrx_word' id='word_1_452' title='bbox 1779 3241 1912 3286; x_wconf 90' lang='lat' dir='ltr'><strong>manere</strong></span> <span class='ocrx_word' id='word_1_453' title='bbox 1934 3222 2145 3287; x_wconf 88' lang='lat' dir='ltr'><strong>nihilominus</strong></span> <span class='ocrx_word' id='word_1_454' title='bbox 2167 3222 2269 3286; x_wconf 87' lang='lat' dir='ltr'><strong>voluit</strong></span> <span class='ocrx_word' id='word_1_455' title='bbox 2288 3220 2380 3286; x_wconf 88' lang='lat' dir='ltr'><strong>eoele-</strong></span> 
     </span>
     <span class='ocr_line' id='line_1_33' title="bbox 396 3303 2380 3390; baseline -0.002 -18"><span class='ocrx_word' id='word_1_456' title='bbox 396 3328 470 3373; x_wconf 93' lang='lat' dir='ltr'><strong>rum</strong></span> <span class='ocrx_word' id='word_1_457' title='bbox 499 3326 596 3389; x_wconf 89' lang='lat' dir='ltr'><strong>quam</strong></span> <span class='ocrx_word' id='word_1_458' title='bbox 625 3306 790 3389; x_wconf 86' lang='lat' dir='ltr'><strong>inquirere</strong></span> <span class='ocrx_word' id='word_1_459' title='bbox 819 3304 897 3387; x_wconf 89' lang='lat' dir='ltr'><strong>quid</strong></span> <span class='ocrx_word' id='word_1_460' title='bbox 925 3306 1027 3388; x_wconf 91' lang='lat' dir='ltr'><strong>possit</strong></span> <span class='ocrx_word' id='word_1_461' title='bbox 1048 3305 1155 3380; x_wconf 88' lang='lat' dir='ltr'><strong>Deus,</strong></span> <span class='ocrx_word' id='word_1_462' title='bbox 1186 3303 1371 3386; x_wconf 88' lang='lat' dir='ltr'><strong>posthabita</strong></span> <span class='ocrx_word' id='word_1_463' title='bbox 1423 3305 1489 3370; x_wconf 90' lang='lat' dir='ltr'><strong>siae</strong></span> <span class='ocrx_word' id='word_1_464' title='bbox 1512 3318 1659 3370; x_wconf 90' lang='lat' dir='ltr'><strong>matrem.</strong></span> <span class='ocrx_word' id='word_1_465' title='bbox 1702 3305 1835 3371; x_wconf 84' lang='lat' dir='ltr'><strong>Interea</strong></span> <span class='ocrx_word' id='word_1_466' title='bbox 1857 3309 2036 3373; x_wconf 89' lang='lat' dir='ltr'><strong>notandum</strong></span> <span class='ocrx_word' id='word_1_467' title='bbox 2067 3317 2117 3373; x_wconf 91' lang='lat' dir='ltr'><strong>est</strong></span> <span class='ocrx_word' id='word_1_468' title='bbox 2144 3318 2267 3390; x_wconf 89' lang='lat' dir='ltr'><strong>quanto</strong></span> <span class='ocrx_word' id='word_1_469' title='bbox 2296 3305 2380 3370; x_wconf 90' lang='lat' dir='ltr'><strong>nobis</strong></span> 
     </span>
     <span class='ocr_line' id='line_1_34' title="bbox 396 3389 2380 3478; baseline -0.003 -20"><span class='ocrx_word' id='word_1_470' title='bbox 396 3395 467 3458; x_wconf 90' lang='lat' dir='ltr'><strong>eins</strong></span> <span class='ocrx_word' id='word_1_471' title='bbox 492 3391 669 3457; x_wconf 88' lang='lat' dir='ltr'><strong>voluntate.</strong></span> <span class='ocrx_word' id='word_1_472' title='bbox 713 3390 766 3455; x_wconf 91' lang='lat' dir='ltr'><strong>Ita</strong></span> <span class='ocrx_word' id='word_1_473' title='bbox 785 3411 820 3456; x_wconf 90' lang='lat' dir='ltr'><strong>se</strong></span> <span class='ocrx_word' id='word_1_474' title='bbox 849 3392 883 3456; x_wconf 94' lang='lat' dir='ltr'><strong>in</strong></span> <span class='ocrx_word' id='word_1_475' title='bbox 913 3390 1112 3474; x_wconf 84' lang='lat' dir='ltr'><strong>profundum</strong></span> <span class='ocrx_word' id='word_1_476' title='bbox 1141 3389 1368 3474; x_wconf 84' lang='lat' dir='ltr'><strong>labyrinthum</strong></span> <span class='ocrx_word' id='word_1_477' title='bbox 1423 3391 1527 3456; x_wconf 90' lang='lat' dir='ltr'><strong>satius</strong></span> <span class='ocrx_word' id='word_1_478' title='bbox 1549 3393 1593 3456; x_wconf 91' lang='lat' dir='ltr'><strong>sit</strong></span> <span class='ocrx_word' id='word_1_479' title='bbox 1615 3411 1673 3456; x_wconf 91' lang='lat' dir='ltr'><strong>nos</strong></span> <span class='ocrx_word' id='word_1_480' title='bbox 1696 3412 1804 3459; x_wconf 90' lang='lat' dir='ltr'><strong>coram</strong></span> <span class='ocrx_word' id='word_1_481' title='bbox 1827 3395 1899 3475; x_wconf 90' lang='lat' dir='ltr'><strong>ipso</strong></span> <span class='ocrx_word' id='word_1_482' title='bbox 1920 3414 1993 3459; x_wconf 91' lang='lat' dir='ltr'><strong>reos</strong></span> <span class='ocrx_word' id='word_1_483' title='bbox 2012 3393 2139 3478; x_wconf 88' lang='lat' dir='ltr'><strong>peragi,</strong></span> <span class='ocrx_word' id='word_1_484' title='bbox 2174 3402 2208 3458; x_wconf 94' lang='lat' dir='ltr'><strong>et</strong></span> <span class='ocrx_word' id='word_1_485' title='bbox 2228 3393 2380 3458; x_wconf 87' lang='lat' dir='ltr'><strong>convictos</strong></span> 
     </span>
     <span class='ocr_line' id='line_1_35' title="bbox 396 3474 2379 3562; baseline -0.001 -20"><span class='ocrx_word' id='word_1_486' title='bbox 396 3478 592 3561; x_wconf 89' lang='lat' dir='ltr'><strong>demergunt</strong></span> <span class='ocrx_word' id='word_1_487' title='bbox 623 3478 788 3560; x_wconf 87' lang='lat' dir='ltr'><strong>papistae,</strong></span> <span class='ocrx_word' id='word_1_488' title='bbox 819 3497 919 3559; x_wconf 87' lang='lat' dir='ltr'><strong>quum</strong></span> <span class='ocrx_word' id='word_1_489' title='bbox 955 3474 1125 3558; x_wconf 89' lang='lat' dir='ltr'><strong>disputant</strong></span> <span class='ocrx_word' id='word_1_490' title='bbox 1154 3474 1194 3540; x_wconf 93' lang='lat' dir='ltr'><strong>de</strong></span> <span class='ocrx_word' id='word_1_491' title='bbox 1223 3475 1371 3541; x_wconf 86' lang='lat' dir='ltr'><strong>absoluta</strong></span> <span class='ocrx_word' id='word_1_492' title='bbox 1422 3477 1527 3553; x_wconf 90' lang='lat' dir='ltr'><strong>silere,</strong></span> <span class='ocrx_word' id='word_1_493' title='bbox 1551 3497 1648 3559; x_wconf 89' lang='lat' dir='ltr'><strong>quam</strong></span> <span class='ocrx_word' id='word_1_494' title='bbox 1672 3478 1764 3542; x_wconf 90' lang='lat' dir='ltr'><strong>nobis</strong></span> <span class='ocrx_word' id='word_1_495' title='bbox 1782 3479 1910 3544; x_wconf 90' lang='lat' dir='ltr'><strong>delitias</strong></span> <span class='ocrx_word' id='word_1_496' title='bbox 1932 3481 2036 3544; x_wconf 85' lang='lat' dir='ltr'><strong>lacere</strong></span> <span class='ocrx_word' id='word_1_497' title='bbox 2055 3482 2089 3543; x_wconf 90' lang='lat' dir='ltr'><strong>in</strong></span> <span class='ocrx_word' id='word_1_498' title='bbox 2109 3481 2256 3562; x_wconf 87' lang='lat' dir='ltr'><strong>peccatis,</strong></span> <span class='ocrx_word' id='word_1_499' title='bbox 2277 3497 2379 3561; x_wconf 91' lang='lat' dir='ltr'><strong>quem·</strong></span> 
     </span>
     <span class='ocr_line' id='line_1_36' title="bbox 396 3559 2049 3647; baseline 0.001 -18"><span class='ocrx_word' id='word_1_500' title='bbox 396 3565 460 3629; x_wconf 91' lang='lat' dir='ltr'><strong>Dei</strong></span> <span class='ocrx_word' id='word_1_501' title='bbox 489 3563 645 3647; x_wconf 85' lang='lat' dir='ltr'><strong>potentia.</strong></span> <span class='ocrx_word' id='word_1_502' title='bbox 690 3563 780 3645; x_wconf 76' lang='lat' dir='ltr'><strong>Ergo</strong></span> <span class='ocrx_word' id='word_1_503' title='bbox 808 3563 873 3627; x_wconf 92' lang='lat' dir='ltr'><strong>nisi</strong></span> <span class='ocrx_word' id='word_1_504' title='bbox 900 3561 1043 3627; x_wconf 90' lang='lat' dir='ltr'><strong>velimus</strong></span> <span class='ocrx_word' id='word_1_505' title='bbox 1071 3559 1220 3626; x_wconf 90' lang='lat' dir='ltr'><strong>absurdis</strong></span> <span class='ocrx_word' id='word_1_506' title='bbox 1248 3560 1370 3627; x_wconf 89' lang='lat' dir='ltr'><strong>deliriis</strong></span> <span class='ocrx_word' id='word_1_507' title='bbox 1422 3561 1596 3627; x_wconf 91' lang='lat' dir='ltr'><strong>admodum</strong></span> <span class='ocrx_word' id='word_1_508' title='bbox 1621 3563 1703 3629; x_wconf 91' lang='lat' dir='ltr'><strong>bons</strong></span> <span class='ocrx_word' id='word_1_509' title='bbox 1724 3585 1800 3646; x_wconf 90' lang='lat' dir='ltr'><strong>pars</strong></span> <span class='ocrx_word' id='word_1_510' title='bbox 1823 3563 1937 3630; x_wconf 89' lang='lat' dir='ltr'><strong>mundi</strong></span> <span class='ocrx_word' id='word_1_511' title='bbox 1959 3565 2049 3630; x_wconf 91' lang='lat' dir='ltr'><strong>solet.</strong></span> 
     </span>
     <span class='ocr_line' id='line_1_37' title="bbox 395 3645 2380 3734; baseline -0.003 -19"><span class='ocrx_word' id='word_1_512' title='bbox 395 3649 566 3734; x_wconf 88' lang='lat' dir='ltr'><strong>implicari,</strong></span> <span class='ocrx_word' id='word_1_513' title='bbox 589 3648 761 3732; x_wconf 90' lang='lat' dir='ltr'><strong>praecedat</strong></span> <span class='ocrx_word' id='word_1_514' title='bbox 778 3649 916 3713; x_wconf 91' lang='lat' dir='ltr'><strong>verbnm</strong></span> <span class='ocrx_word' id='word_1_515' title='bbox 932 3650 1040 3712; x_wconf 89' lang='lat' dir='ltr'><strong>instar</strong></span> <span class='ocrx_word' id='word_1_516' title='bbox 1056 3645 1215 3730; x_wconf 87' lang='lat' dir='ltr'><strong>lampadis</strong></span> <span class='ocrx_word' id='word_1_517' title='bbox 1232 3656 1368 3730; x_wconf 90' lang='lat' dir='ltr'><strong>oportet,</strong></span> <span class='ocrx_word' id='word_1_518' title='bbox 1513 3648 1562 3713; x_wconf 87' lang='grc'><strong>16.</strong></span> <span class='ocrx_word' id='word_1_519' title='bbox 1585 3647 1629 3713; x_wconf 78' lang='lat' dir='ltr'><strong>El</strong></span> <span class='ocrx_word' id='word_1_520' title='bbox 1650 3651 1926 3715; x_wconf 69' lang='lat' dir='ltr'><strong>canameluiri</strong></span> <span class='ocrx_word' id='word_1_521' title='bbox 1938 3651 1996 3716; x_wconf 76' lang='lat' dir='ltr'><strong>iat.</strong></span> <span class='ocrx_word' id='word_1_522' title='bbox 2030 3650 2130 3715; x_wconf 84' lang='lat' dir='ltr'><strong>Viros</strong></span> <span class='ocrx_word' id='word_1_523' title='bbox 2152 3663 2262 3716; x_wconf 91' lang='lat' dir='ltr'><strong>autem</strong></span> <span class='ocrx_word' id='word_1_524' title='bbox 2279 3647 2380 3732; x_wconf 90' lang='lat' dir='ltr'><strong>appel-</strong></span> 
     </span>
     <span class='ocr_line' id='line_1_38' title="bbox 394 3732 2378 3819; baseline -0.002 -19"><span class='ocrx_word' id='word_1_525' title='bbox 394 3749 432 3801; x_wconf 91' lang='lat' dir='ltr'><strong>ut</strong></span> <span class='ocrx_word' id='word_1_526' title='bbox 452 3734 622 3799; x_wconf 87' lang='lat' dir='ltr'><strong>individuo</strong></span> <span class='ocrx_word' id='word_1_527' title='bbox 645 3734 733 3799; x_wconf 89' lang='lat' dir='ltr'><strong>iuter</strong></span> <span class='ocrx_word' id='word_1_528' title='bbox 754 3755 790 3798; x_wconf 92' lang='lat' dir='ltr'><strong>se</strong></span> <span class='ocrx_word' id='word_1_529' title='bbox 819 3754 906 3799; x_wconf 89' lang='lat' dir='ltr'><strong>nexu</strong></span> <span class='ocrx_word' id='word_1_530' title='bbox 935 3733 1131 3798; x_wconf 88' lang='lat' dir='ltr'><strong>cohaereant</strong></span> <span class='ocrx_word' id='word_1_531' title='bbox 1160 3733 1231 3798; x_wconf 92' lang='lat' dir='ltr'><strong>eius</strong></span> <span class='ocrx_word' id='word_1_532' title='bbox 1260 3744 1370 3815; x_wconf 90' lang='lat' dir='ltr'><strong>poten·</strong></span> <span class='ocrx_word' id='word_1_533' title='bbox 1422 3734 1471 3798; x_wconf 90' lang='lat' dir='ltr'><strong>lat</strong></span> <span class='ocrx_word' id='word_1_534' title='bbox 1492 3734 1615 3812; x_wconf 85' lang='lat' dir='ltr'><strong>Moses,</strong></span> <span class='ocrx_word' id='word_1_535' title='bbox 1637 3756 1720 3818; x_wconf 90' lang='lat' dir='ltr'><strong>quos</strong></span> <span class='ocrx_word' id='word_1_536' title='bbox 1742 3745 1854 3818; x_wconf 88' lang='lat' dir='ltr'><strong>aperte</strong></span> <span class='ocrx_word' id='word_1_537' title='bbox 1882 3746 2020 3802; x_wconf 90' lang='lat' dir='ltr'><strong>testatus</strong></span> <span class='ocrx_word' id='word_1_538' title='bbox 2043 3747 2093 3800; x_wconf 89' lang='lat' dir='ltr'><strong>cst</strong></span> <span class='ocrx_word' id='word_1_539' title='bbox 2119 3735 2221 3801; x_wconf 85' lang='lat' dir='ltr'><strong>fuisse</strong></span> <span class='ocrx_word' id='word_1_540' title='bbox 2248 3732 2378 3819; x_wconf 87' lang='lat' dir='ltr'><strong>angelos.</strong></span> 
     </span>
     <span class='ocr_line' id='line_1_39' title="bbox 394 3818 2378 3903; baseline -0.002 -19"><span class='ocrx_word' id='word_1_541' title='bbox 394 3823 440 3884; x_wconf 90' lang='lat' dir='ltr'><strong>tia</strong></span> <span class='ocrx_word' id='word_1_542' title='bbox 468 3831 503 3884; x_wconf 94' lang='lat' dir='ltr'><strong>et</strong></span> <span class='ocrx_word' id='word_1_543' title='bbox 532 3819 692 3886; x_wconf 87' lang='lat' dir='ltr'><strong>voluntas.</strong></span> <span class='ocrx_word' id='word_1_544' title='bbox 743 3819 841 3884; x_wconf 91' lang='lat' dir='ltr'><strong>Hanc</strong></span> <span class='ocrx_word' id='word_1_545' title='bbox 874 3819 1020 3902; x_wconf 85' lang='lat' dir='ltr'><strong>regulam</strong></span> <span class='ocrx_word' id='word_1_546' title='bbox 1056 3818 1149 3883; x_wconf 92' lang='lat' dir='ltr'><strong>nobis</strong></span> <span class='ocrx_word' id='word_1_547' title='bbox 1181 3818 1371 3902; x_wconf 88' lang='lat' dir='ltr'><strong>praescribit</strong></span> <span class='ocrx_word' id='word_1_548' title='bbox 1423 3819 1488 3884; x_wconf 84' lang='lat' dir='ltr'><strong>Sed</strong></span> <span class='ocrx_word' id='word_1_549' title='bbox 1513 3839 1632 3885; x_wconf 89' lang='lat' dir='ltr'><strong>nomen</strong></span> <span class='ocrx_word' id='word_1_550' title='bbox 1654 3821 1720 3886; x_wconf 90' lang='lat' dir='ltr'><strong>illis</strong></span> <span class='ocrx_word' id='word_1_551' title='bbox 1741 3840 1761 3884; x_wconf 91' lang='lat' dir='ltr'><strong>a</strong></span> <span class='ocrx_word' id='word_1_552' title='bbox 1781 3821 1888 3886; x_wconf 86' lang='lat' dir='ltr'><strong>forma</strong></span> <span class='ocrx_word' id='word_1_553' title='bbox 1915 3843 2011 3903; x_wconf 92' lang='lat' dir='ltr'><strong>quam</strong></span> <span class='ocrx_word' id='word_1_554' title='bbox 2038 3820 2216 3886; x_wconf 89' lang='lat' dir='ltr'><strong>induerant</strong></span> <span class='ocrx_word' id='word_1_555' title='bbox 2243 3818 2378 3903; x_wconf 86' lang='lat' dir='ltr'><strong>imponit.</strong></span> 
     </span>
     <span class='ocr_line' id='line_1_40' title="bbox 395 3903 2380 3990; baseline -0.003 -18"><span class='ocrx_word' id='word_1_556' title='bbox 395 3906 573 3989; x_wconf 90' lang='lat' dir='ltr'><strong>apostolus,</strong></span> <span class='ocrx_word' id='word_1_557' title='bbox 605 3927 704 3988; x_wconf 91' lang='lat' dir='ltr'><strong>quum</strong></span> <span class='ocrx_word' id='word_1_558' title='bbox 727 3905 822 3972; x_wconf 87' lang='lat' dir='ltr'><strong>dicit:</strong></span> <span class='ocrx_word' id='word_1_559' title='bbox 845 3903 944 3970; x_wconf 81' lang='lat' dir='ltr'><strong>(lertc</strong></span> <span class='ocrx_word' id='word_1_560' title='bbox 973 3925 1146 3987; x_wconf 90' lang='lat' dir='ltr'><strong>persuasus</strong></span> <span class='ocrx_word' id='word_1_561' title='bbox 1168 3926 1257 3982; x_wconf 89' lang='lat' dir='ltr'><strong>aum,</strong></span> <span class='ocrx_word' id='word_1_562' title='bbox 1285 3905 1370 3985; x_wconf 89' lang='lat' dir='ltr'><strong>quod</strong></span> <span class='ocrx_word' id='word_1_563' title='bbox 1422 3905 1535 3988; x_wconf 91' lang='lat' dir='ltr'><strong>Neque</strong></span> <span class='ocrx_word' id='word_1_564' title='bbox 1556 3914 1664 3971; x_wconf 91' lang='lat' dir='ltr'><strong>tamen</strong></span> <span class='ocrx_word' id='word_1_565' title='bbox 1686 3906 1868 3990; x_wconf 89' lang='lat' dir='ltr'><strong>putandum</strong></span> <span class='ocrx_word' id='word_1_566' title='bbox 1896 3918 1945 3972; x_wconf 89' lang='lat' dir='ltr'><strong>est</strong></span> <span class='ocrx_word' id='word_1_567' title='bbox 1971 3907 2189 3972; x_wconf 90' lang='lat' dir='ltr'><strong>circumdatos</strong></span> <span class='ocrx_word' id='word_1_568' title='bbox 2211 3907 2304 3972; x_wconf 83' lang='lat' dir='ltr'><strong>inisse</strong></span> <span class='ocrx_word' id='word_1_569' title='bbox 2323 3905 2380 3968; x_wconf 89' lang='lat' dir='ltr'><strong>hn-</strong></span> 
     </span>
     <span class='ocr_line' id='line_1_41' title="bbox 395 3988 2379 4076; baseline -0.003 -20"><span class='ocrx_word' id='word_1_570' title='bbox 395 3993 452 4074; x_wconf 92' lang='lat' dir='ltr'><strong>qui</strong></span> <span class='ocrx_word' id='word_1_571' title='bbox 470 3991 626 4076; x_wconf 91' lang='lat' dir='ltr'><strong>promisit,</strong></span> <span class='ocrx_word' id='word_1_572' title='bbox 644 4001 761 4073; x_wconf 87' lang='lat' dir='ltr'><strong>potens</strong></span> <span class='ocrx_word' id='word_1_573' title='bbox 778 3991 821 4056; x_wconf 90' lang='lat' dir='ltr'><strong>eit</strong></span> <span class='ocrx_word' id='word_1_574' title='bbox 838 3990 937 4055; x_wconf 90' lang='lat' dir='ltr'><strong>etiam</strong></span> <span class='ocrx_word' id='word_1_575' title='bbox 955 4001 1121 4072; x_wconf 87' lang='lat' dir='ltr'><strong>praestare</strong></span> <span class='ocrx_word' id='word_1_576' title='bbox 1131 3988 1239 4075; x_wconf 84' lang='lat' dir='ltr'><strong>(Rom.</strong></span> <span class='ocrx_word' id='word_1_577' title='bbox 1252 3991 1282 4069; x_wconf 89' lang='lat'><strong>4,</strong></span> <span class='ocrx_word' id='word_1_578' title='bbox 1299 3989 1371 4076; x_wconf 82' lang='lat'>21):</span> <span class='ocrx_word' id='word_1_579' title='bbox 1423 3992 1533 4056; x_wconf 88' lang='lat' dir='ltr'><strong>mauis</strong></span> <span class='ocrx_word' id='word_1_580' title='bbox 1552 3991 1750 4073; x_wconf 89' lang='lat' dir='ltr'><strong>corporibus,</strong></span> <span class='ocrx_word' id='word_1_581' title='bbox 1781 3992 1876 4057; x_wconf 89' lang='lat' dir='ltr'><strong>sicuti</strong></span> <span class='ocrx_word' id='word_1_582' title='bbox 1899 3994 2051 4058; x_wconf 76' lang='lat' dir='ltr'><strong>Christus</strong></span> <span class='ocrx_word' id='word_1_583' title='bbox 2073 4007 2225 4059; x_wconf 87' lang='lat' dir='ltr'><strong>naturam</strong></span> <span class='ocrx_word' id='word_1_584' title='bbox 2243 4003 2379 4056; x_wconf 87' lang='lat' dir='ltr'><strong>nostram</strong></span> 
     </span>
     <span class='ocr_line' id='line_1_42' title="bbox 394 4073 2380 4161; baseline -0.004 -19"><span class='ocrx_word' id='word_1_585' title='bbox 394 4077 521 4143; x_wconf 90' lang='lat' dir='ltr'><strong>Iterum</strong></span> <span class='ocrx_word' id='word_1_586' title='bbox 545 4077 791 4160; x_wconf 91' lang='lat' dir='ltr'><strong>promissionem</strong></span> <span class='ocrx_word' id='word_1_587' title='bbox 820 4077 938 4158; x_wconf 90' lang='lat' dir='ltr'><strong>repetit</strong></span> <span class='ocrx_word' id='word_1_588' title='bbox 968 4075 1120 4160; x_wconf 87' lang='lat' dir='ltr'><strong>angelus,</strong></span> <span class='ocrx_word' id='word_1_589' title='bbox 1151 4076 1238 4158; x_wconf 92' lang='lat' dir='ltr'><strong>quod</strong></span> <span class='ocrx_word' id='word_1_590' title='bbox 1266 4096 1370 4141; x_wconf 80' lang='lat' dir='ltr'><strong>seeun-</strong></span> <span class='ocrx_word' id='word_1_591' title='bbox 1422 4077 1520 4142; x_wconf 89' lang='lat' dir='ltr'><strong>simul</strong></span> <span class='ocrx_word' id='word_1_592' title='bbox 1543 4098 1616 4143; x_wconf 91' lang='lat' dir='ltr'><strong>cum</strong></span> <span class='ocrx_word' id='word_1_593' title='bbox 1638 4097 1735 4143; x_wconf 86' lang='lat' dir='ltr'><strong>carne</strong></span> <span class='ocrx_word' id='word_1_594' title='bbox 1757 4079 1882 4143; x_wconf 91' lang='lat' dir='ltr'><strong>induit:</strong></span> <span class='ocrx_word' id='word_1_595' title='bbox 1917 4078 1974 4144; x_wconf 89' lang='lat' dir='ltr'><strong>sed</strong></span> <span class='ocrx_word' id='word_1_596' title='bbox 1996 4078 2087 4143; x_wconf 92' lang='lat' dir='ltr'><strong>Deus</strong></span> <span class='ocrx_word' id='word_1_597' title='bbox 2111 4078 2184 4143; x_wconf 91' lang='lat' dir='ltr'><strong>illos</strong></span> <span class='ocrx_word' id='word_1_598' title='bbox 2206 4073 2380 4161; x_wconf 86' lang='lat' dir='ltr'><strong>corporibus</strong></span> 
     </span>
     <span class='ocr_line' id='line_1_43' title="bbox 394 4161 2378 4247; baseline -0.003 -18"><span class='ocrx_word' id='word_1_599' title='bbox 394 4164 472 4229; x_wconf 82' lang='lat' dir='ltr'><strong>dum</strong></span> <span class='ocrx_word' id='word_1_600' title='bbox 493 4169 613 4243; x_wconf 74' lang='lat' dir='ltr'><strong>temptas</strong></span> <span class='ocrx_word' id='word_1_601' title='bbox 629 4165 725 4241; x_wconf 83' lang='lat' dir='ltr'><strong>vitoe,</strong></span> <span class='ocrx_word' id='word_1_602' title='bbox 754 4173 811 4226; x_wconf 91' lang='lat' dir='ltr'><strong>aut</strong></span> <span class='ocrx_word' id='word_1_603' title='bbox 841 4163 1000 4236; x_wconf 85' lang='lat' dir='ltr'><strong>viventis,</strong></span> <span class='ocrx_word' id='word_1_604' title='bbox 1031 4173 1191 4226; x_wconf 90' lang='lat' dir='ltr'><strong>venturus</strong></span> <span class='ocrx_word' id='word_1_605' title='bbox 1220 4162 1279 4240; x_wconf 85' lang='lat' dir='ltr'><strong>sit,</strong></span> <span class='ocrx_word' id='word_1_606' title='bbox 1310 4163 1371 4228; x_wconf 92' lang='lat' dir='ltr'><strong>hcc</strong></span> <span class='ocrx_word' id='word_1_607' title='bbox 1422 4161 1463 4228; x_wconf 90' lang='lat' dir='ltr'><strong>ad</strong></span> <span class='ocrx_word' id='word_1_608' title='bbox 1485 4173 1614 4244; x_wconf 90' lang='lat' dir='ltr'><strong>tempus</strong></span> <span class='ocrx_word' id='word_1_609' title='bbox 1642 4164 1762 4240; x_wconf 91' lang='lat' dir='ltr'><strong>induit,</strong></span> <span class='ocrx_word' id='word_1_610' title='bbox 1796 4164 1965 4247; x_wconf 91' lang='lat' dir='ltr'><strong>inquibus</strong></span> <span class='ocrx_word' id='word_1_611' title='bbox 1988 4163 2131 4230; x_wconf 85' lang='lat' dir='ltr'><strong>visibiles</strong></span> <span class='ocrx_word' id='word_1_612' title='bbox 2159 4185 2232 4230; x_wconf 89' lang='lat' dir='ltr'><strong>esse</strong></span> <span class='ocrx_word' id='word_1_613' title='bbox 2259 4169 2378 4247; x_wconf 89' lang='lat' dir='ltr'><strong>possent</strong></span> 
     </span>
     <span class='ocr_line' id='line_1_44' title="bbox 395 4247 2377 4340; baseline -0.003 -25"><span class='ocrx_word' id='word_1_614' title='bbox 395 4259 462 4322; x_wconf 85' lang='lat' dir='ltr'><strong>est,</strong></span> <span class='ocrx_word' id='word_1_615' title='bbox 491 4268 578 4313; x_wconf 92' lang='lat' dir='ltr'><strong>anno</strong></span> <span class='ocrx_word' id='word_1_616' title='bbox 600 4259 765 4326; x_wconf 89' lang='lat' dir='ltr'><strong>vertente,</strong></span> <span class='ocrx_word' id='word_1_617' title='bbox 795 4247 851 4312; x_wconf 92' lang='lat' dir='ltr'><strong>ubi</strong></span> <span class='ocrx_word' id='word_1_618' title='bbox 883 4257 1048 4312; x_wconf 92' lang='lat' dir='ltr'><strong>maturum</strong></span> <span class='ocrx_word' id='word_1_619' title='bbox 1071 4247 1220 4330; x_wconf 91' lang='lat' dir='ltr'><strong>pariendi</strong></span> <span class='ocrx_word' id='word_1_620' title='bbox 1243 4257 1371 4329; x_wconf 90' lang='lat' dir='ltr'><strong>tompus</strong></span> <span class='ocrx_word' id='word_1_621' title='bbox 1425 4248 1592 4328; x_wconf 77' lang='lat' dir='ltr'><strong>Abrahae,</strong></span> <span class='ocrx_word' id='word_1_622' title='bbox 1622 4261 1656 4313; x_wconf 91' lang='lat' dir='ltr'><strong>et</strong></span> <span class='ocrx_word' id='word_1_623' title='bbox 1683 4250 1887 4314; x_wconf 85' lang='lat' dir='ltr'><strong>familiariter</strong></span> <span class='ocrx_word' id='word_1_624' title='bbox 1921 4270 1996 4314; x_wconf 91' lang='lat' dir='ltr'><strong>cum</strong></span> <span class='ocrx_word' id='word_1_625' title='bbox 2027 4269 2065 4313; x_wconf 90' lang='lat' dir='ltr'><strong>eo</strong></span> <span class='ocrx_word' id='word_1_626' title='bbox 2094 4249 2195 4332; x_wconf 91' lang='lat' dir='ltr'><strong>loqui.</strong></span> <span class='ocrx_word' id='word_1_627' title='bbox 2244 4247 2377 4340; x_wconf 71' lang='lat' dir='ltr'><strong>Duxisse</strong></span> 
     </span>
     <span class='ocr_line' id='line_1_45' title="bbox 395 4334 2375 4410; baseline -0.004 -10"><span class='ocrx_word' id='word_1_628' title='bbox 395 4334 575 4401; x_wconf 82' lang='lat' dir='ltr'><strong>advenerit.</strong></span> <span class='ocrx_word' id='word_1_629' title='bbox 1421 4343 1530 4398; x_wconf 83' lang='lat' dir='ltr'><strong>autem</strong></span> <span class='ocrx_word' id='word_1_630' title='bbox 1559 4354 1613 4400; x_wconf 93' lang='lat' dir='ltr'><strong>ecs</strong></span> <span class='ocrx_word' id='word_1_631' title='bbox 1649 4334 1767 4400; x_wconf 88' lang='lat' dir='ltr'><strong>dicitur</strong></span> <span class='ocrx_word' id='word_1_632' title='bbox 1801 4335 1986 4410; x_wconf 85' lang='lat' dir='ltr'><strong>Abraham,</strong></span> <span class='ocrx_word' id='word_1_633' title='bbox 2026 4356 2091 4400; x_wconf 92' lang='lat' dir='ltr'><strong>non</strong></span> <span class='ocrx_word' id='word_1_634' title='bbox 2121 4335 2220 4402; x_wconf 87' lang='lat' dir='ltr'><strong>officii</strong></span> <span class='ocrx_word' id='word_1_635' title='bbox 2253 4337 2375 4399; x_wconf 90' lang='lat' dir='ltr'><strong>humam</strong></span> 
     </span>
     <span class='ocr_line' id='line_1_46' title="bbox 484 4416 2465 4503; baseline -0.002 -19"><span class='ocrx_word' id='word_1_636' title='bbox 484 4419 534 4485; x_wconf 86' lang='lat'><strong>15.</strong></span> <span class='ocrx_word' id='word_1_637' title='bbox 554 4419 599 4484; x_wconf 81' lang='lat' dir='ltr'><strong>Et</strong></span> <span class='ocrx_word' id='word_1_638' title='bbox 619 4420 740 4503; x_wconf 77' lang='lat' dir='ltr'><strong>cepeoii</strong></span> <span class='ocrx_word' id='word_1_639' title='bbox 760 4417 854 4484; x_wconf 72' lang='lat' dir='ltr'><strong>aare.</strong></span> <span class='ocrx_word' id='word_1_640' title='bbox 891 4418 1043 4483; x_wconf 81' lang='lat' dir='ltr'><strong>Alterum</strong></span> <span class='ocrx_word' id='word_1_641' title='bbox 1067 4416 1169 4483; x_wconf 82' lang='lat' dir='ltr'><strong>Sarac</strong></span> <span class='ocrx_word' id='word_1_642' title='bbox 1190 4429 1370 4501; x_wconf 88' lang='lat' dir='ltr'><strong>peccatum,</strong></span> <span class='ocrx_word' id='word_1_643' title='bbox 1422 4439 1533 4498; x_wconf 88' lang='lat' dir='ltr'><strong>causa,</strong></span> <span class='ocrx_word' id='word_1_644' title='bbox 1561 4419 1833 4501; x_wconf 91' lang='lat' dir='ltr'><strong>quemadmodum</strong></span> <span class='ocrx_word' id='word_1_645' title='bbox 1860 4422 1955 4485; x_wconf 89' lang='lat' dir='ltr'><strong>initio</strong></span> <span class='ocrx_word' id='word_1_646' title='bbox 1977 4441 2032 4485; x_wconf 92' lang='lat' dir='ltr'><strong>ecs</strong></span> <span class='ocrx_word' id='word_1_647' title='bbox 2055 4433 2243 4503; x_wconf 90' lang='lat' dir='ltr'><strong>exceperat:</strong></span> <span class='ocrx_word' id='word_1_648' title='bbox 2272 4419 2321 4484; x_wconf 91' lang='lat' dir='ltr'><strong>scd</strong></span> <span class='ocrx_word' id='word_1_649' title='bbox 2341 4427 2373 4478; x_wconf 81' lang='lat' dir='ltr'><strong>ut</strong></span> <span class='ocrx_word' id='word_1_650' title='bbox 2464 4489 2465 4501; x_wconf 41' lang='lat'><strong>,</strong></span> 
     </span>
     <span class='ocr_line' id='line_1_47' title="bbox 395 4501 2375 4591; baseline -0.005 -19"><span class='ocrx_word' id='word_1_651' title='bbox 395 4507 483 4591; x_wconf 89' lang='lat' dir='ltr'><strong>quod</strong></span> <span class='ocrx_word' id='word_1_652' title='bbox 505 4507 608 4571; x_wconf 90' lang='lat' dir='ltr'><strong>risum</strong></span> <span class='ocrx_word' id='word_1_653' title='bbox 638 4526 737 4569; x_wconf 91' lang='lat' dir='ltr'><strong>suum</strong></span> <span class='ocrx_word' id='word_1_654' title='bbox 767 4501 934 4569; x_wconf 89' lang='lat' dir='ltr'><strong>mendacio</strong></span> <span class='ocrx_word' id='word_1_655' title='bbox 964 4513 1074 4587; x_wconf 84' lang='lat' dir='ltr'><strong>tegere</strong></span> <span class='ocrx_word' id='word_1_656' title='bbox 1095 4525 1132 4570; x_wconf 91' lang='lat' dir='ltr'><strong>ac</strong></span> <span class='ocrx_word' id='word_1_657' title='bbox 1161 4503 1299 4588; x_wconf 91' lang='lat' dir='ltr'><strong>sepelire</strong></span> <span class='ocrx_word' id='word_1_658' title='bbox 1321 4525 1371 4570; x_wconf 92' lang='lat' dir='ltr'><strong>co·</strong></span> <span class='ocrx_word' id='word_1_659' title='bbox 1422 4504 1568 4570; x_wconf 88' lang='lat' dir='ltr'><strong>debitum</strong></span> <span class='ocrx_word' id='word_1_660' title='bbox 1588 4506 1741 4571; x_wconf 91' lang='lat' dir='ltr'><strong>honorem</strong></span> <span class='ocrx_word' id='word_1_661' title='bbox 1755 4507 1879 4590; x_wconf 88' lang='lat' dir='ltr'><strong>angelis</strong></span> <span class='ocrx_word' id='word_1_662' title='bbox 1890 4519 2080 4590; x_wconf 89' lang='lat' dir='ltr'><strong>praestaret.</strong></span> <span class='ocrx_word' id='word_1_663' title='bbox 2112 4507 2281 4574; x_wconf 79' lang='lat' dir='ltr'><strong>Frivolum</strong></span> <span class='ocrx_word' id='word_1_664' title='bbox 2297 4502 2375 4567; x_wconf 91' lang='lat' dir='ltr'><strong>enim</strong></span> 
     </span>
     <span class='ocr_line' id='line_1_48' title="bbox 395 4585 2375 4676; baseline -0.004 -19"><span class='ocrx_word' id='word_1_665' title='bbox 395 4600 473 4658; x_wconf 90' lang='lat' dir='ltr'><strong>nata</strong></span> <span class='ocrx_word' id='word_1_666' title='bbox 495 4601 554 4657; x_wconf 92' lang='lat' dir='ltr'><strong>est.</strong></span> <span class='ocrx_word' id='word_1_667' title='bbox 591 4591 705 4672; x_wconf 92' lang='lat' dir='ltr'><strong>Neque</strong></span> <span class='ocrx_word' id='word_1_668' title='bbox 727 4599 838 4655; x_wconf 90' lang='lat' dir='ltr'><strong>tamen</strong></span> <span class='ocrx_word' id='word_1_669' title='bbox 856 4588 1038 4655; x_wconf 85' lang='lat' dir='ltr'><strong>obstinatae</strong></span> <span class='ocrx_word' id='word_1_670' title='bbox 1059 4589 1204 4655; x_wconf 90' lang='lat' dir='ltr'><strong>malitiae</strong></span> <span class='ocrx_word' id='word_1_671' title='bbox 1227 4589 1289 4654; x_wconf 88' lang='lat' dir='ltr'><strong>luit</strong></span> <span class='ocrx_word' id='word_1_672' title='bbox 1307 4592 1370 4656; x_wconf 91' lang='lat' dir='ltr'><strong>ista</strong></span> <span class='ocrx_word' id='word_1_673' title='bbox 1421 4606 1470 4656; x_wconf 90' lang='lat' dir='ltr'><strong>cst</strong></span> <span class='ocrx_word' id='word_1_674' title='bbox 1493 4590 1577 4673; x_wconf 88' lang='lat' dir='ltr'><strong>qnod</strong></span> <span class='ocrx_word' id='word_1_675' title='bbox 1600 4589 1751 4657; x_wconf 83' lang='lat' dir='ltr'><strong>divinant</strong></span> <span class='ocrx_word' id='word_1_676' title='bbox 1773 4591 1904 4676; x_wconf 87' lang='lat' dir='ltr'><strong>quidam</strong></span> <span class='ocrx_word' id='word_1_677' title='bbox 1926 4591 2066 4658; x_wconf 90' lang='lat' dir='ltr'><strong>creditos</strong></span> <span class='ocrx_word' id='word_1_678' title='bbox 2083 4592 2187 4658; x_wconf 86' lang='lat' dir='ltr'><strong>fuisse</strong></span> <span class='ocrx_word' id='word_1_679' title='bbox 2208 4594 2247 4658; x_wconf 90' lang='lat' dir='ltr'><strong>ab</strong></span> <span class='ocrx_word' id='word_1_680' title='bbox 2268 4613 2301 4654; x_wconf 89' lang='lat' dir='ltr'><strong>co</strong></span> <span class='ocrx_word' id='word_1_681' title='bbox 2317 4585 2375 4650; x_wconf 86' lang='lat' dir='ltr'><strong>Dei</strong></span> 
     </span>
     <span class='ocr_line' id='line_1_49' title="bbox 395 4673 2375 4761; baseline -0.004 -18"><span class='ocrx_word' id='word_1_682' title='bbox 395 4679 570 4756; x_wconf 88' lang='lat' dir='ltr'><strong>excusatio,</strong></span> <span class='ocrx_word' id='word_1_683' title='bbox 592 4674 864 4760; x_wconf 90' lang='lat' dir='ltr'><strong>quemadmodum</strong></span> <span class='ocrx_word' id='word_1_684' title='bbox 886 4673 1076 4758; x_wconf 85' lang='lat' dir='ltr'><strong>hypocritae</strong></span> <span class='ocrx_word' id='word_1_685' title='bbox 1097 4676 1218 4758; x_wconf 85' lang='lat' dir='ltr'><strong>effugia</strong></span> <span class='ocrx_word' id='word_1_686' title='bbox 1239 4689 1370 4759; x_wconf 89' lang='lat' dir='ltr'><strong>captare</strong></span> <span class='ocrx_word' id='word_1_687' title='bbox 1421 4676 1603 4759; x_wconf 83' lang='lat' dir='ltr'><strong>prophetas,</strong></span> <span class='ocrx_word' id='word_1_688' title='bbox 1626 4680 1680 4761; x_wconf 91' lang='lat' dir='ltr'><strong>qui</strong></span> <span class='ocrx_word' id='word_1_689' title='bbox 1704 4691 1836 4761; x_wconf 87' lang='lat' dir='ltr'><strong>propter</strong></span> <span class='ocrx_word' id='word_1_690' title='bbox 1856 4677 1993 4743; x_wconf 92' lang='lat' dir='ltr'><strong>verbum</strong></span> <span class='ocrx_word' id='word_1_691' title='bbox 2015 4679 2215 4745; x_wconf 86' lang='lat' dir='ltr'><strong>exsularent.</strong></span> <span class='ocrx_word' id='word_1_692' title='bbox 2251 4679 2375 4742; x_wconf 80' lang='lat' dir='ltr'><strong>Prorsus</strong></span> 
     </span>
     <span class='ocr_line' id='line_1_50' title="bbox 397 4759 2375 4849; baseline -0.005 -21"><span class='ocrx_word' id='word_1_693' title='bbox 397 4763 511 4840; x_wconf 89' lang='lat' dir='ltr'><strong>solent,</strong></span> <span class='ocrx_word' id='word_1_694' title='bbox 534 4773 572 4828; x_wconf 90' lang='lat' dir='ltr'><strong>nt</strong></span> <span class='ocrx_word' id='word_1_695' title='bbox 593 4764 645 4827; x_wconf 91' lang='lat' dir='ltr'><strong>sui</strong></span> <span class='ocrx_word' id='word_1_696' title='bbox 667 4774 821 4827; x_wconf 90' lang='lat' dir='ltr'><strong>maneant</strong></span> <span class='ocrx_word' id='word_1_697' title='bbox 842 4760 964 4826; x_wconf 92' lang='lat' dir='ltr'><strong>similes</strong></span> <span class='ocrx_word' id='word_1_698' title='bbox 986 4761 1138 4843; x_wconf 88' lang='lat' dir='ltr'><strong>usquein</strong></span> <span class='ocrx_word' id='word_1_699' title='bbox 1162 4761 1271 4826; x_wconf 83' lang='lat' dir='ltr'><strong>linem</strong></span> <span class='ocrx_word' id='word_1_700' title='bbox 1308 4761 1368 4825; x_wconf 92' lang='lat' dir='ltr'><strong>Di·</strong></span> <span class='ocrx_word' id='word_1_701' title='bbox 1421 4763 1543 4828; x_wconf 89' lang='lat' dir='ltr'><strong>sciebat</strong></span> <span class='ocrx_word' id='word_1_702' title='bbox 1573 4762 1707 4849; x_wconf 83' lang='lat' dir='ltr'><strong>angelos</strong></span> <span class='ocrx_word' id='word_1_703' title='bbox 1735 4785 1821 4838; x_wconf 88' lang='lat' dir='ltr'><strong>esse,</strong></span> <span class='ocrx_word' id='word_1_704' title='bbox 1851 4763 2125 4847; x_wconf 88' lang='lat' dir='ltr'><strong>quemadmodum</strong></span> <span class='ocrx_word' id='word_1_705' title='bbox 2159 4785 2237 4830; x_wconf 84' lang='lat' dir='ltr'><strong>mox</strong></span> <span class='ocrx_word' id='word_1_706' title='bbox 2267 4759 2375 4827; x_wconf 79' lang='lat' dir='ltr'><strong>clarim</strong></span> 
     </span>
     <span class='ocr_line' id='line_1_51' title="bbox 396 4847 2373 4934; baseline -0.004 -22"><span class='ocrx_word' id='word_1_707' title='bbox 396 4869 513 4914; x_wconf 87' lang='lat' dir='ltr'><strong>versus</strong></span> <span class='ocrx_word' id='word_1_708' title='bbox 530 4849 594 4913; x_wconf 83' lang='lat' dir='ltr'><strong>fnit</strong></span> <span class='ocrx_word' id='word_1_709' title='bbox 612 4847 714 4913; x_wconf 85' lang='lat' dir='ltr'><strong>Sarae</strong></span> <span class='ocrx_word' id='word_1_710' title='bbox 737 4847 886 4913; x_wconf 85' lang='lat' dir='ltr'><strong>affectus:</strong></span> <span class='ocrx_word' id='word_1_711' title='bbox 913 4867 987 4912; x_wconf 89' lang='lat' dir='ltr'><strong>nam</strong></span> <span class='ocrx_word' id='word_1_712' title='bbox 1006 4867 1108 4930; x_wconf 88' lang='lat' dir='ltr'><strong>quum</strong></span> <span class='ocrx_word' id='word_1_713' title='bbox 1130 4847 1281 4929; x_wconf 90' lang='lat' dir='ltr'><strong>propriae</strong></span> <span class='ocrx_word' id='word_1_714' title='bbox 1298 4868 1369 4911; x_wconf 89' lang='lat' dir='ltr'><strong>eam</strong></span> <span class='ocrx_word' id='word_1_715' title='bbox 1420 4847 1612 4914; x_wconf 89' lang='lat' dir='ltr'><strong>videbimus.</strong></span> <span class='ocrx_word' id='word_1_716' title='bbox 1663 4848 1730 4914; x_wconf 75' lang='lat' dir='ltr'><strong>Sed</strong></span> <span class='ocrx_word' id='word_1_717' title='bbox 1760 4850 1796 4914; x_wconf 94' lang='lat' dir='ltr'><strong>in</strong></span> <span class='ocrx_word' id='word_1_718' title='bbox 1824 4851 1877 4914; x_wconf 91' lang='lat' dir='ltr'><strong>vis</strong></span> <span class='ocrx_word' id='word_1_719' title='bbox 1906 4851 2113 4933; x_wconf 90' lang='lat' dir='ltr'><strong>prosequitur</strong></span> <span class='ocrx_word' id='word_1_720' title='bbox 2145 4872 2225 4934; x_wconf 91' lang='lat' dir='ltr'><strong>quos</strong></span> <span class='ocrx_word' id='word_1_721' title='bbox 2246 4849 2373 4913; x_wconf 87' lang='lat' dir='ltr'><strong>retinere</strong></span> 
     </span>
     <span class='ocr_line' id='line_1_52' title="bbox 396 4932 2371 5023; baseline -0.001 -24"><span class='ocrx_word' id='word_1_722' title='bbox 396 4934 555 5000; x_wconf 85' lang='lat' dir='ltr'><strong>stultitiae</strong></span> <span class='ocrx_word' id='word_1_723' title='bbox 577 4936 755 5016; x_wconf 88' lang='lat' dir='ltr'><strong>poeniteat,</strong></span> <span class='ocrx_word' id='word_1_724' title='bbox 784 4943 873 4997; x_wconf 91' lang='lat' dir='ltr'><strong>metu</strong></span> <span class='ocrx_word' id='word_1_725' title='bbox 893 4946 1004 4997; x_wconf 87' lang='lat' dir='ltr'><strong>tamen</strong></span> <span class='ocrx_word' id='word_1_726' title='bbox 1026 4932 1176 5015; x_wconf 89' lang='lat' dir='ltr'><strong>perculsa</strong></span> <span class='ocrx_word' id='word_1_727' title='bbox 1197 4953 1232 4997; x_wconf 91' lang='lat' dir='ltr'><strong>se</strong></span> <span class='ocrx_word' id='word_1_728' title='bbox 1254 4932 1369 4998; x_wconf 85' lang='lat' dir='ltr'><strong>fecisse</strong></span> <span class='ocrx_word' id='word_1_729' title='bbox 1421 4955 1486 4999; x_wconf 91' lang='lat' dir='ltr'><strong>non</strong></span> <span class='ocrx_word' id='word_1_730' title='bbox 1505 4933 1612 5000; x_wconf 86' lang='lat' dir='ltr'><strong>audet.</strong></span> <span class='ocrx_word' id='word_1_731' title='bbox 2365 5011 2371 5023; x_wconf 31' lang='grc' dir='ltr'>Ι</span> 
     </span>
     <span class='ocr_line' id='line_1_53' title="bbox 397 5018 2373 5104; baseline -0.001 -18"><span class='ocrx_word' id='word_1_732' title='bbox 397 5033 497 5102; x_wconf 89' lang='lat' dir='ltr'><strong>negat</strong></span> <span class='ocrx_word' id='word_1_733' title='bbox 518 5023 599 5102; x_wconf 89' lang='lat' dir='ltr'><strong>quod</strong></span> <span class='ocrx_word' id='word_1_734' title='bbox 624 5018 695 5084; x_wconf 90' lang='lat' dir='ltr'><strong>Dec</strong></span> <span class='ocrx_word' id='word_1_735' title='bbox 723 5018 893 5101; x_wconf 91' lang='lat' dir='ltr'><strong>displicere</strong></span> <span class='ocrx_word' id='word_1_736' title='bbox 914 5019 1023 5082; x_wconf 90' lang='lat' dir='ltr'><strong>sentit.</strong></span> <span class='ocrx_word' id='word_1_737' title='bbox 1068 5018 1165 5084; x_wconf 88' lang='lat' dir='ltr'><strong>Unde</strong></span> <span class='ocrx_word' id='word_1_738' title='bbox 1189 5019 1370 5104; x_wconf 87' lang='lat' dir='ltr'><strong>colligimus</strong></span> <span class='ocrx_word' id='word_1_739' title='bbox 1507 5020 1557 5085; x_wconf 82' lang='lat' dir='ltr'><strong>l&#39;l.</strong></span> <span class='ocrx_word' id='word_1_740' title='bbox 1579 5019 1634 5085; x_wconf 82' lang='lat' dir='ltr'><strong>Aa</strong></span> <span class='ocrx_word' id='word_1_741' title='bbox 1656 5041 1709 5104; x_wconf 74' lang='lat' dir='ltr'><strong>eqo</strong></span> <span class='ocrx_word' id='word_1_742' title='bbox 1730 5020 1829 5086; x_wconf 82' lang='lat' dir='ltr'><strong>celabo</strong></span> <span class='ocrx_word' id='word_1_743' title='bbox 1850 5020 2024 5086; x_wconf 78' lang='lat' dir='ltr'><strong>Abraham.</strong></span> <span class='ocrx_word' id='word_1_744' title='bbox 2066 5021 2161 5102; x_wconf 69' lang='lat' dir='ltr'><strong>Quod</strong></span> <span class='ocrx_word' id='word_1_745' title='bbox 2184 5020 2271 5085; x_wconf 90' lang='lat' dir='ltr'><strong>Deus</strong></span> <span class='ocrx_word' id='word_1_746' title='bbox 2290 5031 2373 5098; x_wconf 66' lang='lat' dir='ltr'><strong>quw</strong></span> 
     </span>
     <span class='ocr_line' id='line_1_54' title="bbox 396 5103 2370 5189; baseline -0.002 -18"><span class='ocrx_word' id='word_1_747' title='bbox 396 5119 519 5189; x_wconf 88' lang='lat' dir='ltr'><strong>quanta</strong></span> <span class='ocrx_word' id='word_1_748' title='bbox 535 5109 579 5172; x_wconf 91' lang='lat' dir='ltr'><strong>sit</strong></span> <span class='ocrx_word' id='word_1_749' title='bbox 597 5117 734 5170; x_wconf 88' lang='lat' dir='ltr'><strong>naturae</strong></span> <span class='ocrx_word' id='word_1_750' title='bbox 753 5115 883 5169; x_wconf 89' lang='lat' dir='ltr'><strong>nostrae</strong></span> <span class='ocrx_word' id='word_1_751' title='bbox 900 5103 1094 5185; x_wconf 89' lang='lat' dir='ltr'><strong>corruptela,</strong></span> <span class='ocrx_word' id='word_1_752' title='bbox 1116 5126 1179 5188; x_wconf 89' lang='lat' dir='ltr'><strong>qua</strong></span> <span class='ocrx_word' id='word_1_753' title='bbox 1197 5106 1234 5168; x_wconf 90' lang='lat' dir='ltr'><strong>lit</strong></span> <span class='ocrx_word' id='word_1_754' title='bbox 1252 5117 1287 5168; x_wconf 93' lang='lat' dir='ltr'><strong>ut</strong></span> <span class='ocrx_word' id='word_1_755' title='bbox 1307 5105 1369 5169; x_wconf 92' lang='lat' dir='ltr'><strong>Dei</strong></span> <span class='ocrx_word' id='word_1_756' title='bbox 1421 5105 1461 5171; x_wconf 90' lang='lat' dir='ltr'><strong>de</strong></span> <span class='ocrx_word' id='word_1_757' title='bbox 1479 5127 1514 5170; x_wconf 91' lang='lat' dir='ltr'><strong>rc</strong></span> <span class='ocrx_word' id='word_1_758' title='bbox 1537 5105 1634 5171; x_wconf 91' lang='lat' dir='ltr'><strong>dubia</strong></span> <span class='ocrx_word' id='word_1_759' title='bbox 1645 5105 1817 5184; x_wconf 91' lang='lat' dir='ltr'><strong>consultat,</strong></span> <span class='ocrx_word' id='word_1_760' title='bbox 1838 5107 1873 5170; x_wconf 91' lang='lat' dir='ltr'><strong>id</strong></span> <span class='ocrx_word' id='word_1_761' title='bbox 1896 5107 1971 5173; x_wconf 87' lang='lat' dir='ltr'><strong>facit</strong></span> <span class='ocrx_word' id='word_1_762' title='bbox 1988 5109 2025 5171; x_wconf 93' lang='lat' dir='ltr'><strong>in</strong></span> <span class='ocrx_word' id='word_1_763' title='bbox 2043 5108 2210 5172; x_wconf 88' lang='lat' dir='ltr'><strong>hominum</strong></span> <span class='ocrx_word' id='word_1_764' title='bbox 2231 5103 2370 5189; x_wconf 70' lang='lat' dir='ltr'><strong>gaiam:</strong></span> 
     </span>
     <span class='ocr_line' id='line_1_55' title="bbox 396 5179 2374 5275; baseline -0.002 -19"><span class='ocrx_word' id='word_1_765' title='bbox 396 5193 495 5257; x_wconf 92' lang='lat' dir='ltr'><strong>timor</strong></span> <span class='ocrx_word' id='word_1_766' title='bbox 518 5192 676 5256; x_wconf 88' lang='lat' dir='ltr'><strong>virtutum</strong></span> <span class='ocrx_word' id='word_1_767' title='bbox 697 5191 845 5255; x_wconf 92' lang='lat' dir='ltr'><strong>omnium</strong></span> <span class='ocrx_word' id='word_1_768' title='bbox 868 5204 973 5272; x_wconf 88' lang='lat' dir='ltr'><strong>eaput,</strong></span> <span class='ocrx_word' id='word_1_769' title='bbox 995 5191 1030 5253; x_wconf 94' lang='lat' dir='ltr'><strong>in</strong></span> <span class='ocrx_word' id='word_1_770' title='bbox 1049 5188 1166 5254; x_wconf 89' lang='lat' dir='ltr'><strong>vitium</strong></span> <span class='ocrx_word' id='word_1_771' title='bbox 1185 5188 1368 5271; x_wconf 90' lang='lat' dir='ltr'><strong>degeneret.</strong></span> <span class='ocrx_word' id='word_1_772' title='bbox 1420 5190 1499 5275; x_wconf 90' lang='lat' dir='ltr'><strong>quid</strong></span> <span class='ocrx_word' id='word_1_773' title='bbox 1517 5193 1604 5256; x_wconf 90' lang='lat' dir='ltr'><strong>enim</strong></span> <span class='ocrx_word' id='word_1_774' title='bbox 1627 5192 1773 5260; x_wconf 79' lang='lat' dir='ltr'><strong>facturus</strong></span> <span class='ocrx_word' id='word_1_775' title='bbox 1790 5202 1886 5270; x_wconf 91' lang='lat' dir='ltr'><strong>esset,</strong></span> <span class='ocrx_word' id='word_1_776' title='bbox 1905 5193 1968 5256; x_wconf 88' lang='lat' dir='ltr'><strong>iam</strong></span> <span class='ocrx_word' id='word_1_777' title='bbox 1992 5206 2068 5257; x_wconf 85' lang='lat' dir='ltr'><strong>ante</strong></span> <span class='ocrx_word' id='word_1_778' title='bbox 2091 5193 2279 5260; x_wconf 86' lang='lat' dir='ltr'><strong>decreverat.</strong></span> <span class='ocrx_word' id='word_1_779' title='bbox 2307 5179 2374 5248; x_wconf 74' lang='lat' dir='ltr'><strong>Sed</strong></span> 
     </span>
    </p>
   </div>
   <div class='ocr_carea' id='block_1_5' title="bbox 397 5265 2374 5449">
    <p class='ocr_par' dir='ltr' id='par_1_6' title="bbox 397 5265 2374 5449">
     <span class='ocr_line' id='line_1_56' title="bbox 397 5265 2371 5362; baseline -0.003 -21"><span class='ocrx_word' id='word_1_780' title='bbox 397 5276 587 5342; x_wconf 88' lang='lat' dir='ltr'><strong>Notandum</strong></span> <span class='ocrx_word' id='word_1_781' title='bbox 608 5296 706 5359; x_wconf 89' lang='lat' dir='ltr'><strong>porro</strong></span> <span class='ocrx_word' id='word_1_782' title='bbox 723 5287 773 5340; x_wconf 91' lang='lat' dir='ltr'><strong>est</strong></span> <span class='ocrx_word' id='word_1_783' title='bbox 790 5273 876 5340; x_wconf 91' lang='lat' dir='ltr'><strong>unda</strong></span> <span class='ocrx_word' id='word_1_784' title='bbox 897 5277 1004 5352; x_wconf 90' lang='lat' dir='ltr'><strong>timor,</strong></span> <span class='ocrx_word' id='word_1_785' title='bbox 1022 5277 1114 5340; x_wconf 90' lang='lat' dir='ltr'><strong>cuius</strong></span> <span class='ocrx_word' id='word_1_786' title='bbox 1131 5275 1281 5340; x_wconf 91' lang='lat' dir='ltr'><strong>meminit</strong></span> <span class='ocrx_word' id='word_1_787' title='bbox 1298 5275 1370 5340; x_wconf 85' lang='lat' dir='ltr'><strong>hlo-</strong></span> <span class='ocrx_word' id='word_1_788' title='bbox 1421 5277 1525 5342; x_wconf 89' lang='lat' dir='ltr'><strong>voluit</strong></span> <span class='ocrx_word' id='word_1_789' title='bbox 1550 5276 1719 5342; x_wconf 83' lang='lat' dir='ltr'><strong>Abraham</strong></span> <span class='ocrx_word' id='word_1_790' title='bbox 1756 5277 1816 5344; x_wconf 92' lang='lat' dir='ltr'><strong>hcc</strong></span> <span class='ocrx_word' id='word_1_791' title='bbox 1842 5277 1940 5343; x_wconf 90' lang='lat' dir='ltr'><strong>modo</strong></span> <span class='ocrx_word' id='word_1_792' title='bbox 1971 5278 2012 5342; x_wconf 89' lang='lat' dir='ltr'><strong>ad</strong></span> <span class='ocrx_word' id='word_1_793' title='bbox 2047 5277 2241 5362; x_wconf 86' lang='lat' dir='ltr'><strong>reputandas</strong></span> <span class='ocrx_word' id='word_1_794' title='bbox 2264 5265 2371 5339; x_wconf 83' lang='lat' dir='ltr'><strong>excidii</strong></span> 
     </span>
     <span class='ocr_line' id='line_1_57' title="bbox 397 5355 2374 5449; baseline -0.002 -21"><span class='ocrx_word' id='word_1_795' title='bbox 397 5383 465 5439; x_wconf 87' lang='lat' dir='ltr'><strong>ses,</strong></span> <span class='ocrx_word' id='word_1_796' title='bbox 495 5361 597 5428; x_wconf 83' lang='lat' dir='ltr'><strong>Sarae</strong></span> <span class='ocrx_word' id='word_1_797' title='bbox 625 5363 770 5427; x_wconf 92' lang='lat' dir='ltr'><strong>animum</strong></span> <span class='ocrx_word' id='word_1_798' title='bbox 801 5374 934 5443; x_wconf 84' lang='lat' dir='ltr'><strong>repente</strong></span> <span class='ocrx_word' id='word_1_799' title='bbox 963 5360 1113 5426; x_wconf 89' lang='lat' dir='ltr'><strong>subierit:</strong></span> <span class='ocrx_word' id='word_1_800' title='bbox 1147 5379 1266 5445; x_wconf 89' lang='lat' dir='ltr'><strong>nempe</strong></span> <span class='ocrx_word' id='word_1_801' title='bbox 1292 5363 1370 5445; x_wconf 89' lang='lat' dir='ltr'><strong>quia</strong></span> <span class='ocrx_word' id='word_1_802' title='bbox 1421 5361 1584 5429; x_wconf 81' lang='lat' dir='ltr'><strong>Sodomae</strong></span> <span class='ocrx_word' id='word_1_803' title='bbox 1619 5384 1735 5430; x_wconf 87' lang='lat' dir='ltr'><strong>causas</strong></span> <span class='ocrx_word' id='word_1_804' title='bbox 1773 5363 1908 5430; x_wconf 89' lang='lat' dir='ltr'><strong>reddere</strong></span> <span class='ocrx_word' id='word_1_805' title='bbox 1934 5365 2040 5449; x_wconf 87' lang='lat' dir='ltr'><strong>magis</strong></span> <span class='ocrx_word' id='word_1_806' title='bbox 2074 5375 2238 5430; x_wconf 89' lang='lat' dir='ltr'><strong>attentum.</strong></span> <span class='ocrx_word' id='word_1_807' title='bbox 2283 5355 2374 5420; x_wconf 65' lang='lat' dir='ltr'><strong>Duas</strong></span> 
     </span>
    </p>
   </div>
   <div class='ocr_carea' id='block_1_6' title="bbox 0 0 2508 6208">
    <p class='ocr_par' dir='ltr' id='par_1_7' title="bbox 0 0 2508 6208">
     <span class='ocr_line' id='line_1_58' title="bbox 0 0 2508 6208; baseline 0 0"><span class='ocrx_word' id='word_1_808' title='bbox 0 0 2508 6208; x_wconf 95' lang='lat' dir='ltr'><strong> </strong></span> 
     </span>
    </p>
   </div>
  </div>
 </body>
</html>
