5022 6192
110 399 146 462 ct
751 395 1122 468 COMMENTARIUS
1144 402 1195 467 IN
1217 401 1433 471 GENESIN.
2048 409 2090 477 38

109 595 201 652 totum
242 593 404 651 unaarum
448 585 558 652 orbem
604 587 815 654 transferunt.
879 588 947 656 Nec
989 609 1068 654 sane
1119 611 1215 656 omne
1236 611 1342 674 genus
1364 591 1533 658 arboribus
1555 593 1673 658 eximie
1693 594 1793 661 fuisse
1815 597 2028 676 cumulatum,
2051 605 2091 664 nt

108 673 231 738 dubium
242 680 293 737 est·
303 669 412 756 (sicuti
424 692 529 755 nuper
546 670 652 758 attigi)
663 673 740 756 quin
756 672 848 740 Deus
866 675 1067 740 uberrimum
1118 676 1216 759 plena
1247 677 1314 743 illio
1347 688 1380 742 et
1401 698 1480 743 vere
1512 677 1607 744 beata
1636 699 1747 744 rerum
1780 681 1926 747 omnium
1956 684 2090 749 ubertas

110 767 138 824 et
156 758 381 823 suavissimum
411 756 519 823 locum
542 757 694 842 elegerit,
713 759 807 841 qnasi
826 770 935 826 terrae
952 760 1067 843 primi·
1117 764 1209 827 foret.
1264 760 1361 844 Quod
1401 761 1477 828 data
1509 783 1608 846 opera
1640 786 1660 828 a
1691 765 1834 832 Domino
1873 768 1994 834 factum
2028 779 2088 848 est,

110 845 175 922 tias,
196 861 258 926 quo
281 842 407 917 Adam,
429 863 526 924 quom
547 843 633 908 inter
653 844 801 911 homines
825 845 977 930 dignatus
995 855 1066 911 erat
1117 868 1180 930 qno
1202 849 1311 913 minus
1340 847 1558 915 excusationis
1587 848 1723 915 haberet
1751 850 1893 918 hominis
1916 853 2088 936 cupiditas,

108 929 374 1012 primogeniturae
393 927 527 1004 honore,
551 929 584 993 iu
603 928 733 1012 signum
759 932 923 1014 praecipui
945 933 1066 996 amoris
1117 933 1145 998 si
1164 947 1230 998 tam
1248 933 1595 1016 praeclarafraotuum
1613 937 1713 1020 eopia,
1734 935 1912 1016 dulcedine,
1931 940 2089 1006 varietate

108 1015 241 1080 donaret.
287 1012 414 1079 Deinde
436 1013 629 1098 colligimus,
654 1016 784 1083 hortum
806 1015 894 1083 hunc
911 1017 1013 1083 fuisse
1030 1018 1066 1082 in
1118 1039 1181 1083 non
1216 1027 1384 1099 mutante,
1412 1020 1685 1102 quemadmodum
1719 1023 1867 1106 contigit,
1885 1032 1999 1090 contra
2024 1026 2090 1091 Dei

108 1113 202 1178 terra,
229 1118 296 1164 non
326 1108 364 1165 ut
390 1097 525 1182 quidam
551 1100 758 1166 somniarunt
785 1102 819 1166 in
847 1116 921 1168 aere
950 1103 1065 1168 situm:
1117 1103 1309 1169 mandatum
1348 1125 1384 1170 se
1422 1105 1604 1188 proiiceret.
1658 1104 1816 1173 Consulto
1855 1110 1954 1174 etiam
1988 1111 2090 1176 refert

108 1187 167 1250 uisi
185 1186 270 1250 onim
293 1186 382 1270 regio
398 1184 515 1250 fuisset
532 1185 619 1251 orbis
636 1187 747 1264 nostri,
765 1207 831 1252 non
848 1197 1068 1271 opponeretur
1118 1188 1263 1272 Spiritus
1302 1197 1434 1256 sanctus
1463 1212 1522 1272 per
1554 1191 1687 1270 Mosen,
1728 1202 1851 1276 quanta
1871 1194 1971 1260 fuerit
1995 1196 2089 1262 Adae

107 1273 253 1348 Iudaeae,
288 1269 459 1337 Orientem
484 1291 607 1336 versus.
653 1271 838 1356 Allegoriae
858 1283 966 1338 autem
989 1272 1066 1340 Ori·
1117 1276 1269 1340 felicitas:
1304 1297 1368 1359 quo
1400 1275 1520 1342 clarius
1552 1285 1708 1360 appareat
1738 1277 1832 1343 foeda
1868 1280 1938 1345 eius
1970 1282 2088 1346 intam-

107 1358 190 1442 genis
217 1365 251 1423 et
273 1357 428 1422 similium
457 1377 591 1440 prorsus
619 1355 838 1440 repudiandae
866 1369 958 1424 sunt:
985 1379 1066 1443 quas
1116 1361 1237 1445 peries,
1260 1362 1312 1427 oui
1335 1359 1483 1426 sufficere
1505 1361 1581 1428 talis
1598 1361 1768 1428 affluentia
1795 1383 1860 1429 non
1882 1366 1988 1449 potuit
2009 1367 2088 1449 quin

105 1445 236 1528 passima
260 1442 380 1508 astutia
406 1443 441 1506 in
466 1443 634 1509 ecclesiam
666 1443 826 1509 invehere
856 1451 991 1510 conatus
1017 1453 1066 1510 est
1116 1445 1156 1510 ad
1206 1447 1348 1512 fructum
1399 1447 1539 1512 vetitum
1596 1457 1833 1531 prorumperet.
1904 1451 1951 1518 lta
2002 1459 2089 1517 certe

106 1529 216 1607 Satan,
240 1538 278 1594 nt
310 1528 464 1613 ambigua
491 1539 576 1595 esset
602 1528 782 1612 scripturae
811 1528 975 1608 enotrius,
1005 1549 1065 1595 neo
1115 1529 1266 1614 pudenda
1298 1531 1363 1596 fnit
1393 1531 1609 1616 ingratitudo,
1649 1532 1734 1616 quod
1767 1533 1803 1600 in
1837 1543 1905 1601 tam
1936 1535 2022 1603 felici
2056 1545 2090 1603 et

105 1616 274 1698 quidquem
307 1615 387 1681 certi
409 1613 463 1680 vel
495 1616 581 1680 firmi
613 1613 758 1680 haberet.
810 1615 899 1681 Fieri
933 1614 1064 1699 quidem
1114 1616 1248 1702 optabili
1281 1624 1369 1683 statu
1409 1619 1574 1701 quiescere
1613 1638 1680 1684 uon
1718 1620 1838 1702 potnit:
1872 1620 1971 1687 libido
2008 1639 2109 1688 vero·

104 1711 201 1784 potest
233 1711 274 1767 ut
311 1699 443 1786 quidam
484 1702 678 1766 necessitate
717 1701 818 1767 coacti
858 1701 900 1766 ad
933 1722 1064 1766 sensum
1113 1704 1289 1786 piusquam
1323 1703 1480 1782 belluina,
1514 1705 1566 1770 cni
1597 1703 1794 1770 saturandae
1826 1725 1887 1789 par
1918 1727 1989 1773 essa
2021 1729 2087 1774 non

103 1789 303 1874 allegoricum
324 1786 546 1870 confugerint:
579 1785 655 1868 quia
686 1806 846 1869 nusquam
874 1787 910 1851 in
943 1786 1066 1852 mundo
1113 1788 1219 1871 potnit
1241 1795 1336 1854 tauta
1365 1789 1511 1874 largitas.
1556 1787 1675 1854 Nullus
1704 1800 1811 1856 terrae
1840 1793 1981 1876 augulm
2009 1802 2088 1861 tunc

102 1875 298 1958 reperiebant
326 1873 432 1938 locum
466 1872 573 1954 qualis
605 1870 799 1938 descnbitur
825 1893 845 1936 a
872 1872 980 1938 Mose:
1007 1871 1064 1937 sed
1114 1874 1246 1955 sterilis,
1263 1875 1328 1940 imo
1345 1875 1458 1940 nullus
1480 1896 1546 1941 non
1564 1895 1771 1959 summopere
1789 1875 1881 1942 dives
1901 1899 1938 1944 ao
1956 1880 2088 1945 foecun-

101 1961 251 2044 plurimos
284 1957 450 2033 ridemus,
484 1957 586 2024 stulta
619 1957 822 2041 argutiarum
851 1959 1063 2036 affectatione,
1115 1959 1176 2026 dus
1198 1970 1284 2025 erat:
1312 1959 1368 2026 sed
1398 1981 1480 2044 qnae
1510 1959 1585 2026 alibi
1605 1961 1776 2026 mediocris
1805 1971 1876 2028 erat
1896 1962 1960 2028 Dei
1989 1965 2087 2031 bene·

101 2047 229 2112 nimium
273 2044 372 2109 fuisse
414 2043 578 2127 allegoriis
620 2042 754 2108 deditos.
810 2043 979 2125 Quantum
1023 2044 1064 2108 ad
1114 2044 1224 2124 dictio,
1262 2047 1297 2110 in
1337 2047 1425 2110 hunc
1464 2044 1571 2112 locum
1615 2045 1809 2112 mirabiliter
1847 2069 1882 2114 se
1917 2049 2086 2117 effuderat.

101 2139 297 2214 praesentem
315 2129 421 2196 locum
439 2129 565 2207 attinet,
579 2129 702 2194 frustra
719 2137 752 2193 et
769 2129 954 2212 importune
971 2141 1065 2195 extra
1113 2131 1229 2214 Neque
1252 2132 1286 2197 in
1315 2131 1422 2198 cibum
1445 2130 1540 2196 modo
1570 2132 1763 2216 suppetebat
1789 2132 2006 2214 abnndantia,
2029 2135 2086 2202 sed

100 2217 218 2281 literam
249 2213 529 2298 philosophantur.
585 2215 698 2296 Neque
736 2215 823 2279 enim
856 2213 945 2280 aliud
978 2215 1065 2281 Mosi
1114 2216 1225 2282 addita
1256 2217 1355 2284 simul
1383 2226 1455 2282 erat
1486 2217 1631 2283 suamtas
1664 2216 1706 2282 ad
1738 2227 1871 2302 gustum
1904 2220 2021 2302 palati,
2055 2229 2088 2288 et

101 2304 293 2385 propositum
322 2309 372 2366 est
392 2320 487 2382 quam
511 2310 548 2364 ut
577 2299 742 2365 hominem
771 2300 885 2366 doceat
907 2301 969 2367 hac
991 2302 1064 2386 lege
1113 2301 1284 2387 pascendis
1296 2303 1398 2370 oeulis
1411 2300 1630 2386 pnlohritudo.
1666 2304 1721 2367 Ex
1738 2311 1805 2369 tarn
1823 2303 1967 2390 benigna
1983 2306 2087 2392 igitur

100 2389 192 2453 brisso
212 2385 327 2454 a.Deo
352 2386 519 2451 conditum
541 2395 578 2451 ut
601 2394 708 2451 terrae
729 2385 872 2453 dominio
894 2389 1062 2470 potiretur,
1113 2389 1317 2472 indulgentia
1335 2388 1410 2472 plus
1428 2389 1509 2454 satis
1526 2395 1617 2472 patet
1635 2409 1734 2471 quam
1758 2390 1968 2473 inexplebilis
1984 2392 2084 2458 fuerit

100 2473 179 2537 unde
206 2473 337 2538 fruetus
365 2470 548 2554 colligeret,
575 2492 612 2538 aa
641 2472 832 2554 quotidiana
859 2474 1062 2554 experientia
1115 2474 1260 2540 hominis
1282 2473 1452 2558 cupiditas.

100 2559 229 2624 disceret
247 2557 409 2624 mnndum
426 2557 488 2624 sibi
507 2579 577 2624 esse
594 2557 785 2623 subieotnm.
822 2557 912 2638 Quid
929 2560 1063 2643 prodest
1199 2561 1244 2624 Er
1264 2560 1403 2626 orborau
1423 2561 1514 2626 vitoe.
1558 2558 1726 2625 Incertum
1748 2566 1808 2638 ast,
1827 2560 1934 2626 duone
1952 2570 2082 2628 tantum

98 2644 130 2708 in
150 2647 224 2710 abre
247 2644 403 2724 volitare,
442 2653 475 2709 et
496 2653 619 2710 terram
651 2643 851 2726 relinquere,
884 2644 940 2709 ubi
968 2644 1061 2712 Dens
1112 2644 1298 2725 individua,
1338 2666 1380 2710 an
1420 2644 1502 2710 duas
1548 2644 1701 2710 arborum
1751 2645 1875 2728 species
1925 2645 2083 2733 designet.

98 2751 182 2795 suam
201 2751 282 2816 erga
304 2730 484 2796 humanum
529 2750 610 2796 enus
639 2727 898 2795 benevolentiam
922 2738 1061 2797 testatus
1112 2730 1260 2814 Utraque
1293 2731 1404 2815 opinio
1441 2728 1617 2814 probabilis
1650 2738 1716 2796 est:
1751 2752 1803 2797 res
1837 2752 1915 2797 vero
1948 2734 2083 2800 minime

98 2816 164 2880 est?
185 2819 231 2882 At
253 2816 404 2883 subtilior
430 2823 481 2880 est
502 2749 542 2878 de
571 2815 701 2881 coelesti
730 2814 931 2882 beatitudine
956 2817 1059 2882 inter·
1112 2815 1211 2901 digna
1242 2838 1301 2901 pro
1330 2838 1394 2900 qua
1421 2817 1587 2880 contentio
1620 2822 1783 2881 sumatur:
1820 2816 2081 2902 qnandoquidem

96 2903 237 2984 pretatio,
255 2902 344 2968 dicet
360 2902 532 2986 quispiam.
577 2899 783 2982 Respondeo,
802 2921 902 2984 quum
925 2915 1060 2968 aeterna
1113 2904 1166 2967 vel
1178 2923 1295 2984 parurn
1315 2903 1366 2970 uel
1384 2901 1469 2966 nihil
1486 2910 1599 2966 nostra
1615 2902 1755 2968 interest
1772 2903 1937 2969 uhumris
1961 2925 2084 2971 assera·

97 2985 231 3054 hominis
249 2987 434 3052 haereditas
453 2987 488 3052 in
510 2987 599 3053 coelo
622 2988 673 3064 sit,
693 2994 819 3051 rectum
837 2987 966 3070 quidem
989 3009 1060 3055 esse
1112 2997 1175 3053 tur.
1211 2989 1293 3054 Plus
1314 2989 1349 3053 in
1367 2987 1521 3072 epithetis
1543 2993 1594 3052 est
1609 2988 1777 3068 momenti,
1796 3008 1879 3071 quae
1901 2989 1941 3055 ab
1964 2990 2083 3056 effectu

96 3081 129 3137 ut
148 3074 224 3139 illuc
246 3072 437 3139 tendamus:
457 3073 623 3156 figendum
641 3080 753 3136 tamen
776 3073 810 3138 iu
833 3081 922 3138 terra
943 3074 1058 3156 pedem
1111 3076 1240 3158 utrique
1258 3073 1365 3139 arbori
1382 3073 1517 3138 fuerunt
1533 3073 1700 3156 imposita:
1719 3093 1824 3156 neque
1846 3073 1878 3138 id
1902 3071 2083 3158 hominum,

95 3161 246 3242 tantoper
270 3159 348 3224 dum
378 3159 553 3241 hospitium
582 3158 838 3234 cousideremns,
860 3179 924 3241 quo
956 3158 1059 3226 voluit
1110 3159 1167 3224 sed
1187 3158 1251 3224 Dei
1273 3160 1402 3244 plaoito.
1440 3159 1559 3224 Arbor-i
1577 3165 1686 3223 autern
1709 3160 1798 3224 vitae
1816 3179 1935 3224 nomen
1953 3159 2083 3242 indidit,

95 3244 253 3311 Dominus
287 3245 453 3310 hominem
488 3243 530 3309 ad
566 3251 695 3327 tempus
728 3245 785 3309 uti.
841 3244 938 3310 Nunc
971 3246 1057 3310 enim
1110 3265 1178 3310 nou
1207 3245 1293 3329 qnod
1322 3246 1423 3311 vitam
1458 3245 1583 3309 homini
1616 3245 1794 3323 conferret,
1823 3265 1888 3329 qua
1916 3245 1983 3310 iam
2006 3255 2083 3313 ante

95 3350 259 3396 versamur
277 3331 312 3395 in
335 3330 397 3394 hac
426 3330 578 3408 historia,
602 3349 685 3412 qnae
714 3329 807 3395 docet
826 3330 937 3395 Adam
959 3330 1059 3397 fuisse
1110 3331 1280 3412 praeditus
1320 3341 1405 3396 erat:
1439 3329 1496 3395 sed
1529 3339 1566 3394 ut
1605 3329 1790 3414 symbolum
1824 3349 1862 3395 ac
1894 3332 2102 3400 memoriale*

95 3413 245 3481 divinitus
268 3415 456 3480 ordinatum
477 3415 615 3482 incolam
646 3423 769 3494 terrae,
791 3423 829 3480 ut
847 3416 1058 3498 temporalem
1109 3424 1196 3482 esset
1218 3417 1304 3481 vitae
1322 3416 1479 3482 divinitus
1501 3423 1660 3498 acceptae.
1700 3414 1832 3480 Scimus
1855 3417 1990 3482 minime
2011 3439 2082 3486 esse

93 3501 124 3563 in
144 3522 182 3567 aa
204 3504 307 3566 vitam
330 3501 455 3585 agendo
479 3501 653 3568 coelestem
675 3501 813 3584 gloriam
834 3499 1058 3582 meditaretur,
1108 3502 1262 3580 insolens,
1285 3510 1324 3567 ut
1344 3501 1503 3566 virtutem
1526 3521 1621 3566 suam
1644 3499 1734 3566 Deus
1757 3501 1902 3567 externis
1924 3504 2081 3588 symbolis

92 3585 191 3668 ipsum
214 3587 398 3652 aDomino
419 3587 513 3653 bouis
539 3586 724 3651 innumeris
753 3588 852 3653 fuisse
880 3587 1059 3653 liberaliter
1109 3597 1263 3653 usuum
1292 3586 1383 3653 nobis
1412 3585 1535 3652 reddat.
1591 3585 1666 3650 Non
1696 3585 1854 3652 transfert
1906 3586 2015 3653 uidem
2044 3591 2080 3654 in

92 3669 234 3753 ditatum,
253 3695 298 3739 ex
316 3691 455 3755 quornm
472 3681 570 3756 gustu
586 3683 756 3756 paternam
774 3675 843 3738 eins
862 3673 1056 3740 benevolen·
1108 3674 1203 3758 signa
1240 3683 1378 3739 externa
1417 3692 1512 3738 suam
1550 3671 1724 3737 virtutem:
1761 3671 1817 3738 sed
1847 3608 1940 3738 nolis
1961 3693 2020 3756 per
2041 3696 2081 3742 ea

93 3758 164 3822 tiam
185 3759 363 3843 colligeret.
396 3759 441 3823 Et
462 3779 539 3824 mox
562 3759 712 3825 subiiciet
731 3758 851 3839 Moses,
868 3759 1056 3826 mandatam
1107 3779 1241 3825 manum
1263 3759 1418 3843 porrigit:
1445 3757 1532 3840 quia,
1561 3755 1626 3821 uisi
1652 3755 1769 3834 adiuti,
1793 3758 2009 3824 conscendere
2038 3761 2079 3826 ad

93 3844 119 3906 ei
142 3845 241 3911 fuisse
271 3865 425 3930 agrorum
456 3844 634 3922 culturam,
664 3852 698 3910 et
726 3843 852 3910 fructus
880 3846 1056 3926 permissos
1107 3865 1183 3910 eom
1231 3864 1298 3909 non
1343 3863 1524 3927 possumus.
1592 3841 1707 3907 Voluit
1759 3844 1860 3928 igitur
1904 3842 2078 3927 hominem,

92 3929 201 4010 quibus
230 3938 433 3997 vesceretur:
457 3949 540 4014 quae
569 3931 680 3996 omnia
708 3948 769 3995 uec
797 3928 894 3994 lunae
924 3931 1054 4010 circulo,
1105 3932 1233 4014 quoties
1250 3930 1393 3996 fructum
1410 3927 1533 3994 arboris
1550 3923 1639 3993 illins
1655 3935 1814 4012 gustaret,
1835 3929 1870 3993 in
1889 3932 2078 3997 memoriam

90 4035 145 4080 neo
164 4018 250 4083 aeris
268 4015 456 4100 regionibus
477 4017 684 4082 conveniunt.
726 4015 923 4098 Quanquam
943 4025 1053 4082 antem
1105 4037 1258 4082 revocare
1279 4014 1367 4080 unde
1389 4017 1490 4080 vitam
1513 4015 1664 4079 haberet:
1688 4021 1726 4078 ut
1746 4035 1784 4080 se
1805 4030 1996 4098 agnosoeret
2013 4039 2078 4082 non

91 4097 236 4184 diximus,
254 4102 362 4168 locum
375 4100 518 4186 paradisi
535 4102 622 4167 inter
632 4110 741 4166 ortum
755 4101 832 4166 solis
854 4110 887 4166 at
897 4100 1053 4168 Iudaeam
1105 4102 1236 4185 propria
1267 4103 1405 4180 virtute,
1439 4100 1495 4164 sed
1526 4099 1589 4164 Dei
1623 4099 1721 4164 unius
1756 4100 1914 4166 beneficio
1950 4103 2077 4168 vivere:

92 4186 183 4270 fuisse
216 4191 333 4265 situm,
366 4189 488 4254 eortius
528 4197 639 4253 tamen
678 4186 800 4271 aliquid
839 4185 880 4252 de
919 4189 1053 4272 regione
1104 4208 1208 4270 noque
1230 4208 1301 4252 esse
1322 4186 1538 4252 intrinsecum
1557 4185 1678 4250 bouum
1696 4182 1747 4269 (ut
1764 4186 1864 4268 vulgo
1886 4186 2077 4274 loquuntur)

89 4275 191 4354 quaeri
229 4283 349 4357 potest.
401 4272 467 4357 Qui
507 4273 762 4358 Mesopotamiae
783 4273 882 4338 fuisse
911 4275 1052 4340 vicinam
1104 4271 1160 4340 sed
1194 4295 1214 4338 a
1252 4272 1323 4338 Deo
1362 4271 1543 4354 provenire.
1605 4267 1758 4353 Denique
1786 4271 1831 4334 .in
1866 4271 1980 4337 mbors
2019 4273 2077 4340 illa

89 4359 304 4434 contendunt,¹
323 4359 506 4425 rationibus
528 4380 592 4424 non
610 4358 857 4424 contemnendis
883 4359 1051 4426 nituntur:
1100 4359 1254 4426 exstabat
1271 4357 1399 4423 visibile
1417 4357 1516 4422 huius
1533 4355 1716 4421 secuntiae
1734 4356 1967 4435 testimonium,
1987 4357 2074 4440 quod
2167 4404 2169 4410 -

88 4443 158 4524 quia
177 4447 262 4512 filios
291 4444 410 4511 Hedan
433 4443 526 4528 Tigri
554 4445 654 4510 fluuio
682 4444 848 4527 probabile
876 4453 925 4510 est
953 4444 1052 4512 fuisse
1101 4445 1137 4509 iu
1160 4445 1231 4510 Dec
1254 4465 1382 4521 sumus,
1405 4451 1439 4508 et
1468 4442 1625 4518 vivimus,
1647 4449 1681 4506 et
1701 4460 1882 4508 movemur.
1929 4441 2075 4522 Quodsi

88 4530 260 4615 contiguos.
318 4530 493 4596 Caeterum
524 4530 601 4613 qnia
633 4531 703 4594 eius
736 4529 909 4612 descriptio
942 4533 1052 4597 statim
1103 4530 1211 4596 Adam
1240 4530 1368 4613 integer
1390 4527 1497 4593 adhuc
1529 4534 1562 4592 et
1588 4534 1695 4592 reatae
1724 4535 1862 4592 naturae
1891 4527 2075 4595 monitoriis

88 4624 235 4696 sequetur
256 4615 346 4700 apud
367 4616 496 4695 Mosen,
513 4616 550 4681 iu
571 4636 648 4681 enm
666 4616 774 4682 locum
796 4615 928 4681 differre
949 4617 1052 4683 satius
1102 4617 1205 4700 signis
1227 4635 1309 4698 opus
1341 4614 1471 4692 habuit,
1504 4633 1586 4695 qnae
1626 4632 1701 4677 eum
1729 4613 1765 4676 in
1794 4611 1925 4678 divinae
1947 4613 2073 4696 gratiae

86 4709 139 4764 eat.
187 4702 311 4768 Falsus
344 4711 396 4768 est
425 4710 520 4768 vetus
552 4702 729 4786 interpres,
763 4703 816 4785 qui
847 4721 888 4766 ex
920 4703 1051 4768 nomine
1102 4701 1252 4766 notitiam
1277 4699 1488 4779 deducerent,
1511 4705 1631 4782 quanto
1657 4697 1761 4762 maior
1783 4697 1879 4763 hodie
1901 4699 2071 4782 signorum

86 4787 210 4868 proprio
228 4788 351 4852 Heden
366 4787 566 4870 voluptatem
582 4787 666 4853 fecit.
696 4785 769 4854 Nou
784 4787 1050 4871 infitiorquidem
1100 4788 1277 4854 necessitas
1304 4787 1339 4850 in
1368 4795 1462 4851 tanta
1488 4783 1612 4868 ingenii
1634 4783 1738 4847 nostri
1770 4782 2011 4862 imbecillitate,
2029 4806 2072 4850 ex

86 4867 184 4938 locum
207 4895 226 4938 a
249 4873 372 4939 delitiis
394 4874 442 4939 ita
470 4873 571 4939 fuisse
602 4881 768 4938 vocatum:
791 4872 849 4938 sed
877 4872 971 4938 facile
1001 4882 1051 4940 est
1100 4894 1164 4956 quo
1185 4893 1204 4937 a
1226 4891 1305 4936 vera
1326 4871 1399 4937 luce
1421 4866 1622 4935 excidimus?
1641 4867 1817 4933 (laetarum
1839 4889 1905 4933 non
1924 4868 2073 4953 displicet

85 4959 237 5042 colligere,
256 4959 447 5042 impositum
464 4959 564 5028 fuisse
583 4958 653 5024 loco
670 4979 788 5024 nomen
811 4957 897 5024 unda
917 4960 957 5024 ab
976 4961 1050 5028 aliis
1100 4957 1186 5042 quod
1205 4979 1224 5022 a
1242 4956 1409 5022 nonnullis
1427 4955 1582 5039 patribus,
1599 4963 1637 5020 ut
1648 4954 1833 5039 Augustino
1850 4965 1884 5019 ot
1894 4953 2069 5035 Eucherio,

87 5039 330 5112 discerneretur.
1100 5042 1255 5108 traditum
1280 5051 1338 5120 est,
1362 5042 1461 5107 fnisse
1485 5042 1632 5105 arborem
1655 5040 1741 5106 vitae
1764 5038 1888 5106 christi
1918 5042 2068 5124 figuram,

163 5129 731 5213 9.Gmnuaraseoarat1)untnaa
758 5128 856 5196 Deus.
901 5129 1050 5195 Pertinet
1100 5139 1260 5214 quatenus
1289 5147 1394 5192 sermo
1419 5134 1470 5192 est
1498 5134 1650 5191 aeternus
1679 5125 1760 5192 Dei:
1786 5126 1852 5189 imo
1879 5145 1945 5190 non
1974 5125 2069 5192 aliter

85 5213 142 5280 ista
172 5217 344 5300 productio
377 5215 419 5282 ad
450 5215 538 5281 dem
577 5215 751 5282 creationis
783 5216 925 5281 tertium.
981 5213 1048 5280 Sed
1100 5236 1197 5298 qnam
1227 5235 1301 5278 eum
1324 5211 1495 5298 figurando
1516 5212 1604 5277 vitae
1641 5211 1825 5294 symbolum
1855 5230 1927 5276 esse
1954 5213 2067 5294 potnit

85 5304 272 5369 nominatim
306 5303 405 5369 refert
437 5302 563 5382 Moses,
603 5301 710 5368 locum
746 5302 838 5366 illum
872 5300 1049 5366 fructiferis
1099 5299 1292 5366 Tenendum
1314 5307 1365 5365 est
1386 5299 1474 5364 enim
1507 5295 1593 5380 quod
1625 5296 1765 5362 habetur
1797 5296 1901 5452 pgmo
1932 5296 2069 5367 Ioannis
