<?xml version="1.0" encoding="UTF-8"?>
<!DOCTYPE html PUBLIC "-//W3C//DTD XHTML 1.0 Transitional//EN"
    "http://www.w3.org/TR/xhtml1/DTD/xhtml1-transitional.dtd">
<html xmlns="http://www.w3.org/1999/xhtml" xml:lang="en" lang="en">
 <head>
  <title>
</title>
<meta http-equiv="Content-Type" content="text/html;charset=utf-8" />
  <meta name='ocr-system' content='tesseract 3.04.00' />
  <meta name='ocr-capabilities' content='ocr_page ocr_carea ocr_par ocr_line ocrx_word'/>
</head>
<body>
  <div class='ocr_page' id='page_1' title='image "./ioanniscalvinio06reusgoog_0050.png"; bbox 0 0 5022 6192; ppageno 0'>
   <div class='ocr_carea' id='block_1_1' title="bbox 399 410 2374 488">
    <p class='ocr_par' dir='ltr' id='par_1_1' title="bbox 399 410 2374 488">
     <span class='ocr_line' id='line_1_1' title="bbox 399 410 2374 488; baseline 0.003 -6"><span class='ocrx_word' id='word_1_1' title='bbox 399 419 442 482; x_wconf 83' lang='grc'><strong>27</strong></span> <span class='ocrx_word' id='word_1_2' title='bbox 1057 410 1422 482; x_wconf 70' lang='lat' dir='ltr'>COMMENTARIUS</span> <span class='ocrx_word' id='word_1_3' title='bbox 1445 415 1493 480; x_wconf 92' lang='lat' dir='ltr'><strong>IN</strong></span> <span class='ocrx_word' id='word_1_4' title='bbox 1516 413 1730 484; x_wconf 74' lang='lat' dir='ltr'><strong>GENRSIN.</strong></span> <span class='ocrx_word' id='word_1_5' title='bbox 2341 421 2374 488; x_wconf 82' lang='grc'><strong>28</strong></span> 
     </span>
    </p>
   </div>
   <div class='ocr_carea' id='block_1_2' title="bbox 396 602 2389 5391">
    <p class='ocr_par' dir='ltr' id='par_1_2' title="bbox 396 602 2389 5391">
     <span class='ocr_line' id='line_1_2' title="bbox 399 602 2375 688; baseline 0.001 -16"><span class='ocrx_word' id='word_1_6' title='bbox 399 606 522 672; x_wconf 89' lang='lat' dir='ltr'><strong>stabat:</strong></span> <span class='ocrx_word' id='word_1_7' title='bbox 548 605 585 669; x_wconf 92' lang='lat' dir='ltr'><strong>in</strong></span> <span class='ocrx_word' id='word_1_8' title='bbox 614 611 723 670; x_wconf 87' lang='lat' dir='ltr'><strong>mente</strong></span> <span class='ocrx_word' id='word_1_9' title='bbox 750 604 808 668; x_wconf 84' lang='lat' dir='ltr'><strong>lux</strong></span> <span class='ocrx_word' id='word_1_10' title='bbox 837 610 946 670; x_wconf 89' lang='lat' dir='ltr'><strong>reotae</strong></span> <span class='ocrx_word' id='word_1_11' title='bbox 973 603 1208 688; x_wconf 73' lang='lat' dir='ltr'><strong>intelligentiae</strong></span> <span class='ocrx_word' id='word_1_12' title='bbox 1237 604 1368 688; x_wconf 86' lang='lat' dir='ltr'><strong>vigebat</strong></span> <span class='ocrx_word' id='word_1_13' title='bbox 1417 623 1584 686; x_wconf 86' lang='lat' dir='ltr'><strong>nunquam</strong></span> <span class='ocrx_word' id='word_1_14' title='bbox 1621 602 1801 687; x_wconf 86' lang='lat' dir='ltr'><strong>prusdiaari</strong></span> <span class='ocrx_word' id='word_1_15' title='bbox 1841 605 1919 671; x_wconf 91' lang='lat' dir='ltr'><strong>satis</strong></span> <span class='ocrx_word' id='word_1_16' title='bbox 1947 613 2061 688; x_wconf 90' lang='lat' dir='ltr'><strong>petest.</strong></span> <span class='ocrx_word' id='word_1_17' title='bbox 2118 607 2162 672; x_wconf 84' lang='lat' dir='ltr'><strong>Et</strong></span> <span class='ocrx_word' id='word_1_18' title='bbox 2194 607 2291 672; x_wconf 88' lang='lat' dir='ltr'><strong>simul</strong></span> <span class='ocrx_word' id='word_1_19' title='bbox 2326 630 2375 674; x_wconf 91' lang='lat' dir='ltr'><strong>nos</strong></span> 
     </span>
     <span class='ocr_line' id='line_1_3' title="bbox 401 687 2376 774; baseline 0.002 -18"><span class='ocrx_word' id='word_1_20' title='bbox 401 711 438 756; x_wconf 89' lang='lat' dir='ltr'><strong>ao</strong></span> <span class='ocrx_word' id='word_1_21' title='bbox 463 691 634 774; x_wconf 75' lang='lat' dir='ltr'><strong>regnabat,</strong></span> <span class='ocrx_word' id='word_1_22' title='bbox 671 689 748 756; x_wconf 86' lang='lat' dir='ltr'><strong>huie</strong></span> <span class='ocrx_word' id='word_1_23' title='bbox 775 710 882 756; x_wconf 89' lang='lat' dir='ltr'><strong>eomes</strong></span> <span class='ocrx_word' id='word_1_24' title='bbox 910 688 1021 756; x_wconf 89' lang='lat' dir='ltr'><strong>aderat</strong></span> <span class='ocrx_word' id='word_1_25' title='bbox 1049 691 1169 755; x_wconf 90' lang='lat' dir='ltr'><strong>mentis</strong></span> <span class='ocrx_word' id='word_1_26' title='bbox 1196 688 1367 766; x_wconf 73' lang='lat' dir='ltr'><strong>rectitudo,</strong></span> <span class='ocrx_word' id='word_1_27' title='bbox 1418 687 1569 754; x_wconf 89' lang='lat' dir='ltr'><strong>admonet</strong></span> <span class='ocrx_word' id='word_1_28' title='bbox 1600 708 1621 753; x_wconf 91' lang='lat' dir='ltr'><strong>a</strong></span> <span class='ocrx_word' id='word_1_29' title='bbox 1652 710 1715 772; x_wconf 90' lang='lat' dir='ltr'><strong>qua</strong></span> <span class='ocrx_word' id='word_1_30' title='bbox 1747 692 1947 773; x_wconf 77' lang='lat' dir='ltr'><strong>praestantia</strong></span> <span class='ocrx_word' id='word_1_31' title='bbox 1978 690 2210 769; x_wconf 82' lang='lat' dir='ltr'><strong>exeiderimus,</strong></span> <span class='ocrx_word' id='word_1_32' title='bbox 2245 703 2283 757; x_wconf 92' lang='lat' dir='ltr'><strong>ut</strong></span> <span class='ocrx_word' id='word_1_33' title='bbox 2315 695 2376 760; x_wconf 89' lang='lat' dir='ltr'><strong>sius</strong></span> 
     </span>
     <span class='ocr_line' id='line_1_4' title="bbox 399 773 2375 859; baseline 0.001 -17"><span class='ocrx_word' id='word_1_34' title='bbox 399 797 514 842; x_wconf 88' lang='lat' dir='ltr'><strong>seusus</strong></span> <span class='ocrx_word' id='word_1_35' title='bbox 547 795 660 840; x_wconf 89' lang='lat' dir='ltr'><strong>omnes</strong></span> <span class='ocrx_word' id='word_1_36' title='bbox 698 774 738 841; x_wconf 89' lang='lat' dir='ltr'><strong>ad</strong></span> <span class='ocrx_word' id='word_1_37' title='bbox 771 773 976 840; x_wconf 90' lang='lat' dir='ltr'><strong>moderatum</strong></span> <span class='ocrx_word' id='word_1_38' title='bbox 1008 775 1145 842; x_wconf 90' lang='lat' dir='ltr'><strong>rationis</strong></span> <span class='ocrx_word' id='word_1_39' title='bbox 1177 775 1366 858; x_wconf 80' lang='lat' dir='ltr'><strong>obsequium</strong></span> <span class='ocrx_word' id='word_1_40' title='bbox 1417 774 1656 857; x_wconf 87' lang='lat' dir='ltr'><strong>reeuperandae</strong></span> <span class='ocrx_word' id='word_1_41' title='bbox 1678 773 1874 840; x_wconf 89' lang='lat' dir='ltr'><strong>desiderium</strong></span> <span class='ocrx_word' id='word_1_42' title='bbox 1895 777 1931 840; x_wconf 91' lang='lat' dir='ltr'><strong>in</strong></span> <span class='ocrx_word' id='word_1_43' title='bbox 1951 775 2045 841; x_wconf 91' lang='lat' dir='ltr'><strong>nobis</strong></span> <span class='ocrx_word' id='word_1_44' title='bbox 2063 777 2227 844; x_wconf 89' lang='lat' dir='ltr'><strong>aeoendat.</strong></span> <span class='ocrx_word' id='word_1_45' title='bbox 2272 778 2375 859; x_wconf 76' lang='lat' dir='ltr'><strong>Quum</strong></span> 
     </span>
     <span class='ocr_line' id='line_1_5' title="bbox 397 860 2376 945; baseline 0.002 -18"><span class='ocrx_word' id='word_1_46' title='bbox 397 861 542 945; x_wconf 88' lang='lat' dir='ltr'><strong>prompti</strong></span> <span class='ocrx_word' id='word_1_47' title='bbox 558 869 592 926; x_wconf 88' lang='lat' dir='ltr'><strong>st</strong></span> <span class='ocrx_word' id='word_1_48' title='bbox 612 861 757 926; x_wconf 89' lang='lat' dir='ltr'><strong>formati:</strong></span> <span class='ocrx_word' id='word_1_49' title='bbox 783 861 817 925; x_wconf 92' lang='lat' dir='ltr'><strong>in</strong></span> <span class='ocrx_word' id='word_1_50' title='bbox 844 881 978 943; x_wconf 86' lang='lat' dir='ltr'><strong>serpere</strong></span> <span class='ocrx_word' id='word_1_51' title='bbox 1006 860 1182 943; x_wconf 89' lang='lat' dir='ltr'><strong>aequabilis</strong></span> <span class='ocrx_word' id='word_1_52' title='bbox 1210 861 1368 944; x_wconf 91' lang='lat' dir='ltr'><strong>quaedam</strong></span> <span class='ocrx_word' id='word_1_53' title='bbox 1418 880 1493 925; x_wconf 82' lang='lat' dir='ltr'><strong>mox</strong></span> <span class='ocrx_word' id='word_1_54' title='bbox 1515 860 1660 936; x_wconf 86' lang='lat' dir='ltr'><strong>subiioit,</strong></span> <span class='ocrx_word' id='word_1_55' title='bbox 1681 860 1853 926; x_wconf 79' lang='lat' dir='ltr'><strong>masadam</strong></span> <span class='ocrx_word' id='word_1_56' title='bbox 1875 866 1903 925; x_wconf 84' lang='lat' dir='ltr'><strong>et</strong></span> <span class='ocrx_word' id='word_1_57' title='bbox 1929 862 2080 944; x_wconf 75' lang='lat' dir='ltr'><strong>feminam</strong></span> <span class='ocrx_word' id='word_1_58' title='bbox 2119 863 2227 930; x_wconf 90' lang='lat' dir='ltr'><strong>Deum</strong></span> <span class='ocrx_word' id='word_1_59' title='bbox 2249 885 2376 942; x_wconf 89' lang='lat' dir='ltr'><strong>oreasss,</strong></span> 
     </span>
     <span class='ocr_line' id='line_1_6' title="bbox 398 945 2377 1030; baseline 0.002 -18"><span class='ocrx_word' id='word_1_60' title='bbox 398 946 439 1012; x_wconf 91' lang='lat' dir='ltr'><strong>ad</strong></span> <span class='ocrx_word' id='word_1_61' title='bbox 467 947 561 1012; x_wconf 88' lang='lat' dir='ltr'><strong>illum</strong></span> <span class='ocrx_word' id='word_1_62' title='bbox 590 945 737 1011; x_wconf 85' lang='lat' dir='ltr'><strong>ordinem</strong></span> <span class='ocrx_word' id='word_1_63' title='bbox 778 945 950 1030; x_wconf 88' lang='lat' dir='ltr'><strong>proportio.</strong></span> <span class='ocrx_word' id='word_1_64' title='bbox 1011 945 1108 1012; x_wconf 90' lang='lat' dir='ltr'><strong>Nune</strong></span> <span class='ocrx_word' id='word_1_65' title='bbox 1141 947 1203 1012; x_wconf 87' lang='lat' dir='ltr'><strong>atsi</strong></span> <span class='ocrx_word' id='word_1_66' title='bbox 1233 946 1369 1012; x_wconf 86' lang='lat' dir='ltr'><strong>obseura</strong></span> <span class='ocrx_word' id='word_1_67' title='bbox 1418 945 1588 1028; x_wconf 88' lang='lat' dir='ltr'><strong>eoniugale</strong></span> <span class='ocrx_word' id='word_1_68' title='bbox 1620 945 1787 1011; x_wconf 80' lang='lat' dir='ltr'><strong>vineulum</strong></span> <span class='ocrx_word' id='word_1_69' title='bbox 1820 967 1884 1029; x_wconf 91' lang='lat' dir='ltr'><strong>quo</strong></span> <span class='ocrx_word' id='word_1_70' title='bbox 1916 947 2047 1013; x_wconf 85' lang='lat' dir='ltr'><strong>fovetur</strong></span> <span class='ocrx_word' id='word_1_71' title='bbox 2078 949 2214 1014; x_wconf 89' lang='lat' dir='ltr'><strong>soeietas</strong></span> <span class='ocrx_word' id='word_1_72' title='bbox 2246 948 2377 1016; x_wconf 88' lang='lat' dir='ltr'><strong>humani</strong></span> 
     </span>
     <span class='ocr_line' id='line_1_7' title="bbox 396 1030 2376 1115; baseline 0.003 -19"><span class='ocrx_word' id='word_1_73' title='bbox 396 1030 555 1115; x_wconf 89' lang='lat' dir='ltr'><strong>quaedam</strong></span> <span class='ocrx_word' id='word_1_74' title='bbox 576 1032 729 1114; x_wconf 78' lang='lat' dir='ltr'><strong>imaginis</strong></span> <span class='ocrx_word' id='word_1_75' title='bbox 749 1030 841 1096; x_wconf 89' lang='lat' dir='ltr'><strong>illius</strong></span> <span class='ocrx_word' id='word_1_76' title='bbox 858 1031 1055 1096; x_wconf 90' lang='lat' dir='ltr'><strong>lineamenta</strong></span> <span class='ocrx_word' id='word_1_77' title='bbox 1071 1032 1106 1096; x_wconf 90' lang='lat' dir='ltr'><strong>in</strong></span> <span class='ocrx_word' id='word_1_78' title='bbox 1128 1030 1221 1098; x_wconf 90' lang='lat' dir='ltr'><strong>nobis</strong></span> <span class='ocrx_word' id='word_1_79' title='bbox 1238 1030 1370 1096; x_wconf 89' lang='lat' dir='ltr'><strong>residua</strong></span> <span class='ocrx_word' id='word_1_80' title='bbox 1418 1031 1558 1114; x_wconf 87' lang='lat' dir='ltr'><strong>generis,</strong></span> <span class='ocrx_word' id='word_1_81' title='bbox 1577 1030 1670 1096; x_wconf 91' lang='lat' dir='ltr'><strong>nobis</strong></span> <span class='ocrx_word' id='word_1_82' title='bbox 1691 1031 1906 1097; x_wconf 89' lang='lat' dir='ltr'><strong>oommeudat.</strong></span> <span class='ocrx_word' id='word_1_83' title='bbox 1941 1032 2026 1098; x_wconf 87' lang='lat' dir='ltr'><strong>Nam</strong></span> <span class='ocrx_word' id='word_1_84' title='bbox 2048 1033 2182 1114; x_wconf 87' lang='lat' dir='ltr'><strong>perinde</strong></span> <span class='ocrx_word' id='word_1_85' title='bbox 2201 1034 2291 1099; x_wconf 88' lang='lat' dir='ltr'><strong>valet</strong></span> <span class='ocrx_word' id='word_1_86' title='bbox 2307 1035 2376 1101; x_wconf 88' lang='lat' dir='ltr'><strong>haee</strong></span> 
     </span>
     <span class='ocr_line' id='line_1_8' title="bbox 398 1115 2377 1198; baseline 0.002 -16"><span class='ocrx_word' id='word_1_87' title='bbox 398 1126 548 1185; x_wconf 89' lang='lat' dir='ltr'><strong>manent:</strong></span> <span class='ocrx_word' id='word_1_88' title='bbox 576 1127 654 1182; x_wconf 93' lang='lat' dir='ltr'><strong>sunt</strong></span> <span class='ocrx_word' id='word_1_89' title='bbox 671 1125 779 1182; x_wconf 91' lang='lat' dir='ltr'><strong>tameo</strong></span> <span class='ocrx_word' id='word_1_90' title='bbox 805 1115 884 1182; x_wconf 90' lang='lat' dir='ltr'><strong>adeo</strong></span> <span class='ocrx_word' id='word_1_91' title='bbox 907 1117 1023 1183; x_wconf 87' lang='lat' dir='ltr'><strong>vitiata</strong></span> <span class='ocrx_word' id='word_1_92' title='bbox 1041 1126 1074 1181; x_wconf 90' lang='lat' dir='ltr'><strong>et</strong></span> <span class='ocrx_word' id='word_1_93' title='bbox 1090 1117 1216 1194; x_wconf 88' lang='lat' dir='ltr'><strong>mutila,</strong></span> <span class='ocrx_word' id='word_1_94' title='bbox 1239 1126 1277 1182; x_wconf 91' lang='lat' dir='ltr'><strong>nt</strong></span> <span class='ocrx_word' id='word_1_95' title='bbox 1294 1137 1369 1181; x_wconf 85' lang='lat' dir='ltr'><strong>rere</strong></span> <span class='ocrx_word' id='word_1_96' title='bbox 1418 1115 1572 1198; x_wconf 89' lang='lat' dir='ltr'><strong>loquendi</strong></span> <span class='ocrx_word' id='word_1_97' title='bbox 1593 1116 1692 1182; x_wconf 89' lang='lat' dir='ltr'><strong>ratio:</strong></span> <span class='ocrx_word' id='word_1_98' title='bbox 1737 1115 1868 1182; x_wconf 84' lang='lat' dir='ltr'><strong>Orearit</strong></span> <span class='ocrx_word' id='word_1_99' title='bbox 1886 1117 1977 1183; x_wconf 87' lang='lat' dir='ltr'><strong>Deus</strong></span> <span class='ocrx_word' id='word_1_100' title='bbox 2000 1117 2175 1198; x_wconf 91' lang='lat' dir='ltr'><strong>hominem,</strong></span> <span class='ocrx_word' id='word_1_101' title='bbox 2204 1121 2377 1186; x_wconf 87' lang='lat' dir='ltr'><strong>maseulum</strong></span> 
     </span>
     <span class='ocr_line' id='line_1_9' title="bbox 398 1201 2377 1286; baseline 0.001 -17"><span class='ocrx_word' id='word_1_102' title='bbox 398 1201 505 1269; x_wconf 90' lang='lat' dir='ltr'><strong>dieere</strong></span> <span class='ocrx_word' id='word_1_103' title='bbox 527 1202 623 1269; x_wconf 89' lang='lat' dir='ltr'><strong>lioeat</strong></span> <span class='ocrx_word' id='word_1_104' title='bbox 644 1223 715 1268; x_wconf 90' lang='lat' dir='ltr'><strong>esse</strong></span> <span class='ocrx_word' id='word_1_105' title='bbox 736 1202 852 1266; x_wconf 91' lang='lat' dir='ltr'><strong>deleta.</strong></span> <span class='ocrx_word' id='word_1_106' title='bbox 882 1202 967 1267; x_wconf 88' lang='lat' dir='ltr'><strong>Nam</strong></span> <span class='ocrx_word' id='word_1_107' title='bbox 986 1215 1114 1286; x_wconf 84' lang='lat' dir='ltr'><strong>praeter</strong></span> <span class='ocrx_word' id='word_1_108' title='bbox 1132 1201 1368 1268; x_wconf 85' lang='lat' dir='ltr'><strong>deformitatem</strong></span> <span class='ocrx_word' id='word_1_109' title='bbox 1418 1211 1453 1267; x_wconf 90' lang='lat' dir='ltr'><strong>et</strong></span> <span class='ocrx_word' id='word_1_110' title='bbox 1484 1201 1640 1266; x_wconf 89' lang='lat' dir='ltr'><strong>feminam</strong></span> <span class='ocrx_word' id='word_1_111' title='bbox 1676 1203 1800 1269; x_wconf 82' lang='lat' dir='ltr'><strong>orasvit</strong></span> <span class='ocrx_word' id='word_1_112' title='bbox 1826 1223 1896 1268; x_wconf 90' lang='lat' dir='ltr'><strong>eos:</strong></span> <span class='ocrx_word' id='word_1_113' title='bbox 1918 1223 1956 1268; x_wconf 87' lang='lat' dir='ltr'><strong>aa</strong></span> <span class='ocrx_word' id='word_1_114' title='bbox 1977 1203 2005 1268; x_wconf 90' lang='lat' dir='ltr'><strong>si</strong></span> <span class='ocrx_word' id='word_1_115' title='bbox 2027 1205 2135 1269; x_wconf 86' lang='lat' dir='ltr'><strong>virum</strong></span> <span class='ocrx_word' id='word_1_116' title='bbox 2156 1203 2295 1270; x_wconf 77' lang='lat' dir='ltr'><strong>dixisset</strong></span> <span class='ocrx_word' id='word_1_117' title='bbox 2317 1226 2377 1270; x_wconf 87' lang='lat' dir='ltr'><strong>esse</strong></span> 
     </span>
     <span class='ocr_line' id='line_1_10' title="bbox 419 1285 2377 1372; baseline 0.001 -18"><span class='ocrx_word' id='word_1_118' title='bbox 419 1309 482 1354; x_wconf 88' lang='lat' dir='ltr'><strong>uae</strong></span> <span class='ocrx_word' id='word_1_119' title='bbox 502 1287 620 1371; x_wconf 90' lang='lat' dir='ltr'><strong>ubique</strong></span> <span class='ocrx_word' id='word_1_120' title='bbox 638 1287 732 1352; x_wconf 88' lang='lat' dir='ltr'><strong>foeda</strong></span> <span class='ocrx_word' id='word_1_121' title='bbox 748 1296 891 1370; x_wconf 87' lang='lat' dir='ltr'><strong>apparet,</strong></span> <span class='ocrx_word' id='word_1_122' title='bbox 912 1287 975 1353; x_wconf 91' lang='lat' dir='ltr'><strong>hoo</strong></span> <span class='ocrx_word' id='word_1_123' title='bbox 992 1308 1117 1371; x_wconf 89' lang='lat' dir='ltr'><strong>quoque</strong></span> <span class='ocrx_word' id='word_1_124' title='bbox 1135 1288 1257 1353; x_wconf 91' lang='lat' dir='ltr'><strong>malum</strong></span> <span class='ocrx_word' id='word_1_125' title='bbox 1281 1309 1369 1354; x_wconf 87' lang='lat' dir='ltr'><strong>aeos·</strong></span> <span class='ocrx_word' id='word_1_126' title='bbox 1420 1285 1591 1352; x_wconf 91' lang='lat' dir='ltr'><strong>dimidium</strong></span> <span class='ocrx_word' id='word_1_127' title='bbox 1613 1285 1792 1354; x_wconf 90' lang='lat' dir='ltr'><strong>hominem:</strong></span> <span class='ocrx_word' id='word_1_128' title='bbox 1811 1288 1873 1352; x_wconf 86' lang='lat' dir='ltr'><strong>hae</strong></span> <span class='ocrx_word' id='word_1_129' title='bbox 1887 1288 1959 1372; x_wconf 87' lang='lat' dir='ltr'><strong>lege</strong></span> <span class='ocrx_word' id='word_1_130' title='bbox 1977 1288 2123 1355; x_wconf 89' lang='lat' dir='ltr'><strong>additum</strong></span> <span class='ocrx_word' id='word_1_131' title='bbox 2142 1290 2241 1356; x_wconf 84' lang='lat' dir='ltr'><strong>fuisse</strong></span> <span class='ocrx_word' id='word_1_132' title='bbox 2265 1291 2315 1355; x_wconf 92' lang='lat' dir='ltr'><strong>illi</strong></span> <span class='ocrx_word' id='word_1_133' title='bbox 2336 1313 2377 1356; x_wconf 77' lang='lat' dir='ltr'><strong>se</strong></span> 
     </span>
     <span class='ocr_line' id='line_1_11' title="bbox 397 1309 2378 1457; baseline 0.002 -20"><span class='ocrx_word' id='word_1_134' title='bbox 397 1309 454 1452; x_wconf 77' lang='lat' dir='ltr'><strong>dit,</strong></span> <span class='ocrx_word' id='word_1_135' title='bbox 477 1373 561 1456; x_wconf 91' lang='lat' dir='ltr'><strong>quod</strong></span> <span class='ocrx_word' id='word_1_136' title='bbox 584 1373 676 1438; x_wconf 90' lang='lat' dir='ltr'><strong>nulla</strong></span> <span class='ocrx_word' id='word_1_137' title='bbox 697 1393 773 1454; x_wconf 89' lang='lat' dir='ltr'><strong>pars</strong></span> <span class='ocrx_word' id='word_1_138' title='bbox 791 1385 842 1437; x_wconf 91' lang='lat' dir='ltr'><strong>est</strong></span> <span class='ocrx_word' id='word_1_139' title='bbox 863 1374 985 1455; x_wconf 87' lang='lat' dir='ltr'><strong>peeeati</strong></span> <span class='ocrx_word' id='word_1_140' title='bbox 1006 1373 1078 1440; x_wconf 90' lang='lat' dir='ltr'><strong>labe</strong></span> <span class='ocrx_word' id='word_1_141' title='bbox 1100 1393 1165 1438; x_wconf 90' lang='lat' dir='ltr'><strong>uon</strong></span> <span class='ocrx_word' id='word_1_142' title='bbox 1187 1372 1316 1438; x_wconf 85' lang='lat' dir='ltr'><strong>infesta.</strong></span> <span class='ocrx_word' id='word_1_143' title='bbox 1419 1372 1501 1436; x_wconf 86' lang='lat' dir='ltr'><strong>eiam</strong></span> <span class='ocrx_word' id='word_1_144' title='bbox 1520 1371 1701 1446; x_wconf 90' lang='lat' dir='ltr'><strong>mulierem,</strong></span> <span class='ocrx_word' id='word_1_145' title='bbox 1725 1382 1760 1437; x_wconf 87' lang='lat' dir='ltr'><strong>ut</strong></span> <span class='ocrx_word' id='word_1_146' title='bbox 1778 1372 1871 1438; x_wconf 91' lang='lat' dir='ltr'><strong>ambo</strong></span> <span class='ocrx_word' id='word_1_147' title='bbox 1893 1395 1994 1439; x_wconf 91' lang='lat' dir='ltr'><strong>unum</strong></span> <span class='ocrx_word' id='word_1_148' title='bbox 2013 1375 2094 1440; x_wconf 88' lang='lat' dir='ltr'><strong>sint:</strong></span> <span class='ocrx_word' id='word_1_149' title='bbox 2116 1375 2378 1457; x_wconf 87' lang='lat' dir='ltr'><strong>quemadmodum</strong></span> 
     </span>
     <span class='ocr_line' id='line_1_12' title="bbox 483 1456 2378 1542; baseline 0.001 -18"><span class='ocrx_word' id='word_1_150' title='bbox 483 1458 525 1524; x_wconf 81' lang='lat' dir='ltr'><strong>In</strong></span> <span class='ocrx_word' id='word_1_151' title='bbox 546 1460 681 1540; x_wconf 69' lang='lat' dir='ltr'><strong>imagine</strong></span> <span class='ocrx_word' id='word_1_152' title='bbox 702 1463 810 1523; x_wconf 64' lang='lat' dir='ltr'><strong>neore</strong></span> <span class='ocrx_word' id='word_1_153' title='bbox 832 1459 998 1524; x_wconf 78' lang='lat' dir='ltr'><strong>seeundum</strong></span> <span class='ocrx_word' id='word_1_154' title='bbox 1018 1458 1113 1524; x_wconf 77' lang='lat' dir='ltr'><strong>simil</strong></span> <span class='ocrx_word' id='word_1_155' title='bbox 1145 1459 1217 1542; x_wconf 84' lang='lat' dir='ltr'><strong>Ego</strong></span> <span class='ocrx_word' id='word_1_156' title='bbox 1238 1461 1272 1524; x_wconf 92' lang='lat' dir='ltr'><strong>in</strong></span> <span class='ocrx_word' id='word_1_157' title='bbox 1295 1479 1370 1541; x_wconf 90' lang='lat' dir='ltr'><strong>par·</strong></span> <span class='ocrx_word' id='word_1_158' title='bbox 1419 1478 1488 1539; x_wconf 88' lang='lat' dir='ltr'><strong>eap.</strong></span> <span class='ocrx_word' id='word_1_159' title='bbox 1522 1458 1551 1522; x_wconf 82' lang='lat'><strong>2.</strong></span> <span class='ocrx_word' id='word_1_160' title='bbox 1583 1457 1703 1524; x_wconf 91' lang='lat' dir='ltr'><strong>elarius</strong></span> <span class='ocrx_word' id='word_1_161' title='bbox 1740 1456 1903 1540; x_wconf 86' lang='lat' dir='ltr'><strong>exprimit.</strong></span> <span class='ocrx_word' id='word_1_162' title='bbox 1963 1459 2037 1525; x_wconf 89' lang='lat' dir='ltr'><strong>Hoe</strong></span> <span class='ocrx_word' id='word_1_163' title='bbox 2072 1460 2170 1525; x_wconf 90' lang='lat' dir='ltr'><strong>etiam</strong></span> <span class='ocrx_word' id='word_1_164' title='bbox 2212 1461 2276 1526; x_wconf 93' lang='lat' dir='ltr'><strong>sibi</strong></span> <span class='ocrx_word' id='word_1_165' title='bbox 2317 1462 2378 1526; x_wconf 86' lang='lat' dir='ltr'><strong>vult</strong></span> 
     </span>
     <span class='ocr_line' id='line_1_13' title="bbox 397 1542 2378 1626; baseline 0.002 -18"><span class='ocrx_word' id='word_1_166' title='bbox 397 1544 506 1609; x_wconf 87' lang='lat' dir='ltr'><strong>tieulis</strong></span> <span class='ocrx_word' id='word_1_167' title='bbox 539 1555 616 1610; x_wconf 86' lang='lat' dir='ltr'><strong>:tet</strong></span> <span class='ocrx_word' id='word_1_168' title='bbox 643 1559 663 1612; x_wconf 74' lang='grc'>3</span> <span class='ocrx_word' id='word_1_169' title='bbox 690 1542 877 1626; x_wconf 87' lang='lat' dir='ltr'><strong>sarupnlose</strong></span> <span class='ocrx_word' id='word_1_170' title='bbox 905 1565 972 1608; x_wconf 91' lang='lat' dir='ltr'><strong>non</strong></span> <span class='ocrx_word' id='word_1_171' title='bbox 999 1544 1123 1610; x_wconf 88' lang='lat' dir='ltr'><strong>insisto.</strong></span> <span class='ocrx_word' id='word_1_172' title='bbox 1170 1542 1266 1624; x_wconf 80' lang='lat' dir='ltr'><strong>Quod</strong></span> <span class='ocrx_word' id='word_1_173' title='bbox 1287 1564 1369 1608; x_wconf 88' lang='lat' dir='ltr'><strong>non·</strong></span> <span class='ocrx_word' id='word_1_174' title='bbox 1420 1543 1600 1608; x_wconf 87' lang='lat' dir='ltr'><strong>Malaohias</strong></span> <span class='ocrx_word' id='word_1_175' title='bbox 1629 1564 1729 1626; x_wconf 89' lang='lat' dir='ltr'><strong>quum</strong></span> <span class='ocrx_word' id='word_1_176' title='bbox 1751 1544 1781 1608; x_wconf 84' lang='lat'><strong>2.</strong></span> <span class='ocrx_word' id='word_1_177' title='bbox 1811 1565 1879 1626; x_wconf 87' lang='lat' dir='ltr'><strong>esp.</strong></span> <span class='ocrx_word' id='word_1_178' title='bbox 1911 1542 1958 1608; x_wconf 85' lang='lat'><strong>15.</strong></span> <span class='ocrx_word' id='word_1_179' title='bbox 1996 1543 2110 1622; x_wconf 91' lang='lat' dir='ltr'><strong>tradit,</strong></span> <span class='ocrx_word' id='word_1_180' title='bbox 2138 1567 2242 1610; x_wconf 91' lang='lat' dir='ltr'><strong>unum</strong></span> <span class='ocrx_word' id='word_1_181' title='bbox 2271 1569 2292 1611; x_wconf 89' lang='lat' dir='ltr'><strong>a</strong></span> <span class='ocrx_word' id='word_1_182' title='bbox 2317 1545 2378 1612; x_wconf 88' lang='lat' dir='ltr'><strong>Deo</strong></span> 
     </span>
     <span class='ocr_line' id='line_1_14' title="bbox 397 1628 2379 1714; baseline 0 -20"><span class='ocrx_word' id='word_1_183' title='bbox 397 1629 481 1694; x_wconf 90' lang='lat' dir='ltr'><strong>nulli</strong></span> <span class='ocrx_word' id='word_1_184' title='bbox 509 1629 571 1695; x_wconf 90' lang='lat' dir='ltr'><strong>hoe</strong></span> <span class='ocrx_word' id='word_1_185' title='bbox 599 1628 722 1694; x_wconf 91' lang='lat' dir='ltr'><strong>dietum</strong></span> <span class='ocrx_word' id='word_1_186' title='bbox 753 1629 868 1693; x_wconf 91' lang='lat' dir='ltr'><strong>volunt</strong></span> <span class='ocrx_word' id='word_1_187' title='bbox 898 1629 975 1710; x_wconf 87' lang='lat' dir='ltr'><strong>qula</strong></span> <span class='ocrx_word' id='word_1_188' title='bbox 997 1628 1157 1694; x_wconf 81' lang='lat' dir='ltr'><strong>duntaxat</strong></span> <span class='ocrx_word' id='word_1_189' title='bbox 1179 1628 1370 1694; x_wconf 88' lang='lat' dir='ltr'><strong>adumbrata</strong></span> <span class='ocrx_word' id='word_1_190' title='bbox 1420 1637 1564 1695; x_wconf 85' lang='lat' dir='ltr'><strong>ereetum</strong></span> <span class='ocrx_word' id='word_1_191' title='bbox 1592 1629 1756 1694; x_wconf 88' lang='lat' dir='ltr'><strong>hominem</strong></span> <span class='ocrx_word' id='word_1_192' title='bbox 1785 1629 1900 1708; x_wconf 89' lang='lat' dir='ltr'><strong>fuisse,</strong></span> <span class='ocrx_word' id='word_1_193' title='bbox 1927 1650 2027 1712; x_wconf 88' lang='lat' dir='ltr'><strong>quum</strong></span> <span class='ocrx_word' id='word_1_194' title='bbox 2050 1639 2160 1697; x_wconf 65' lang='lat' dir='ltr'><strong>umen</strong></span> <span class='ocrx_word' id='word_1_195' title='bbox 2181 1633 2319 1714; x_wconf 90' lang='lat' dir='ltr'><strong>spiritus</strong></span> <span class='ocrx_word' id='word_1_196' title='bbox 2340 1631 2379 1696; x_wconf 89' lang='lat' dir='ltr'><strong>illi</strong></span> 
     </span>
     <span class='ocr_line' id='line_1_15' title="bbox 398 1712 2379 1800; baseline 0.002 -22"><span class='ocrx_word' id='word_1_197' title='bbox 398 1714 501 1780; x_wconf 88' lang='lat' dir='ltr'><strong>fuerit</strong></span> <span class='ocrx_word' id='word_1_198' title='bbox 521 1715 585 1780; x_wconf 91' lang='lat' dir='ltr'><strong>Dei</strong></span> <span class='ocrx_word' id='word_1_199' title='bbox 612 1716 730 1798; x_wconf 86' lang='lat' dir='ltr'><strong>imago,</strong></span> <span class='ocrx_word' id='word_1_200' title='bbox 760 1714 863 1780; x_wconf 88' lang='lat' dir='ltr'><strong>donee</strong></span> <span class='ocrx_word' id='word_1_201' title='bbox 884 1715 924 1778; x_wconf 90' lang='lat' dir='ltr'><strong>ad</strong></span> <span class='ocrx_word' id='word_1_202' title='bbox 947 1736 1039 1780; x_wconf 87' lang='lat' dir='ltr'><strong>suam</strong></span> <span class='ocrx_word' id='word_1_203' title='bbox 1062 1715 1291 1798; x_wconf 82' lang='lat' dir='ltr'><strong>perfeetionem</strong></span> <span class='ocrx_word' id='word_1_204' title='bbox 1317 1737 1370 1780; x_wconf 86' lang='lat' dir='ltr'><strong>ve·</strong></span> <span class='ocrx_word' id='word_1_205' title='bbox 1419 1723 1505 1779; x_wconf 90' lang='lat' dir='ltr'><strong>esset</strong></span> <span class='ocrx_word' id='word_1_206' title='bbox 1522 1712 1701 1780; x_wconf 90' lang='lat' dir='ltr'><strong>abundans.</strong></span> <span class='ocrx_word' id='word_1_207' title='bbox 1738 1715 1872 1780; x_wconf 78' lang='lat' dir='ltr'><strong>&#39;Praetat</strong></span> <span class='ocrx_word' id='word_1_208' title='bbox 1888 1715 1976 1782; x_wconf 91' lang='lat' dir='ltr'><strong>enim</strong></span> <span class='ocrx_word' id='word_1_209' title='bbox 2000 1715 2068 1782; x_wconf 91' lang='lat' dir='ltr'><strong>illio</strong></span> <span class='ocrx_word' id='word_1_210' title='bbox 2087 1714 2207 1781; x_wconf 81' lang='lat' dir='ltr'><strong>deiide</strong></span> <span class='ocrx_word' id='word_1_211' title='bbox 2225 1717 2379 1800; x_wconf 90' lang='lat' dir='ltr'><strong>eeniugali</strong></span> 
     </span>
     <span class='ocr_line' id='line_1_16' title="bbox 399 1798 2378 1883; baseline 0.001 -19"><span class='ocrx_word' id='word_1_212' title='bbox 399 1799 494 1878; x_wconf 90' lang='lat' dir='ltr'><strong>niret,</strong></span> <span class='ocrx_word' id='word_1_213' title='bbox 516 1801 621 1866; x_wconf 89' lang='lat' dir='ltr'><strong>neseio</strong></span> <span class='ocrx_word' id='word_1_214' title='bbox 644 1821 687 1864; x_wconf 93' lang='lat' dir='ltr'><strong>an</strong></span> <span class='ocrx_word' id='word_1_215' title='bbox 709 1802 840 1864; x_wconf 90' lang='lat' dir='ltr'><strong>firmum</strong></span> <span class='ocrx_word' id='word_1_216' title='bbox 861 1799 911 1866; x_wconf 90' lang='lat' dir='ltr'><strong>sit.</strong></span> <span class='ocrx_word' id='word_1_217' title='bbox 963 1800 1032 1866; x_wconf 91' lang='lat' dir='ltr'><strong>Res</strong></span> <span class='ocrx_word' id='word_1_218' title='bbox 1052 1799 1182 1883; x_wconf 92' lang='lat' dir='ltr'><strong>quidem</strong></span> <span class='ocrx_word' id='word_1_219' title='bbox 1204 1820 1283 1866; x_wconf 83' lang='lat' dir='ltr'><strong>vera</strong></span> <span class='ocrx_word' id='word_1_220' title='bbox 1305 1808 1369 1864; x_wconf 90' lang='lat' dir='ltr'><strong>est:</strong></span> <span class='ocrx_word' id='word_1_221' title='bbox 1420 1819 1516 1882; x_wconf 91' lang='lat' dir='ltr'><strong>quam</strong></span> <span class='ocrx_word' id='word_1_222' title='bbox 1528 1798 1640 1864; x_wconf 90' lang='lat' dir='ltr'><strong>Iudaei</strong></span> <span class='ocrx_word' id='word_1_223' title='bbox 1657 1821 1717 1864; x_wconf 90' lang='lat' dir='ltr'><strong>sua</strong></span> <span class='ocrx_word' id='word_1_224' title='bbox 1733 1800 1921 1883; x_wconf 87' lang='lat' dir='ltr'><strong>polygamia</strong></span> <span class='ocrx_word' id='word_1_225' title='bbox 1930 1799 2106 1866; x_wconf 77' lang='lat' dir='ltr'><strong>violabant.</strong></span> <span class='ocrx_word' id='word_1_226' title='bbox 2142 1801 2188 1868; x_wconf 92' lang='lat' dir='ltr'><strong>Ut</strong></span> <span class='ocrx_word' id='word_1_227' title='bbox 2199 1803 2261 1868; x_wconf 92' lang='lat' dir='ltr'><strong>boo</strong></span> <span class='ocrx_word' id='word_1_228' title='bbox 2274 1805 2378 1868; x_wconf 87' lang='lat' dir='ltr'><strong>vitium</strong></span> 
     </span>
     <span class='ocr_line' id='line_1_17' title="bbox 399 1883 2380 1969; baseline 0.001 -18"><span class='ocrx_word' id='word_1_229' title='bbox 399 1885 456 1951; x_wconf 90' lang='lat' dir='ltr'><strong>sed</strong></span> <span class='ocrx_word' id='word_1_230' title='bbox 474 1906 539 1951; x_wconf 90' lang='lat' dir='ltr'><strong>non</strong></span> <span class='ocrx_word' id='word_1_231' title='bbox 561 1895 642 1968; x_wconf 90' lang='lat' dir='ltr'><strong>pute</strong></span> <span class='ocrx_word' id='word_1_232' title='bbox 654 1885 740 1950; x_wconf 84' lang='lat' dir='ltr'><strong>Mosi</strong></span> <span class='ocrx_word' id='word_1_233' title='bbox 757 1885 822 1950; x_wconf 89' lang='lat' dir='ltr'><strong>tale</strong></span> <span class='ocrx_word' id='word_1_234' title='bbox 833 1883 1010 1968; x_wconf 90' lang='lat' dir='ltr'><strong>quidquam</strong></span> <span class='ocrx_word' id='word_1_235' title='bbox 1023 1887 1150 1952; x_wconf 86' lang='lat' dir='ltr'><strong>venisse</strong></span> <span class='ocrx_word' id='word_1_236' title='bbox 1167 1887 1201 1951; x_wconf 92' lang='lat' dir='ltr'><strong>in</strong></span> <span class='ocrx_word' id='word_1_237' title='bbox 1218 1893 1369 1951; x_wconf 89' lang='lat' dir='ltr'><strong>mentem.</strong></span> <span class='ocrx_word' id='word_1_238' title='bbox 1420 1885 1571 1967; x_wconf 77' lang='lat' dir='ltr'><strong>corrigat,</strong></span> <span class='ocrx_word' id='word_1_239' title='bbox 1593 1905 1653 1966; x_wconf 90' lang='lat' dir='ltr'><strong>par</strong></span> <span class='ocrx_word' id='word_1_240' title='bbox 1669 1883 1749 1950; x_wconf 92' lang='lat' dir='ltr'><strong>illnd</strong></span> <span class='ocrx_word' id='word_1_241' title='bbox 1769 1886 1882 1950; x_wconf 86' lang='lat' dir='ltr'><strong>viriet</strong></span> <span class='ocrx_word' id='word_1_242' title='bbox 1901 1886 2056 1964; x_wconf 85' lang='lat' dir='ltr'><strong>mulieris,</strong></span> <span class='ocrx_word' id='word_1_243' title='bbox 2078 1886 2163 1969; x_wconf 91' lang='lat' dir='ltr'><strong>quod</strong></span> <span class='ocrx_word' id='word_1_244' title='bbox 2184 1887 2279 1954; x_wconf 87' lang='lat' dir='ltr'><strong>Deus</strong></span> <span class='ocrx_word' id='word_1_245' title='bbox 2297 1889 2380 1952; x_wconf 88' lang='lat' dir='ltr'><strong>initio</strong></span> 
     </span>
     <span class='ocr_line' id='line_1_18' title="bbox 399 1969 2380 2056; baseline 0.002 -21"><span class='ocrx_word' id='word_1_246' title='bbox 399 1971 487 2036; x_wconf 84' lang='lat' dir='ltr'><strong>Vere</strong></span> <span class='ocrx_word' id='word_1_247' title='bbox 515 1979 549 2036; x_wconf 92' lang='lat' dir='ltr'><strong>et</strong></span> <span class='ocrx_word' id='word_1_248' title='bbox 578 1971 639 2036; x_wconf 90' lang='lat' dir='ltr'><strong>hoo</strong></span> <span class='ocrx_word' id='word_1_249' title='bbox 668 1969 803 2048; x_wconf 87' lang='lat' dir='ltr'><strong>dieitur,</strong></span> <span class='ocrx_word' id='word_1_250' title='bbox 824 1970 997 2036; x_wconf 76' lang='lat' dir='ltr'><strong>Christum</strong></span> <span class='ocrx_word' id='word_1_251' title='bbox 1025 1991 1095 2037; x_wconf 91' lang='lat' dir='ltr'><strong>esse</strong></span> <span class='ocrx_word' id='word_1_252' title='bbox 1118 1971 1246 2036; x_wconf 87' lang='lat' dir='ltr'><strong>unioam</strong></span> <span class='ocrx_word' id='word_1_253' title='bbox 1269 1971 1371 2054; x_wconf 88' lang='lat' dir='ltr'><strong>patris</strong></span> <span class='ocrx_word' id='word_1_254' title='bbox 1421 1970 1609 2048; x_wconf 87' lang='lat' dir='ltr'><strong>eoniunxit,</strong></span> <span class='ocrx_word' id='word_1_255' title='bbox 1637 1979 1729 2036; x_wconf 85' lang='lat' dir='ltr'><strong>voeat</strong></span> <span class='ocrx_word' id='word_1_256' title='bbox 1769 1992 1871 2036; x_wconf 91' lang='lat' dir='ltr'><strong>unum</strong></span> <span class='ocrx_word' id='word_1_257' title='bbox 1901 1971 2075 2038; x_wconf 85' lang='lat' dir='ltr'><strong>hominem.</strong></span> <span class='ocrx_word' id='word_1_258' title='bbox 2092 1981 2128 2038; x_wconf 91' lang='lat' dir='ltr'><strong>ut</strong></span> <span class='ocrx_word' id='word_1_259' title='bbox 2157 1993 2218 2039; x_wconf 91' lang='lat' dir='ltr'><strong>sua</strong></span> <span class='ocrx_word' id='word_1_260' title='bbox 2252 1974 2380 2056; x_wconf 88' lang='lat' dir='ltr'><strong>quisque</strong></span> 
     </span>
     <span class='ocr_line' id='line_1_19' title="bbox 399 2054 1945 2140; baseline -0.001 -19"><span class='ocrx_word' id='word_1_261' title='bbox 399 2057 587 2140; x_wconf 80' lang='lat' dir='ltr'><strong>imaginem:</strong></span> <span class='ocrx_word' id='word_1_262' title='bbox 608 2055 665 2122; x_wconf 92' lang='lat' dir='ltr'><strong>sed</strong></span> <span class='ocrx_word' id='word_1_263' title='bbox 687 2054 776 2122; x_wconf 88' lang='lat' dir='ltr'><strong>hune</strong></span> <span class='ocrx_word' id='word_1_264' title='bbox 795 2064 903 2120; x_wconf 91' lang='lat' dir='ltr'><strong>tamen</strong></span> <span class='ocrx_word' id='word_1_265' title='bbox 926 2075 1057 2122; x_wconf 90' lang='lat' dir='ltr'><strong>sensum</strong></span> <span class='ocrx_word' id='word_1_266' title='bbox 1068 2057 1171 2124; x_wconf 83' lang='lat' dir='ltr'><strong>Masis</strong></span> <span class='ocrx_word' id='word_1_267' title='bbox 1188 2056 1288 2123; x_wconf 88' lang='lat' dir='ltr'><strong>verba</strong></span> <span class='ocrx_word' id='word_1_268' title='bbox 1306 2077 1371 2120; x_wconf 91' lang='lat' dir='ltr'><strong>non</strong></span> <span class='ocrx_word' id='word_1_269' title='bbox 1421 2076 1525 2122; x_wconf 86' lang='lat' dir='ltr'><strong>uxore</strong></span> <span class='ocrx_word' id='word_1_270' title='bbox 1546 2063 1718 2122; x_wconf 90' lang='lat' dir='ltr'><strong>oontentus</strong></span> <span class='ocrx_word' id='word_1_271' title='bbox 1740 2077 1810 2122; x_wconf 91' lang='lat' dir='ltr'><strong>esse</strong></span> <span class='ocrx_word' id='word_1_272' title='bbox 1832 2055 1945 2124; x_wconf 87' lang='lat' dir='ltr'><strong>diseat.</strong></span> 
     </span>
     <span class='ocr_line' id='line_1_20' title="bbox 399 2139 2380 2224; baseline 0 -16"><span class='ocrx_word' id='word_1_273' title='bbox 399 2142 574 2224; x_wconf 82' lang='lat' dir='ltr'><strong>resipiant:</strong></span> <span class='ocrx_word' id='word_1_274' title='bbox 621 2142 661 2206; x_wconf 91' lang='lat' dir='ltr'><strong>In</strong></span> <span class='ocrx_word' id='word_1_275' title='bbox 694 2142 846 2224; x_wconf 89' lang='lat' dir='ltr'><strong>imagine,</strong></span> <span class='ocrx_word' id='word_1_276' title='bbox 875 2139 909 2205; x_wconf 94' lang='lat' dir='ltr'><strong>id</strong></span> <span class='ocrx_word' id='word_1_277' title='bbox 941 2152 991 2205; x_wconf 92' lang='lat' dir='ltr'><strong>est</strong></span> <span class='ocrx_word' id='word_1_278' title='bbox 1022 2145 1056 2206; x_wconf 92' lang='lat' dir='ltr'><strong>in</strong></span> <span class='ocrx_word' id='word_1_279' title='bbox 1080 2141 1222 2208; x_wconf 77' lang='lat' dir='ltr'><strong>Christo.</strong></span> <span class='ocrx_word' id='word_1_280' title='bbox 1278 2139 1372 2207; x_wconf 80' lang='lat' dir='ltr'><strong>Adde</strong></span> <span class='ocrx_word' id='word_1_281' title='bbox 1505 2141 1557 2206; x_wconf 87' lang='grc'><strong>28.</strong></span> <span class='ocrx_word' id='word_1_282' title='bbox 1580 2140 1625 2206; x_wconf 75' lang='lat' dir='ltr'><strong>ut</strong></span> <span class='ocrx_word' id='word_1_283' title='bbox 1650 2141 1804 2206; x_wconf 72' lang='lat' dir='ltr'><strong>benedixit</strong></span> <span class='ocrx_word' id='word_1_284' title='bbox 1829 2141 1896 2206; x_wconf 75' lang='lat' dir='ltr'><strong>tute</strong></span> <span class='ocrx_word' id='word_1_285' title='bbox 1923 2141 2020 2208; x_wconf 79' lang='lat' dir='ltr'><strong>Deus.</strong></span> <span class='ocrx_word' id='word_1_286' title='bbox 2073 2141 2165 2208; x_wconf 90' lang='lat' dir='ltr'><strong>Haeo</strong></span> <span class='ocrx_word' id='word_1_287' title='bbox 2194 2143 2262 2208; x_wconf 88' lang='lat' dir='ltr'><strong>Dei</strong></span> <span class='ocrx_word' id='word_1_288' title='bbox 2293 2143 2380 2209; x_wconf 88' lang='lat' dir='ltr'><strong>bene·</strong></span> 
     </span>
     <span class='ocr_line' id='line_1_21' title="bbox 398 2225 2381 2310; baseline 0.001 -18"><span class='ocrx_word' id='word_1_289' title='bbox 398 2227 485 2310; x_wconf 89' lang='lat' dir='ltr'><strong>quod</strong></span> <span class='ocrx_word' id='word_1_290' title='bbox 506 2227 567 2304; x_wconf 79' lang='lat' dir='ltr'><strong>vir,</strong></span> <span class='ocrx_word' id='word_1_291' title='bbox 589 2227 665 2293; x_wconf 92' lang='lat' dir='ltr'><strong>lieet</strong></span> <span class='ocrx_word' id='word_1_292' title='bbox 686 2226 750 2292; x_wconf 85' lang='lat' dir='ltr'><strong>aha</strong></span> <span class='ocrx_word' id='word_1_293' title='bbox 772 2245 824 2292; x_wconf 88' lang='lat' dir='ltr'><strong>res</strong></span> <span class='ocrx_word' id='word_1_294' title='bbox 848 2235 929 2305; x_wconf 86' lang='lat' dir='ltr'><strong>satu,</strong></span> <span class='ocrx_word' id='word_1_295' title='bbox 955 2226 1073 2292; x_wconf 88' lang='lat' dir='ltr'><strong>dieitur</strong></span> <span class='ocrx_word' id='word_1_296' title='bbox 1094 2228 1202 2310; x_wconf 87' lang='lat' dir='ltr'><strong>imago</strong></span> <span class='ocrx_word' id='word_1_297' title='bbox 1223 2227 1296 2292; x_wconf 88' lang='lat' dir='ltr'><strong>Dei.</strong></span> <span class='ocrx_word' id='word_1_298' title='bbox 1329 2226 1371 2291; x_wconf 90' lang='lat' dir='ltr'><strong>In</strong></span> <span class='ocrx_word' id='word_1_299' title='bbox 1421 2226 1519 2292; x_wconf 89' lang='lat' dir='ltr'><strong>dietio</strong></span> <span class='ocrx_word' id='word_1_300' title='bbox 1551 2225 1654 2292; x_wconf 88' lang='lat' dir='ltr'><strong>veluti</strong></span> <span class='ocrx_word' id='word_1_301' title='bbox 1684 2225 1848 2309; x_wconf 87' lang='lat' dir='ltr'><strong>seaturigo</strong></span> <span class='ocrx_word' id='word_1_302' title='bbox 1880 2236 1931 2292; x_wconf 91' lang='lat' dir='ltr'><strong>est</strong></span> <span class='ocrx_word' id='word_1_303' title='bbox 1963 2227 2048 2292; x_wconf 91' lang='lat' dir='ltr'><strong>unde</strong></span> <span class='ocrx_word' id='word_1_304' title='bbox 2080 2229 2176 2292; x_wconf 81' lang='lat' dir='ltr'><strong>fluxit</strong></span> <span class='ocrx_word' id='word_1_305' title='bbox 2208 2228 2381 2294; x_wconf 90' lang='lat' dir='ltr'><strong>humanum</strong></span> 
     </span>
     <span class='ocr_line' id='line_1_22' title="bbox 397 2311 2381 2398; baseline 0.001 -20"><span class='ocrx_word' id='word_1_306' title='bbox 397 2334 461 2396; x_wconf 90' lang='lat' dir='ltr'><strong>quo</strong></span> <span class='ocrx_word' id='word_1_307' title='bbox 482 2312 631 2377; x_wconf 90' lang='lat' dir='ltr'><strong>nonnulli</strong></span> <span class='ocrx_word' id='word_1_308' title='bbox 652 2311 790 2378; x_wconf 86' lang='lat' dir='ltr'><strong>Petrum</strong></span> <span class='ocrx_word' id='word_1_309' title='bbox 835 2312 937 2396; x_wconf 85' lang='lat' dir='ltr'><strong>saepti</strong></span> <span class='ocrx_word' id='word_1_310' title='bbox 959 2323 1052 2388; x_wconf 89' lang='lat' dir='ltr'><strong>sunt,</strong></span> <span class='ocrx_word' id='word_1_311' title='bbox 1081 2313 1136 2394; x_wconf 86' lang='lat' dir='ltr'><strong>qui</strong></span> <span class='ocrx_word' id='word_1_312' title='bbox 1159 2313 1314 2379; x_wconf 87' lang='lat' dir='ltr'><strong>Arrianos</strong></span> <span class='ocrx_word' id='word_1_313' title='bbox 1337 2335 1371 2378; x_wconf 91' lang='lat' dir='ltr'><strong>se</strong></span> <span class='ocrx_word' id='word_1_314' title='bbox 1422 2333 1535 2397; x_wconf 90' lang='lat' dir='ltr'><strong>genus.</strong></span> <span class='ocrx_word' id='word_1_315' title='bbox 1570 2312 1639 2378; x_wconf 91' lang='lat' dir='ltr'><strong>Nee</strong></span> <span class='ocrx_word' id='word_1_316' title='bbox 1657 2320 1785 2378; x_wconf 90' lang='lat' dir='ltr'><strong>tantum</strong></span> <span class='ocrx_word' id='word_1_317' title='bbox 1803 2313 1837 2376; x_wconf 93' lang='grc' dir='ltr'><strong>ιιι</strong></span> <span class='ocrx_word' id='word_1_318' title='bbox 1855 2311 1927 2394; x_wconf 90' lang='lat' dir='ltr'><strong>ipsa</strong></span> <span class='ocrx_word' id='word_1_319' title='bbox 1945 2313 2159 2378; x_wconf 85' lang='lat' dir='ltr'><strong>universitate</strong></span> <span class='ocrx_word' id='word_1_320' title='bbox 2178 2314 2272 2380; x_wconf 88' lang='lat' dir='ltr'><strong>nobis</strong></span> <span class='ocrx_word' id='word_1_321' title='bbox 2294 2335 2381 2398; x_wconf 90' lang='lat' dir='ltr'><strong>repu-</strong></span> 
     </span>
     <span class='ocr_line' id='line_1_23' title="bbox 398 2394 2381 2481; baseline -0.001 -18"><span class='ocrx_word' id='word_1_322' title='bbox 398 2397 569 2465; x_wconf 89' lang='lat' dir='ltr'><strong>oonfodere</strong></span> <span class='ocrx_word' id='word_1_323' title='bbox 596 2395 758 2481; x_wconf 85' lang='lat' dir='ltr'><strong>putabant</strong></span> <span class='ocrx_word' id='word_1_324' title='bbox 785 2394 846 2461; x_wconf 93' lang='lat' dir='ltr'><strong>hoe</strong></span> <span class='ocrx_word' id='word_1_325' title='bbox 879 2396 960 2475; x_wconf 90' lang='lat' dir='ltr'><strong>telo,</strong></span> <span class='ocrx_word' id='word_1_326' title='bbox 993 2397 1077 2481; x_wconf 92' lang='lat' dir='ltr'><strong>quod</strong></span> <span class='ocrx_word' id='word_1_327' title='bbox 1106 2397 1195 2464; x_wconf 91' lang='lat' dir='ltr'><strong>solus</strong></span> <span class='ocrx_word' id='word_1_328' title='bbox 1218 2398 1370 2464; x_wconf 80' lang='lat' dir='ltr'><strong>Christus</strong></span> <span class='ocrx_word' id='word_1_329' title='bbox 1422 2397 1522 2462; x_wconf 91' lang='lat' dir='ltr'><strong>tanda</strong></span> <span class='ocrx_word' id='word_1_330' title='bbox 1555 2409 1620 2476; x_wconf 89' lang='lat' dir='ltr'><strong>est,</strong></span> <span class='ocrx_word' id='word_1_331' title='bbox 1648 2396 1705 2462; x_wconf 91' lang='lat' dir='ltr'><strong>sed</strong></span> <span class='ocrx_word' id='word_1_332' title='bbox 1733 2398 1769 2464; x_wconf 88' lang='lat' dir='ltr'><strong>in</strong></span> <span class='ocrx_word' id='word_1_333' title='bbox 1803 2398 1941 2481; x_wconf 84' lang='lat' dir='ltr'><strong>singulis</strong></span> <span class='ocrx_word' id='word_1_334' title='bbox 1968 2419 2096 2480; x_wconf 91' lang='lat' dir='ltr'><strong>queque</strong></span> <span class='ocrx_word' id='word_1_335' title='bbox 2128 2399 2322 2479; x_wconf 87' lang='lat' dir='ltr'><strong>individuis,</strong></span> <span class='ocrx_word' id='word_1_336' title='bbox 2351 2411 2381 2464; x_wconf 92' lang='lat' dir='ltr'><strong>ut</strong></span> 
     </span>
     <span class='ocr_line' id='line_1_24' title="bbox 398 2481 2382 2568; baseline 0 -20"><span class='ocrx_word' id='word_1_337' title='bbox 398 2485 505 2568; x_wconf 89' lang='lat' dir='ltr'><strong>imago</strong></span> <span class='ocrx_word' id='word_1_338' title='bbox 526 2493 620 2548; x_wconf 90' lang='lat' dir='ltr'><strong>esset.</strong></span> <span class='ocrx_word' id='word_1_339' title='bbox 665 2483 792 2548; x_wconf 89' lang='lat' dir='ltr'><strong>Verum</strong></span> <span class='ocrx_word' id='word_1_340' title='bbox 815 2481 899 2549; x_wconf 89' lang='lat' dir='ltr'><strong>haee</strong></span> <span class='ocrx_word' id='word_1_341' title='bbox 924 2504 1050 2566; x_wconf 90' lang='lat' dir='ltr'><strong>quoque</strong></span> <span class='ocrx_word' id='word_1_342' title='bbox 1074 2483 1249 2550; x_wconf 86' lang='lat' dir='ltr'><strong>diffieultas</strong></span> <span class='ocrx_word' id='word_1_343' title='bbox 1271 2505 1370 2567; x_wconf 84' lang='lat' dir='ltr'><strong>expe·</strong></span> <span class='ocrx_word' id='word_1_344' title='bbox 1421 2483 1608 2565; x_wconf 88' lang='lat' dir='ltr'><strong>loquuntur.</strong></span> <span class='ocrx_word' id='word_1_345' title='bbox 1655 2483 1741 2548; x_wconf 87' lang='lat' dir='ltr'><strong>Nam</strong></span> <span class='ocrx_word' id='word_1_346' title='bbox 1769 2481 1811 2550; x_wconf 88' lang='lat' dir='ltr'><strong>ad</strong></span> <span class='ocrx_word' id='word_1_347' title='bbox 1839 2483 2038 2567; x_wconf 88' lang='lat' dir='ltr'><strong>gignendam</strong></span> <span class='ocrx_word' id='word_1_348' title='bbox 2067 2482 2209 2550; x_wconf 89' lang='lat' dir='ltr'><strong>sobolem</strong></span> <span class='ocrx_word' id='word_1_349' title='bbox 2239 2484 2382 2551; x_wconf 89' lang='lat' dir='ltr'><strong>foeeundi</strong></span> 
     </span>
     <span class='ocr_line' id='line_1_25' title="bbox 399 2566 2382 2654; baseline 0.001 -20"><span class='ocrx_word' id='word_1_350' title='bbox 399 2566 517 2636; x_wconf 90' lang='lat' dir='ltr'><strong>dienda</strong></span> <span class='ocrx_word' id='word_1_351' title='bbox 538 2575 597 2647; x_wconf 91' lang='lat' dir='ltr'><strong>est,</strong></span> <span class='ocrx_word' id='word_1_352' title='bbox 627 2590 686 2634; x_wconf 90' lang='lat' dir='ltr'><strong>eur</strong></span> <span class='ocrx_word' id='word_1_353' title='bbox 704 2566 829 2634; x_wconf 89' lang='lat' dir='ltr'><strong>Paulus</strong></span> <span class='ocrx_word' id='word_1_354' title='bbox 851 2577 949 2652; x_wconf 89' lang='lat' dir='ltr'><strong>neget</strong></span> <span class='ocrx_word' id='word_1_355' title='bbox 970 2569 1140 2636; x_wconf 88' lang='lat' dir='ltr'><strong>mulierem</strong></span> <span class='ocrx_word' id='word_1_356' title='bbox 1162 2589 1233 2634; x_wconf 90' lang='lat' dir='ltr'><strong>esse</strong></span> <span class='ocrx_word' id='word_1_357' title='bbox 1254 2569 1370 2654; x_wconf 92' lang='lat' dir='ltr'><strong>imagi·</strong></span> <span class='ocrx_word' id='word_1_358' title='bbox 1422 2589 1545 2646; x_wconf 91' lang='lat' dir='ltr'><strong>sumus,</strong></span> <span class='ocrx_word' id='word_1_359' title='bbox 1563 2577 1623 2634; x_wconf 89' lang='lat' dir='ltr'><strong>aut</strong></span> <span class='ocrx_word' id='word_1_360' title='bbox 1647 2569 1784 2649; x_wconf 87' lang='lat' dir='ltr'><strong>steriles,</strong></span> <span class='ocrx_word' id='word_1_361' title='bbox 1806 2580 1904 2652; x_wconf 89' lang='lat' dir='ltr'><strong>prout</strong></span> <span class='ocrx_word' id='word_1_362' title='bbox 1920 2588 2013 2634; x_wconf 88' lang='lat' dir='ltr'><strong>suam</strong></span> <span class='ocrx_word' id='word_1_363' title='bbox 2035 2570 2107 2634; x_wconf 90' lang='lat' dir='ltr'><strong>aliis</strong></span> <span class='ocrx_word' id='word_1_364' title='bbox 2124 2571 2280 2636; x_wconf 88' lang='lat' dir='ltr'><strong>virtutem</strong></span> <span class='ocrx_word' id='word_1_365' title='bbox 2299 2569 2382 2636; x_wconf 90' lang='lat' dir='ltr'><strong>Deus</strong></span> 
     </span>
     <span class='ocr_line' id='line_1_26' title="bbox 399 2653 2382 2739; baseline -0.001 -20"><span class='ocrx_word' id='word_1_366' title='bbox 399 2676 475 2720; x_wconf 89' lang='lat' dir='ltr'><strong>nem</strong></span> <span class='ocrx_word' id='word_1_367' title='bbox 498 2654 577 2720; x_wconf 88' lang='lat' dir='ltr'><strong>Dei:</strong></span> <span class='ocrx_word' id='word_1_368' title='bbox 599 2675 699 2737; x_wconf 90' lang='lat' dir='ltr'><strong>quum</strong></span> <span class='ocrx_word' id='word_1_369' title='bbox 721 2654 830 2719; x_wconf 87' lang='lat' dir='ltr'><strong>Moses</strong></span> <span class='ocrx_word' id='word_1_370' title='bbox 852 2663 1027 2736; x_wconf 89' lang='lat' dir='ltr'><strong>utrumque</strong></span> <span class='ocrx_word' id='word_1_371' title='bbox 1053 2675 1166 2720; x_wconf 78' lang='lat' dir='ltr'><strong>sexum</strong></span> <span class='ocrx_word' id='word_1_372' title='bbox 1189 2656 1373 2737; x_wconf 83' lang='lat' dir='ltr'><strong>promissus</strong></span> <span class='ocrx_word' id='word_1_373' title='bbox 1421 2653 1573 2732; x_wconf 77' lang='lat' dir='ltr'><strong>infundit,</strong></span> <span class='ocrx_word' id='word_1_374' title='bbox 1596 2663 1629 2719; x_wconf 91' lang='lat' dir='ltr'><strong>et</strong></span> <span class='ocrx_word' id='word_1_375' title='bbox 1651 2654 1764 2719; x_wconf 88' lang='lat' dir='ltr'><strong>eadem</strong></span> <span class='ocrx_word' id='word_1_376' title='bbox 1783 2655 1862 2720; x_wconf 91' lang='lat' dir='ltr'><strong>alios</strong></span> <span class='ocrx_word' id='word_1_377' title='bbox 1880 2655 1997 2738; x_wconf 86' lang='lat' dir='ltr'><strong>privat.</strong></span> <span class='ocrx_word' id='word_1_378' title='bbox 2043 2653 2110 2722; x_wconf 79' lang='lat' dir='ltr'><strong>Sed</strong></span> <span class='ocrx_word' id='word_1_379' title='bbox 2128 2655 2180 2722; x_wconf 91' lang='lat' dir='ltr'><strong>hie</strong></span> <span class='ocrx_word' id='word_1_380' title='bbox 2198 2656 2382 2739; x_wconf 88' lang='lat' dir='ltr'><strong>simplieitsr</strong></span> 
     </span>
     <span class='ocr_line' id='line_1_27' title="bbox 401 2737 2383 2823; baseline 0.001 -19"><span class='ocrx_word' id='word_1_381' title='bbox 401 2741 462 2806; x_wconf 93' lang='lat' dir='ltr'><strong>hoo</strong></span> <span class='ocrx_word' id='word_1_382' title='bbox 489 2740 584 2806; x_wconf 90' lang='lat' dir='ltr'><strong>titulo</strong></span> <span class='ocrx_word' id='word_1_383' title='bbox 614 2739 760 2806; x_wconf 86' lang='lat' dir='ltr'><strong>honoret.</strong></span> <span class='ocrx_word' id='word_1_384' title='bbox 804 2737 933 2804; x_wconf 75' lang='lat' dir='ltr'><strong>Solatia</strong></span> <span class='ocrx_word' id='word_1_385' title='bbox 963 2740 1072 2807; x_wconf 86' lang='lat' dir='ltr'><strong>brevis</strong></span> <span class='ocrx_word' id='word_1_386' title='bbox 1101 2749 1158 2816; x_wconf 91' lang='lat' dir='ltr'><strong>est,</strong></span> <span class='ocrx_word' id='word_1_387' title='bbox 1187 2740 1275 2823; x_wconf 91' lang='lat' dir='ltr'><strong>quod</strong></span> <span class='ocrx_word' id='word_1_388' title='bbox 1304 2740 1371 2806; x_wconf 93' lang='lat' dir='ltr'><strong>illio</strong></span> <span class='ocrx_word' id='word_1_389' title='bbox 1423 2738 1536 2804; x_wconf 89' lang='lat' dir='ltr'><strong>dooere</strong></span> <span class='ocrx_word' id='word_1_390' title='bbox 1565 2740 1668 2804; x_wconf 84' lang='lat' dir='ltr'><strong>voluit</strong></span> <span class='ocrx_word' id='word_1_391' title='bbox 1695 2740 1819 2816; x_wconf 87' lang='lat' dir='ltr'><strong>Moses,</strong></span> <span class='ocrx_word' id='word_1_392' title='bbox 1844 2741 1949 2806; x_wconf 80' lang='lat' dir='ltr'><strong>Adam</strong></span> <span class='ocrx_word' id='word_1_393' title='bbox 1980 2762 2055 2806; x_wconf 81' lang='lat' dir='ltr'><strong>eum</strong></span> <span class='ocrx_word' id='word_1_394' title='bbox 2083 2762 2142 2806; x_wconf 93' lang='lat' dir='ltr'><strong>sua</strong></span> <span class='ocrx_word' id='word_1_395' title='bbox 2165 2762 2268 2807; x_wconf 82' lang='lat' dir='ltr'><strong>uxore</strong></span> <span class='ocrx_word' id='word_1_396' title='bbox 2288 2742 2383 2806; x_wconf 81' lang='lat' dir='ltr'><strong>fuisse</strong></span> 
     </span>
     <span class='ocr_line' id='line_1_28' title="bbox 400 2824 2383 2910; baseline -0.001 -18"><span class='ocrx_word' id='word_1_397' title='bbox 400 2827 524 2893; x_wconf 90' lang='lat' dir='ltr'><strong>Paulus</strong></span> <span class='ocrx_word' id='word_1_398' title='bbox 547 2827 678 2892; x_wconf 90' lang='lat' dir='ltr'><strong>nonnisi</strong></span> <span class='ocrx_word' id='word_1_399' title='bbox 701 2825 943 2890; x_wconf 90' lang='lat' dir='ltr'><strong>oeeonomioum</strong></span> <span class='ocrx_word' id='word_1_400' title='bbox 970 2834 1091 2890; x_wconf 87' lang='lat' dir='ltr'><strong>statum</strong></span> <span class='ocrx_word' id='word_1_401' title='bbox 1113 2827 1257 2910; x_wconf 88' lang='lat' dir='ltr'><strong>attingit.</strong></span> <span class='ocrx_word' id='word_1_402' title='bbox 1306 2826 1371 2892; x_wconf 80' lang='lat' dir='ltr'><strong>Ita·</strong></span> <span class='ocrx_word' id='word_1_403' title='bbox 1422 2825 1588 2890; x_wconf 89' lang='lat' dir='ltr'><strong>eonditum</strong></span> <span class='ocrx_word' id='word_1_404' title='bbox 1621 2824 1662 2890; x_wconf 92' lang='lat' dir='ltr'><strong>ad</strong></span> <span class='ocrx_word' id='word_1_405' title='bbox 1697 2825 1941 2909; x_wconf 83' lang='lat' dir='ltr'><strong>propagandam</strong></span> <span class='ocrx_word' id='word_1_406' title='bbox 1980 2825 2139 2904; x_wconf 84' lang='lat' dir='ltr'><strong>sobolem,</strong></span> <span class='ocrx_word' id='word_1_407' title='bbox 2171 2841 2210 2891; x_wconf 89' lang='lat' dir='ltr'><strong>ut</strong></span> <span class='ocrx_word' id='word_1_408' title='bbox 2241 2827 2383 2892; x_wconf 88' lang='lat' dir='ltr'><strong>homines</strong></span> 
     </span>
     <span class='ocr_line' id='line_1_29' title="bbox 400 2909 2382 2995; baseline 0.001 -19"><span class='ocrx_word' id='word_1_409' title='bbox 400 2932 463 2994; x_wconf 93' lang='lat' dir='ltr'><strong>que</strong></span> <span class='ocrx_word' id='word_1_410' title='bbox 492 2911 666 2994; x_wconf 87' lang='lat' dir='ltr'><strong>imaginem</strong></span> <span class='ocrx_word' id='word_1_411' title='bbox 694 2909 760 2975; x_wconf 92' lang='lat' dir='ltr'><strong>Dei</strong></span> <span class='ocrx_word' id='word_1_412' title='bbox 793 2912 961 2993; x_wconf 86' lang='lat' dir='ltr'><strong>restringit</strong></span> <span class='ocrx_word' id='word_1_413' title='bbox 992 2911 1034 2976; x_wconf 92' lang='lat' dir='ltr'><strong>ad</strong></span> <span class='ocrx_word' id='word_1_414' title='bbox 1062 2912 1278 2995; x_wconf 89' lang='lat' dir='ltr'><strong>prineipatum</strong></span> <span class='ocrx_word' id='word_1_415' title='bbox 1308 2933 1371 2994; x_wconf 92' lang='lat' dir='ltr'><strong>quo</strong></span> <span class='ocrx_word' id='word_1_416' title='bbox 1422 2910 1555 2976; x_wconf 87' lang='lat' dir='ltr'><strong>tandem</strong></span> <span class='ocrx_word' id='word_1_417' title='bbox 1573 2919 1694 2976; x_wconf 89' lang='lat' dir='ltr'><strong>terram</strong></span> <span class='ocrx_word' id='word_1_418' title='bbox 1706 2911 1886 2993; x_wconf 88' lang='lat' dir='ltr'><strong>implerent.</strong></span> <span class='ocrx_word' id='word_1_419' title='bbox 1926 2911 2037 2976; x_wconf 89' lang='lat' dir='ltr'><strong>Potuit</strong></span> <span class='ocrx_word' id='word_1_420' title='bbox 2047 2912 2116 2994; x_wconf 92' lang='lat' dir='ltr'><strong>ipse</strong></span> <span class='ocrx_word' id='word_1_421' title='bbox 2127 2911 2382 2994; x_wconf 83' lang='lat' dir='ltr'><strong>quidemtsrram</strong></span> 
     </span>
     <span class='ocr_line' id='line_1_30' title="bbox 400 2995 2382 3081; baseline 0 -19"><span class='ocrx_word' id='word_1_422' title='bbox 400 2997 453 3062; x_wconf 79' lang='lat' dir='ltr'><strong>vir</strong></span> <span class='ocrx_word' id='word_1_423' title='bbox 474 2997 605 3062; x_wconf 84' lang='lat' dir='ltr'><strong>exeellit</strong></span> <span class='ocrx_word' id='word_1_424' title='bbox 625 3015 725 3078; x_wconf 89' lang='lat' dir='ltr'><strong>snpra</strong></span> <span class='ocrx_word' id='word_1_425' title='bbox 746 3016 897 3061; x_wconf 74' lang='lat' dir='ltr'><strong>morem:</strong></span> <span class='ocrx_word' id='word_1_426' title='bbox 921 3017 981 3062; x_wconf 90' lang='lat' dir='ltr'><strong>neo</strong></span> <span class='ocrx_word' id='word_1_427' title='bbox 999 3006 1086 3062; x_wconf 86' lang='lat' dir='ltr'><strong>serta</strong></span> <span class='ocrx_word' id='word_1_428' title='bbox 1103 2997 1190 3062; x_wconf 91' lang='lat' dir='ltr'><strong>aliud</strong></span> <span class='ocrx_word' id='word_1_429' title='bbox 1208 2997 1372 3081; x_wconf 85' lang='lat' dir='ltr'><strong>signifieat</strong></span> <span class='ocrx_word' id='word_1_430' title='bbox 1422 2996 1548 3079; x_wconf 91' lang='lat' dir='ltr'><strong>operire</strong></span> <span class='ocrx_word' id='word_1_431' title='bbox 1574 2995 1745 3062; x_wconf 89' lang='lat' dir='ltr'><strong>hominum</strong></span> <span class='ocrx_word' id='word_1_432' title='bbox 1774 2996 1883 3063; x_wconf 91' lang='lat' dir='ltr'><strong>turba:</strong></span> <span class='ocrx_word' id='word_1_433' title='bbox 1908 2996 1964 3062; x_wconf 89' lang='lat' dir='ltr'><strong>sed</strong></span> <span class='ocrx_word' id='word_1_434' title='bbox 1987 3017 2027 3062; x_wconf 86' lang='lat' dir='ltr'><strong>ex</strong></span> <span class='ocrx_word' id='word_1_435' title='bbox 2050 3017 2116 3063; x_wconf 88' lang='lat' dir='ltr'><strong>uno</strong></span> <span class='ocrx_word' id='word_1_436' title='bbox 2143 2998 2235 3063; x_wconf 88' lang='lat' dir='ltr'><strong>fonte</strong></span> <span class='ocrx_word' id='word_1_437' title='bbox 2261 2998 2382 3080; x_wconf 90' lang='lat' dir='ltr'><strong>prodire</strong></span> 
     </span>
     <span class='ocr_line' id='line_1_31' title="bbox 400 3080 2382 3166; baseline 0 -18"><span class='ocrx_word' id='word_1_438' title='bbox 400 3103 497 3164; x_wconf 90' lang='lat' dir='ltr'><strong>quam</strong></span> <span class='ocrx_word' id='word_1_439' title='bbox 528 3081 632 3166; x_wconf 90' lang='lat' dir='ltr'><strong>gradu</strong></span> <span class='ocrx_word' id='word_1_440' title='bbox 660 3080 795 3147; x_wconf 90' lang='lat' dir='ltr'><strong>honoris</strong></span> <span class='ocrx_word' id='word_1_441' title='bbox 822 3081 1021 3163; x_wconf 90' lang='lat' dir='ltr'><strong>superiorem</strong></span> <span class='ocrx_word' id='word_1_442' title='bbox 1051 3103 1130 3148; x_wconf 89' lang='lat' dir='ltr'><strong>esse.</strong></span> <span class='ocrx_word' id='word_1_443' title='bbox 1176 3082 1239 3148; x_wconf 89' lang='lat' dir='ltr'><strong>Hie</strong></span> <span class='ocrx_word' id='word_1_444' title='bbox 1261 3095 1370 3148; x_wconf 80' lang='lat' dir='ltr'><strong>autem</strong></span> <span class='ocrx_word' id='word_1_445' title='bbox 1422 3102 1481 3146; x_wconf 91' lang='lat' dir='ltr'><strong>nos</strong></span> <span class='ocrx_word' id='word_1_446' title='bbox 1503 3102 1615 3147; x_wconf 91' lang='lat' dir='ltr'><strong>omnes</strong></span> <span class='ocrx_word' id='word_1_447' title='bbox 1637 3082 1748 3162; x_wconf 89' lang='lat' dir='ltr'><strong>voluit,</strong></span> <span class='ocrx_word' id='word_1_448' title='bbox 1769 3089 1807 3148; x_wconf 89' lang='lat' dir='ltr'><strong>ut</strong></span> <span class='ocrx_word' id='word_1_449' title='bbox 1824 3081 1930 3148; x_wconf 92' lang='lat' dir='ltr'><strong>maius</strong></span> <span class='ocrx_word' id='word_1_450' title='bbox 1946 3093 2033 3148; x_wconf 86' lang='lat' dir='ltr'><strong>esset</strong></span> <span class='ocrx_word' id='word_1_451' title='bbox 2049 3091 2183 3148; x_wconf 89' lang='lat' dir='ltr'><strong>mutuae</strong></span> <span class='ocrx_word' id='word_1_452' title='bbox 2200 3082 2382 3148; x_wconf 88' lang='lat' dir='ltr'><strong>eoneordiae</strong></span> 
     </span>
     <span class='ocr_line' id='line_1_32' title="bbox 400 3166 2382 3252; baseline 0 -18"><span class='ocrx_word' id='word_1_453' title='bbox 400 3167 442 3234; x_wconf 92' lang='lat' dir='ltr'><strong>ds</strong></span> <span class='ocrx_word' id='word_1_454' title='bbox 463 3166 568 3252; x_wconf 87' lang='lat' dir='ltr'><strong>gloria</strong></span> <span class='ocrx_word' id='word_1_455' title='bbox 588 3166 653 3231; x_wconf 89' lang='lat' dir='ltr'><strong>Dei</strong></span> <span class='ocrx_word' id='word_1_456' title='bbox 674 3167 783 3250; x_wconf 87' lang='lat' dir='ltr'><strong>agitur</strong></span> <span class='ocrx_word' id='word_1_457' title='bbox 804 3185 885 3250; x_wconf 88' lang='lat' dir='ltr'><strong>quae</strong></span> <span class='ocrx_word' id='word_1_458' title='bbox 913 3168 948 3231; x_wconf 90' lang='lat' dir='ltr'><strong>in</strong></span> <span class='ocrx_word' id='word_1_459' title='bbox 969 3177 1088 3232; x_wconf 88' lang='lat' dir='ltr'><strong>natura</strong></span> <span class='ocrx_word' id='word_1_460' title='bbox 1109 3167 1251 3234; x_wconf 86' lang='lat' dir='ltr'><strong>humana</strong></span> <span class='ocrx_word' id='word_1_461' title='bbox 1274 3187 1371 3252; x_wconf 88' lang='lat' dir='ltr'><strong>pseu·</strong></span> <span class='ocrx_word' id='word_1_462' title='bbox 1422 3166 1586 3246; x_wconf 90' lang='lat' dir='ltr'><strong>studium,</strong></span> <span class='ocrx_word' id='word_1_463' title='bbox 1609 3177 1641 3232; x_wconf 92' lang='lat' dir='ltr'><strong>et</strong></span> <span class='ocrx_word' id='word_1_464' title='bbox 1667 3166 1723 3232; x_wconf 88' lang='lat' dir='ltr'><strong>alii</strong></span> <span class='ocrx_word' id='word_1_465' title='bbox 1750 3167 1829 3233; x_wconf 91' lang='lat' dir='ltr'><strong>alios</strong></span> <span class='ocrx_word' id='word_1_466' title='bbox 1857 3167 2010 3234; x_wconf 90' lang='lat' dir='ltr'><strong>libentius</strong></span> <span class='ocrx_word' id='word_1_467' title='bbox 2038 3167 2132 3249; x_wconf 88' lang='lat' dir='ltr'><strong>quasi</strong></span> <span class='ocrx_word' id='word_1_468' title='bbox 2158 3188 2290 3234; x_wconf 87' lang='lat' dir='ltr'><strong>earnem</strong></span> <span class='ocrx_word' id='word_1_469' title='bbox 2317 3189 2382 3252; x_wconf 91' lang='lat' dir='ltr'><strong>pro·</strong></span> 
     </span>
     <span class='ocr_line' id='line_1_33' title="bbox 399 3251 2382 3336; baseline 0 -18"><span class='ocrx_word' id='word_1_470' title='bbox 399 3253 525 3318; x_wconf 89' lang='lat' dir='ltr'><strong>liariter</strong></span> <span class='ocrx_word' id='word_1_471' title='bbox 551 3252 705 3334; x_wconf 86' lang='lat' dir='ltr'><strong>refulget,</strong></span> <span class='ocrx_word' id='word_1_472' title='bbox 745 3252 823 3318; x_wconf 91' lang='lat' dir='ltr'><strong>dum</strong></span> <span class='ocrx_word' id='word_1_473' title='bbox 855 3272 964 3327; x_wconf 87' lang='lat' dir='ltr'><strong>mens,</strong></span> <span class='ocrx_word' id='word_1_474' title='bbox 997 3253 1159 3330; x_wconf 85' lang='lat' dir='ltr'><strong>voluntas,</strong></span> <span class='ocrx_word' id='word_1_475' title='bbox 1193 3274 1372 3336; x_wconf 90' lang='lat' dir='ltr'><strong>sensusque</strong></span> <span class='ocrx_word' id='word_1_476' title='bbox 1422 3253 1527 3336; x_wconf 91' lang='lat' dir='ltr'><strong>priam</strong></span> <span class='ocrx_word' id='word_1_477' title='bbox 1562 3252 1862 3334; x_wconf 87' lang='lat' dir='ltr'><strong>eompleoterentur.</strong></span> <span class='ocrx_word' id='word_1_478' title='bbox 1911 3253 2015 3318; x_wconf 90' lang='lat' dir='ltr'><strong>Porro</strong></span> <span class='ocrx_word' id='word_1_479' title='bbox 2046 3252 2318 3335; x_wconf 88' lang='lat' dir='ltr'><strong>quemadmodum</strong></span> <span class='ocrx_word' id='word_1_480' title='bbox 2346 3251 2382 3318; x_wconf 90' lang='lat' dir='ltr'><strong>ad</strong></span> 
     </span>
     <span class='ocr_line' id='line_1_34' title="bbox 400 3337 2382 3422; baseline 0 -18"><span class='ocrx_word' id='word_1_481' title='bbox 400 3359 514 3404; x_wconf 90' lang='lat' dir='ltr'><strong>omnes</strong></span> <span class='ocrx_word' id='word_1_482' title='bbox 535 3338 682 3404; x_wconf 84' lang='lat' dir='ltr'><strong>divinum</strong></span> <span class='ocrx_word' id='word_1_483' title='bbox 702 3337 851 3403; x_wconf 89' lang='lat' dir='ltr'><strong>ordinem</strong></span> <span class='ocrx_word' id='word_1_484' title='bbox 871 3347 1127 3420; x_wconf 87' lang='lat' dir='ltr'><strong>repraesentant.</strong></span> <span class='ocrx_word' id='word_1_485' title='bbox 1424 3347 1543 3403; x_wconf 91' lang='lat' dir='ltr'><strong>terram</strong></span> <span class='ocrx_word' id='word_1_486' title='bbox 1572 3338 1793 3422; x_wconf 90' lang='lat' dir='ltr'><strong>ooeupandam</strong></span> <span class='ocrx_word' id='word_1_487' title='bbox 1821 3339 1921 3404; x_wconf 84' lang='lat' dir='ltr'><strong>oresti</strong></span> <span class='ocrx_word' id='word_1_488' title='bbox 1949 3349 2028 3403; x_wconf 91' lang='lat' dir='ltr'><strong>sunt</strong></span> <span class='ocrx_word' id='word_1_489' title='bbox 2054 3337 2214 3418; x_wconf 89' lang='lat' dir='ltr'><strong>homines,</strong></span> <span class='ocrx_word' id='word_1_490' title='bbox 2233 3341 2280 3406; x_wconf 86' lang='lat' dir='ltr'><strong>ita</strong></span> <span class='ocrx_word' id='word_1_491' title='bbox 2300 3349 2382 3406; x_wconf 83' lang='lat' dir='ltr'><strong>oerto</strong></span> 
     </span>
     <span class='ocr_line' id='line_1_35' title="bbox 485 3422 2383 3507; baseline 0.001 -17"><span class='ocrx_word' id='word_1_492' title='bbox 485 3423 529 3490; x_wconf 76' lang='lat' dir='ltr'><strong>ut</strong></span> <span class='ocrx_word' id='word_1_493' title='bbox 549 3425 733 3491; x_wconf 76' lang='lat' dir='ltr'><strong>dominetur.</strong></span> <span class='ocrx_word' id='word_1_494' title='bbox 783 3423 849 3489; x_wconf 89' lang='lat' dir='ltr'><strong>Hie</strong></span> <span class='ocrx_word' id='word_1_495' title='bbox 880 3433 1008 3507; x_wconf 90' lang='lat' dir='ltr'><strong>partem</strong></span> <span class='ocrx_word' id='word_1_496' title='bbox 1036 3422 1204 3507; x_wconf 89' lang='lat' dir='ltr'><strong>dignitatis</strong></span> <span class='ocrx_word' id='word_1_497' title='bbox 1231 3444 1371 3490; x_wconf 91' lang='lat' dir='ltr'><strong>oomme·</strong></span> <span class='ocrx_word' id='word_1_498' title='bbox 1421 3429 1567 3490; x_wconf 85' lang='lat' dir='ltr'><strong>statuere</strong></span> <span class='ocrx_word' id='word_1_499' title='bbox 1588 3423 1750 3504; x_wconf 91' lang='lat' dir='ltr'><strong>debemus,</strong></span> <span class='ocrx_word' id='word_1_500' title='bbox 1771 3425 1881 3490; x_wconf 91' lang='lat' dir='ltr'><strong>Deum</strong></span> <span class='ocrx_word' id='word_1_501' title='bbox 1903 3436 2009 3489; x_wconf 88' lang='lat' dir='ltr'><strong>terrae</strong></span> <span class='ocrx_word' id='word_1_502' title='bbox 2030 3426 2173 3506; x_wconf 86' lang='lat' dir='ltr'><strong>spatium</strong></span> <span class='ocrx_word' id='word_1_503' title='bbox 2197 3426 2383 3490; x_wconf 88' lang='lat' dir='ltr'><strong>terminasse</strong></span> 
     </span>
     <span class='ocr_line' id='line_1_36' title="bbox 399 3507 2383 3594; baseline -0.001 -18"><span class='ocrx_word' id='word_1_504' title='bbox 399 3520 507 3576; x_wconf 90' lang='lat' dir='ltr'><strong>morat</strong></span> <span class='ocrx_word' id='word_1_505' title='bbox 544 3529 609 3593; x_wconf 93' lang='lat' dir='ltr'><strong>qua</strong></span> <span class='ocrx_word' id='word_1_506' title='bbox 643 3509 792 3575; x_wconf 80' lang='lat' dir='ltr'><strong>deersvit</strong></span> <span class='ocrx_word' id='word_1_507' title='bbox 822 3509 986 3575; x_wconf 90' lang='lat' dir='ltr'><strong>hominem</strong></span> <span class='ocrx_word' id='word_1_508' title='bbox 1018 3529 1150 3587; x_wconf 89' lang='lat' dir='ltr'><strong>ornare,</strong></span> <span class='ocrx_word' id='word_1_509' title='bbox 1183 3531 1301 3594; x_wconf 91' lang='lat' dir='ltr'><strong>nempe</strong></span> <span class='ocrx_word' id='word_1_510' title='bbox 1334 3520 1371 3575; x_wconf 92' lang='lat' dir='ltr'><strong>ut</strong></span> <span class='ocrx_word' id='word_1_511' title='bbox 1421 3509 1506 3592; x_wconf 91' lang='lat' dir='ltr'><strong>quod</strong></span> <span class='ocrx_word' id='word_1_512' title='bbox 1534 3509 1575 3573; x_wconf 90' lang='lat' dir='ltr'><strong>ad</strong></span> <span class='ocrx_word' id='word_1_513' title='bbox 1604 3509 1778 3591; x_wconf 81' lang='lat' dir='ltr'><strong>sapiendos</strong></span> <span class='ocrx_word' id='word_1_514' title='bbox 1809 3507 1974 3587; x_wconf 88' lang='lat' dir='ltr'><strong>homines,</strong></span> <span class='ocrx_word' id='word_1_515' title='bbox 2006 3507 2292 3594; x_wconf 88' lang='lat' dir='ltr'><strong>praebendumque</strong></span> <span class='ocrx_word' id='word_1_516' title='bbox 2322 3511 2383 3574; x_wconf 90' lang='lat' dir='ltr'><strong>illis</strong></span> 
     </span>
     <span class='ocr_line' id='line_1_37' title="bbox 399 3593 2383 3680; baseline 0.001 -20"><span class='ocrx_word' id='word_1_517' title='bbox 399 3595 524 3679; x_wconf 89' lang='lat' dir='ltr'><strong>praesit</strong></span> <span class='ocrx_word' id='word_1_518' title='bbox 539 3596 666 3660; x_wconf 90' lang='lat' dir='ltr'><strong>eunetis</strong></span> <span class='ocrx_word' id='word_1_519' title='bbox 677 3593 908 3673; x_wconf 86' lang='lat' dir='ltr'><strong>animantibus,</strong></span> <span class='ocrx_word' id='word_1_520' title='bbox 925 3595 1104 3660; x_wconf 89' lang='lat' dir='ltr'><strong>Dominum</strong></span> <span class='ocrx_word' id='word_1_521' title='bbox 1114 3593 1244 3680; x_wconf 91' lang='lat' dir='ltr'><strong>quidem</strong></span> <span class='ocrx_word' id='word_1_522' title='bbox 1256 3595 1372 3662; x_wconf 92' lang='lat' dir='ltr'><strong>mundi</strong></span> <span class='ocrx_word' id='word_1_523' title='bbox 1421 3595 1598 3678; x_wconf 90' lang='lat' dir='ltr'><strong>hospitium</strong></span> <span class='ocrx_word' id='word_1_524' title='bbox 1620 3594 1793 3662; x_wconf 87' lang='lat' dir='ltr'><strong>suflieeret.</strong></span> <span class='ocrx_word' id='word_1_525' title='bbox 1837 3593 2057 3678; x_wconf 88' lang='lat' dir='ltr'><strong>Inaequalitaa</strong></span> <span class='ocrx_word' id='word_1_526' title='bbox 2083 3607 2193 3660; x_wconf 86' lang='lat' dir='ltr'><strong>autem</strong></span> <span class='ocrx_word' id='word_1_527' title='bbox 2212 3617 2293 3678; x_wconf 90' lang='lat' dir='ltr'><strong>quae</strong></span> <span class='ocrx_word' id='word_1_528' title='bbox 2311 3596 2383 3661; x_wconf 89' lang='lat' dir='ltr'><strong>huie</strong></span> 
     </span>
     <span class='ocr_line' id='line_1_38' title="bbox 399 3679 2383 3765; baseline 0 -19"><span class='ocrx_word' id='word_1_529' title='bbox 399 3702 476 3746; x_wconf 90' lang='lat' dir='ltr'><strong>eum</strong></span> <span class='ocrx_word' id='word_1_530' title='bbox 494 3680 670 3758; x_wconf 87' lang='lat' dir='ltr'><strong>eonstituit‚</strong></span> <span class='ocrx_word' id='word_1_531' title='bbox 694 3679 752 3744; x_wconf 88' lang='lat' dir='ltr'><strong>ssd</strong></span> <span class='ocrx_word' id='word_1_532' title='bbox 769 3680 923 3746; x_wconf 87' lang='lat' dir='ltr'><strong>animalia</strong></span> <span class='ocrx_word' id='word_1_533' title='bbox 945 3681 1136 3746; x_wconf 90' lang='lat' dir='ltr'><strong>nominatim</strong></span> <span class='ocrx_word' id='word_1_534' title='bbox 1159 3681 1207 3746; x_wconf 91' lang='lat' dir='ltr'><strong>illi</strong></span> <span class='ocrx_word' id='word_1_535' title='bbox 1224 3680 1369 3746; x_wconf 91' lang='lat' dir='ltr'><strong>subiioit:</strong></span> <span class='ocrx_word' id='word_1_536' title='bbox 1420 3689 1676 3762; x_wconf 88' lang='lat' dir='ltr'><strong>temperamento</strong></span> <span class='ocrx_word' id='word_1_537' title='bbox 1709 3680 1871 3746; x_wconf 83' lang='lat' dir='ltr'><strong>mntraria</strong></span> <span class='ocrx_word' id='word_1_538' title='bbox 1898 3689 1964 3758; x_wconf 90' lang='lat' dir='ltr'><strong>est,</strong></span> <span class='ocrx_word' id='word_1_539' title='bbox 1993 3679 2077 3746; x_wconf 90' lang='lat' dir='ltr'><strong>nihil</strong></span> <span class='ocrx_word' id='word_1_540' title='bbox 2097 3691 2148 3745; x_wconf 91' lang='lat' dir='ltr'><strong>est</strong></span> <span class='ocrx_word' id='word_1_541' title='bbox 2174 3680 2264 3747; x_wconf 90' lang='lat' dir='ltr'><strong>aliud</strong></span> <span class='ocrx_word' id='word_1_542' title='bbox 2289 3702 2383 3765; x_wconf 86' lang='lat' dir='ltr'><strong>quam</strong></span> 
     </span>
     <span class='ocr_line' id='line_1_39' title="bbox 400 3764 2382 3850; baseline 0.001 -19"><span class='ocrx_word' id='word_1_543' title='bbox 400 3787 603 3850; x_wconf 84' lang='lat' dir='ltr'><strong>quaequam</strong></span> <span class='ocrx_word' id='word_1_544' title='bbox 626 3764 957 3849; x_wconf 83' lang='lat' dir='ltr'><strong>habeantpropriunr</strong></span> <span class='ocrx_word' id='word_1_545' title='bbox 976 3774 1102 3843; x_wconf 90' lang='lat' dir='ltr'><strong>nutum,</strong></span> <span class='ocrx_word' id='word_1_546' title='bbox 1125 3767 1234 3831; x_wconf 90' lang='lat' dir='ltr'><strong>minus</strong></span> <span class='ocrx_word' id='word_1_547' title='bbox 1255 3767 1370 3832; x_wconf 86' lang='lat' dir='ltr'><strong>viden·</strong></span> <span class='ocrx_word' id='word_1_548' title='bbox 1420 3773 1557 3831; x_wconf 88' lang='lat' dir='ltr'><strong>naturae</strong></span> <span class='ocrx_word' id='word_1_549' title='bbox 1575 3765 1761 3848; x_wconf 88' lang='lat' dir='ltr'><strong>eorruptela</strong></span> <span class='ocrx_word' id='word_1_550' title='bbox 1778 3787 1861 3849; x_wconf 90' lang='lat' dir='ltr'><strong>quae</strong></span> <span class='ocrx_word' id='word_1_551' title='bbox 1879 3786 1921 3831; x_wconf 83' lang='lat' dir='ltr'><strong>ex</strong></span> <span class='ocrx_word' id='word_1_552' title='bbox 1939 3777 2068 3850; x_wconf 88' lang='lat' dir='ltr'><strong>peeoato</strong></span> <span class='ocrx_word' id='word_1_553' title='bbox 2085 3766 2244 3850; x_wconf 86' lang='lat' dir='ltr'><strong>provenit.</strong></span> <span class='ocrx_word' id='word_1_554' title='bbox 2278 3767 2382 3832; x_wconf 90' lang='lat' dir='ltr'><strong>Inter·</strong></span> 
     </span>
     <span class='ocr_line' id='line_1_40' title="bbox 401 3850 2383 3936; baseline 0.002 -20"><span class='ocrx_word' id='word_1_555' title='bbox 401 3862 455 3917; x_wconf 88' lang='lat' dir='ltr'><strong>tur</strong></span> <span class='ocrx_word' id='word_1_556' title='bbox 477 3851 583 3916; x_wconf 90' lang='lat' dir='ltr'><strong>alieno</strong></span> <span class='ocrx_word' id='word_1_557' title='bbox 605 3852 740 3934; x_wconf 91' lang='lat' dir='ltr'><strong>imperio</strong></span> <span class='ocrx_word' id='word_1_558' title='bbox 762 3851 904 3916; x_wconf 89' lang='lat' dir='ltr'><strong>subesse.</strong></span> <span class='ocrx_word' id='word_1_559' title='bbox 955 3851 1099 3916; x_wconf 90' lang='lat' dir='ltr'><strong>Pluralis</strong></span> <span class='ocrx_word' id='word_1_560' title='bbox 1124 3861 1234 3918; x_wconf 89' lang='lat' dir='ltr'><strong>tamen</strong></span> <span class='ocrx_word' id='word_1_561' title='bbox 1256 3873 1370 3918; x_wconf 90' lang='lat' dir='ltr'><strong>nume·</strong></span> <span class='ocrx_word' id='word_1_562' title='bbox 1421 3853 1466 3918; x_wconf 91' lang='lat' dir='ltr'><strong>im</strong></span> <span class='ocrx_word' id='word_1_563' title='bbox 1488 3861 1599 3916; x_wconf 90' lang='lat' dir='ltr'><strong>tamen</strong></span> <span class='ocrx_word' id='word_1_564' title='bbox 1631 3851 1799 3933; x_wconf 87' lang='lat' dir='ltr'><strong>praevalet</strong></span> <span class='ocrx_word' id='word_1_565' title='bbox 1821 3851 1886 3916; x_wconf 87' lang='lat' dir='ltr'><strong>Dei</strong></span> <span class='ocrx_word' id='word_1_566' title='bbox 1909 3850 2106 3927; x_wconf 89' lang='lat' dir='ltr'><strong>benedietio,</strong></span> <span class='ocrx_word' id='word_1_567' title='bbox 2128 3859 2165 3917; x_wconf 93' lang='lat' dir='ltr'><strong>ut</strong></span> <span class='ocrx_word' id='word_1_568' title='bbox 2185 3860 2288 3932; x_wconf 84' lang='lat' dir='ltr'><strong>terra,</strong></span> <span class='ocrx_word' id='word_1_569' title='bbox 2307 3873 2383 3936; x_wconf 87' lang='lat' dir='ltr'><strong>qua·</strong></span> 
     </span>
     <span class='ocr_line' id='line_1_41' title="bbox 401 3935 2384 4019; baseline -0.001 -16"><span class='ocrx_word' id='word_1_570' title='bbox 401 3959 458 4003; x_wconf 92' lang='lat' dir='ltr'><strong>rus</strong></span> <span class='ocrx_word' id='word_1_571' title='bbox 487 3937 608 4002; x_wconf 89' lang='lat' dir='ltr'><strong>indieat</strong></span> <span class='ocrx_word' id='word_1_572' title='bbox 635 3957 701 4001; x_wconf 93' lang='lat' dir='ltr'><strong>non</strong></span> <span class='ocrx_word' id='word_1_573' title='bbox 724 3937 782 4001; x_wconf 91' lang='lat' dir='ltr'><strong>uni</strong></span> <span class='ocrx_word' id='word_1_574' title='bbox 811 3935 904 4002; x_wconf 80' lang='lat' dir='ltr'><strong>Adae</strong></span> <span class='ocrx_word' id='word_1_575' title='bbox 937 3935 999 4002; x_wconf 90' lang='lat' dir='ltr'><strong>hoe</strong></span> <span class='ocrx_word' id='word_1_576' title='bbox 1024 3936 1123 4002; x_wconf 85' lang='lat' dir='ltr'><strong>inisse</strong></span> <span class='ocrx_word' id='word_1_577' title='bbox 1151 3937 1280 4014; x_wconf 92' lang='lat' dir='ltr'><strong>datum,</strong></span> <span class='ocrx_word' id='word_1_578' title='bbox 1312 3937 1370 4002; x_wconf 93' lang='lat' dir='ltr'><strong>sed</strong></span> <span class='ocrx_word' id='word_1_579' title='bbox 1421 3957 1617 4019; x_wconf 87' lang='lat' dir='ltr'><strong>quavsrsum</strong></span> <span class='ocrx_word' id='word_1_580' title='bbox 1640 3945 1744 4018; x_wconf 92' lang='lat' dir='ltr'><strong>patet,</strong></span> <span class='ocrx_word' id='word_1_581' title='bbox 1767 3957 1844 4002; x_wconf 91' lang='lat' dir='ltr'><strong>suos</strong></span> <span class='ocrx_word' id='word_1_582' title='bbox 1867 3936 1985 4004; x_wconf 87' lang='lat' dir='ltr'><strong>habeat</strong></span> <span class='ocrx_word' id='word_1_583' title='bbox 2010 3937 2149 4017; x_wconf 85' lang='lat' dir='ltr'><strong>insoles,</strong></span> <span class='ocrx_word' id='word_1_584' title='bbox 2172 3947 2205 4002; x_wconf 92' lang='lat' dir='ltr'><strong>et</strong></span> <span class='ocrx_word' id='word_1_585' title='bbox 2229 3937 2384 4004; x_wconf 86' lang='lat' dir='ltr'><strong>immensa</strong></span> 
     </span>
     <span class='ocr_line' id='line_1_42' title="bbox 402 4021 2384 4108; baseline -0.001 -18"><span class='ocrx_word' id='word_1_586' title='bbox 402 4021 553 4090; x_wconf 90' lang='lat' dir='ltr'><strong>omnibus</strong></span> <span class='ocrx_word' id='word_1_587' title='bbox 588 4022 687 4088; x_wconf 91' lang='lat' dir='ltr'><strong>simul</strong></span> <span class='ocrx_word' id='word_1_588' title='bbox 723 4021 870 4104; x_wconf 89' lang='lat' dir='ltr'><strong>posteris.</strong></span> <span class='ocrx_word' id='word_1_589' title='bbox 923 4023 1034 4106; x_wconf 85' lang='lat' dir='ltr'><strong>Atque</strong></span> <span class='ocrx_word' id='word_1_590' title='bbox 1071 4021 1147 4089; x_wconf 89' lang='lat' dir='ltr'><strong>hine</strong></span> <span class='ocrx_word' id='word_1_591' title='bbox 1186 4022 1371 4108; x_wconf 91' lang='lat' dir='ltr'><strong>eolligimus</strong></span> <span class='ocrx_word' id='word_1_592' title='bbox 1422 4022 1590 4088; x_wconf 92' lang='lat' dir='ltr'><strong>hominum</strong></span> <span class='ocrx_word' id='word_1_593' title='bbox 1623 4021 1798 4087; x_wconf 91' lang='lat' dir='ltr'><strong>multitudo</strong></span> <span class='ocrx_word' id='word_1_594' title='bbox 1830 4021 1890 4087; x_wconf 92' lang='lat' dir='ltr'><strong>sibi</strong></span> <span class='ocrx_word' id='word_1_595' title='bbox 1925 4023 2067 4106; x_wconf 91' lang='lat' dir='ltr'><strong>reperiat</strong></span> <span class='ocrx_word' id='word_1_596' title='bbox 2096 4021 2131 4088; x_wconf 90' lang='lat' dir='ltr'><strong>in</strong></span> <span class='ocrx_word' id='word_1_597' title='bbox 2171 4023 2280 4106; x_wconf 86' lang='lat' dir='ltr'><strong>aliqua</strong></span> <span class='ocrx_word' id='word_1_598' title='bbox 2300 4023 2384 4089; x_wconf 89' lang='lat' dir='ltr'><strong>orbis</strong></span> 
     </span>
     <span class='ocr_line' id='line_1_43' title="bbox 403 4106 2384 4192; baseline -0.001 -19"><span class='ocrx_word' id='word_1_599' title='bbox 403 4129 557 4192; x_wconf 88' lang='lat' dir='ltr'><strong>quorsum</strong></span> <span class='ocrx_word' id='word_1_600' title='bbox 584 4115 693 4174; x_wconf 89' lang='lat' dir='ltr'><strong>ereata</strong></span> <span class='ocrx_word' id='word_1_601' title='bbox 721 4107 788 4172; x_wconf 91' lang='lat' dir='ltr'><strong>sint</strong></span> <span class='ocrx_word' id='word_1_602' title='bbox 817 4107 941 4174; x_wconf 90' lang='lat' dir='ltr'><strong>omnia:</strong></span> <span class='ocrx_word' id='word_1_603' title='bbox 971 4127 1013 4173; x_wconf 88' lang='lat' dir='ltr'><strong>ne</strong></span> <span class='ocrx_word' id='word_1_604' title='bbox 1041 4106 1118 4190; x_wconf 91' lang='lat' dir='ltr'><strong>quid</strong></span> <span class='ocrx_word' id='word_1_605' title='bbox 1145 4107 1267 4174; x_wconf 89' lang='lat' dir='ltr'><strong>soilieet</strong></span> <span class='ocrx_word' id='word_1_606' title='bbox 1288 4108 1371 4173; x_wconf 90' lang='lat' dir='ltr'><strong>desit</strong></span> <span class='ocrx_word' id='word_1_607' title='bbox 1422 4121 1513 4191; x_wconf 91' lang='lat' dir='ltr'><strong>parte</strong></span> <span class='ocrx_word' id='word_1_608' title='bbox 1546 4107 1754 4173; x_wconf 79' lang='lat' dir='ltr'><strong>domicilium.</strong></span> <span class='ocrx_word' id='word_1_609' title='bbox 1809 4108 1913 4172; x_wconf 89' lang='lat' dir='ltr'><strong>Porro</strong></span> <span class='ocrx_word' id='word_1_610' title='bbox 1945 4107 2122 4174; x_wconf 90' lang='lat' dir='ltr'><strong>tenendum</strong></span> <span class='ocrx_word' id='word_1_611' title='bbox 2155 4119 2206 4173; x_wconf 92' lang='lat' dir='ltr'><strong>est</strong></span> <span class='ocrx_word' id='word_1_612' title='bbox 2233 4109 2317 4192; x_wconf 93' lang='lat' dir='ltr'><strong>quod</strong></span> <span class='ocrx_word' id='word_1_613' title='bbox 2346 4107 2384 4173; x_wconf 90' lang='lat' dir='ltr'><strong>de</strong></span> 
     </span>
     <span class='ocr_line' id='line_1_44' title="bbox 401 4191 2385 4276; baseline 0 -18"><span class='ocrx_word' id='word_1_614' title='bbox 401 4193 589 4259; x_wconf 90' lang='lat' dir='ltr'><strong>hominibus</strong></span> <span class='ocrx_word' id='word_1_615' title='bbox 618 4192 659 4259; x_wconf 91' lang='lat' dir='ltr'><strong>ad</strong></span> <span class='ocrx_word' id='word_1_616' title='bbox 685 4194 794 4256; x_wconf 90' lang='lat' dir='ltr'><strong>omnia</strong></span> <span class='ocrx_word' id='word_1_617' title='bbox 823 4192 908 4258; x_wconf 88' lang='lat' dir='ltr'><strong>vitae</strong></span> <span class='ocrx_word' id='word_1_618' title='bbox 933 4191 1102 4259; x_wconf 88' lang='lat' dir='ltr'><strong>eommoda</strong></span> <span class='ocrx_word' id='word_1_619' title='bbox 1129 4195 1166 4257; x_wconf 87' lang='lat' dir='ltr'><strong>st&#39;</strong></span> <span class='ocrx_word' id='word_1_620' title='bbox 1187 4215 1275 4259; x_wconf 91' lang='lat' dir='ltr'><strong>usus.</strong></span> <span class='ocrx_word' id='word_1_621' title='bbox 1329 4193 1370 4258; x_wconf 94' lang='lat' dir='ltr'><strong>In</strong></span> <span class='ocrx_word' id='word_1_622' title='bbox 1421 4193 1570 4276; x_wconf 89' lang='lat' dir='ltr'><strong>ooniugio</strong></span> <span class='ocrx_word' id='word_1_623' title='bbox 1592 4192 1676 4272; x_wconf 81' lang='lat' dir='ltr'><strong>dixi:</strong></span> <span class='ocrx_word' id='word_1_624' title='bbox 1699 4194 1908 4276; x_wconf 90' lang='lat' dir='ltr'><strong>generatione</strong></span> <span class='ocrx_word' id='word_1_625' title='bbox 1930 4193 2060 4276; x_wconf 86' lang='lat' dir='ltr'><strong>quidem</strong></span> <span class='ocrx_word' id='word_1_626' title='bbox 2078 4192 2150 4260; x_wconf 80' lang='lat' dir='ltr'><strong>vult</strong></span> <span class='ocrx_word' id='word_1_627' title='bbox 2167 4192 2260 4260; x_wconf 90' lang='lat' dir='ltr'><strong>Deus</strong></span> <span class='ocrx_word' id='word_1_628' title='bbox 2276 4194 2385 4260; x_wconf 91' lang='lat' dir='ltr'><strong>multi-</strong></span> 
     </span>
     <span class='ocr_line' id='line_1_45' title="bbox 400 4276 2383 4363; baseline -0.001 -18"><span class='ocrx_word' id='word_1_629' title='bbox 400 4279 473 4362; x_wconf 91' lang='lat' dir='ltr'><strong>ipso</strong></span> <span class='ocrx_word' id='word_1_630' title='bbox 501 4279 598 4343; x_wconf 90' lang='lat' dir='ltr'><strong>etiam</strong></span> <span class='ocrx_word' id='word_1_631' title='bbox 626 4278 799 4344; x_wconf 89' lang='lat' dir='ltr'><strong>ereationis</strong></span> <span class='ocrx_word' id='word_1_632' title='bbox 826 4276 940 4344; x_wconf 87' lang='lat' dir='ltr'><strong>ordine</strong></span> <span class='ocrx_word' id='word_1_633' title='bbox 963 4279 1081 4343; x_wconf 89' lang='lat' dir='ltr'><strong>melius</strong></span> <span class='ocrx_word' id='word_1_634' title='bbox 1103 4279 1297 4361; x_wconf 91' lang='lat' dir='ltr'><strong>perspieitur</strong></span> <span class='ocrx_word' id='word_1_635' title='bbox 1318 4301 1373 4363; x_wconf 90' lang='lat' dir='ltr'><strong>pa·</strong></span> <span class='ocrx_word' id='word_1_636' title='bbox 1422 4278 1535 4362; x_wconf 88' lang='lat' dir='ltr'><strong>plieari</strong></span> <span class='ocrx_word' id='word_1_637' title='bbox 1559 4298 1664 4363; x_wconf 88' lang='lat' dir='ltr'><strong>genus</strong></span> <span class='ocrx_word' id='word_1_638' title='bbox 1692 4277 1887 4344; x_wconf 90' lang='lat' dir='ltr'><strong>humanum:</strong></span> <span class='ocrx_word' id='word_1_639' title='bbox 1910 4279 1967 4344; x_wconf 92' lang='lat' dir='ltr'><strong>sed</strong></span> <span class='ocrx_word' id='word_1_640' title='bbox 1990 4298 2054 4342; x_wconf 90' lang='lat' dir='ltr'><strong>non</strong></span> <span class='ocrx_word' id='word_1_641' title='bbox 2084 4282 2269 4362; x_wconf 89' lang='lat' dir='ltr'><strong>promiseuo</strong></span> <span class='ocrx_word' id='word_1_642' title='bbox 2290 4282 2383 4355; x_wconf 88' lang='lat' dir='ltr'><strong>ooitu,</strong></span> 
     </span>
     <span class='ocr_line' id='line_1_46' title="bbox 401 4361 2385 4449; baseline -0.001 -19"><span class='ocrx_word' id='word_1_643' title='bbox 401 4375 498 4430; x_wconf 90' lang='lat' dir='ltr'><strong>terna</strong></span> <span class='ocrx_word' id='word_1_644' title='bbox 514 4363 579 4428; x_wconf 90' lang='lat' dir='ltr'><strong>Dei</strong></span> <span class='ocrx_word' id='word_1_645' title='bbox 595 4383 674 4446; x_wconf 90' lang='lat' dir='ltr'><strong>erga</strong></span> <span class='ocrx_word' id='word_1_646' title='bbox 691 4363 856 4428; x_wconf 88' lang='lat' dir='ltr'><strong>hominem</strong></span> <span class='ocrx_word' id='word_1_647' title='bbox 874 4361 1065 4443; x_wconf 90' lang='lat' dir='ltr'><strong>sollieitudo,</strong></span> <span class='ocrx_word' id='word_1_648' title='bbox 1082 4363 1166 4446; x_wconf 92' lang='lat' dir='ltr'><strong>quod</strong></span> <span class='ocrx_word' id='word_1_649' title='bbox 1183 4365 1371 4449; x_wconf 89' lang='lat' dir='ltr'><strong>priusquam</strong></span> <span class='ocrx_word' id='word_1_650' title='bbox 1423 4364 1516 4429; x_wconf 92' lang='lat' dir='ltr'><strong>utin</strong></span> <span class='ocrx_word' id='word_1_651' title='bbox 1539 4364 1642 4429; x_wconf 92' lang='lat' dir='ltr'><strong>brutis</strong></span> <span class='ocrx_word' id='word_1_652' title='bbox 1671 4363 1876 4430; x_wconf 89' lang='lat' dir='ltr'><strong>animalibus.</strong></span> <span class='ocrx_word' id='word_1_653' title='bbox 1921 4364 2040 4430; x_wconf 89' lang='lat' dir='ltr'><strong>Virum</strong></span> <span class='ocrx_word' id='word_1_654' title='bbox 2068 4365 2156 4429; x_wconf 91' lang='lat' dir='ltr'><strong>enim</strong></span> <span class='ocrx_word' id='word_1_655' title='bbox 2190 4365 2283 4430; x_wconf 88' lang='lat' dir='ltr'><strong>uxori</strong></span> <span class='ocrx_word' id='word_1_656' title='bbox 2310 4386 2385 4430; x_wconf 90' lang='lat' dir='ltr'><strong>oon·</strong></span> 
     </span>
     <span class='ocr_line' id='line_1_47' title="bbox 401 4447 2385 4534; baseline -0.001 -18"><span class='ocrx_word' id='word_1_657' title='bbox 401 4471 478 4518; x_wconf 88' lang='lat' dir='ltr'><strong>eum</strong></span> <span class='ocrx_word' id='word_1_658' title='bbox 499 4450 625 4527; x_wconf 85' lang='lat' dir='ltr'><strong>formet,</strong></span> <span class='ocrx_word' id='word_1_659' title='bbox 647 4447 809 4514; x_wconf 90' lang='lat' dir='ltr'><strong>mundum</strong></span> <span class='ocrx_word' id='word_1_660' title='bbox 825 4448 873 4512; x_wconf 94' lang='lat' dir='ltr'><strong>illi</strong></span> <span class='ocrx_word' id='word_1_661' title='bbox 889 4448 986 4514; x_wconf 90' lang='lat' dir='ltr'><strong>rebus</strong></span> <span class='ocrx_word' id='word_1_662' title='bbox 1004 4449 1154 4515; x_wconf 91' lang='lat' dir='ltr'><strong>omnibus</strong></span> <span class='ocrx_word' id='word_1_663' title='bbox 1171 4451 1371 4528; x_wconf 90' lang='lat' dir='ltr'><strong>neeessariis,</strong></span> <span class='ocrx_word' id='word_1_664' title='bbox 1421 4451 1545 4528; x_wconf 87' lang='lat' dir='ltr'><strong>iunxit,</strong></span> <span class='ocrx_word' id='word_1_665' title='bbox 1569 4461 1604 4514; x_wconf 90' lang='lat' dir='ltr'><strong>ut</strong></span> <span class='ocrx_word' id='word_1_666' title='bbox 1622 4449 1771 4514; x_wconf 84' lang='lat' dir='ltr'><strong>divinum</strong></span> <span class='ocrx_word' id='word_1_667' title='bbox 1794 4470 1922 4527; x_wconf 85' lang='lat' dir='ltr'><strong>semen,</strong></span> <span class='ocrx_word' id='word_1_668' title='bbox 1945 4449 2007 4514; x_wconf 86' lang='lat' dir='ltr'><strong>heo</strong></span> <span class='ocrx_word' id='word_1_669' title='bbox 2028 4458 2080 4514; x_wconf 92' lang='lat' dir='ltr'><strong>est</strong></span> <span class='ocrx_word' id='word_1_670' title='bbox 2098 4448 2288 4534; x_wconf 88' lang='lat' dir='ltr'><strong>legitimum,</strong></span> <span class='ocrx_word' id='word_1_671' title='bbox 2308 4471 2385 4534; x_wconf 89' lang='lat' dir='ltr'><strong>pro-</strong></span> 
     </span>
     <span class='ocr_line' id='line_1_48' title="bbox 400 4533 2387 4621; baseline 0 -19"><span class='ocrx_word' id='word_1_672' title='bbox 400 4536 467 4602; x_wconf 92' lang='lat' dir='ltr'><strong>imo</strong></span> <span class='ocrx_word' id='word_1_673' title='bbox 496 4537 656 4600; x_wconf 91' lang='lat' dir='ltr'><strong>immensa</strong></span> <span class='ocrx_word' id='word_1_674' title='bbox 685 4553 784 4616; x_wconf 87' lang='lat' dir='ltr'><strong>opum</strong></span> <span class='ocrx_word' id='word_1_675' title='bbox 817 4535 985 4598; x_wconf 85' lang='lat' dir='ltr'><strong>affluentia</strong></span> <span class='ocrx_word' id='word_1_676' title='bbox 1011 4535 1154 4600; x_wconf 90' lang='lat' dir='ltr'><strong>instruit.</strong></span> <span class='ocrx_word' id='word_1_677' title='bbox 1201 4536 1253 4600; x_wconf 93' lang='lat' dir='ltr'><strong>Ita</strong></span> <span class='ocrx_word' id='word_1_678' title='bbox 1280 4537 1371 4620; x_wconf 88' lang='lat' dir='ltr'><strong>prius</strong></span> <span class='ocrx_word' id='word_1_679' title='bbox 1422 4544 1578 4601; x_wconf 89' lang='lat' dir='ltr'><strong>erearent.</strong></span> <span class='ocrx_word' id='word_1_680' title='bbox 1630 4533 1759 4620; x_wconf 84' lang='lat' dir='ltr'><strong>(Malao.</strong></span> <span class='ocrx_word' id='word_1_681' title='bbox 1788 4533 1912 4621; x_wconf 61' lang='lat'>215.)</span> <span class='ocrx_word' id='word_1_682' title='bbox 1955 4533 2112 4602; x_wconf 85' lang='lat' dir='ltr'><strong>Notemus</strong></span> <span class='ocrx_word' id='word_1_683' title='bbox 2135 4556 2214 4620; x_wconf 86' lang='lat' dir='ltr'><strong>ergo</strong></span> <span class='ocrx_word' id='word_1_684' title='bbox 2231 4555 2387 4620; x_wconf 86' lang='lat' dir='ltr'><strong>quosnam</strong></span> 
     </span>
     <span class='ocr_line' id='line_1_49' title="bbox 401 4619 2387 4704; baseline -0.002 -17"><span class='ocrx_word' id='word_1_685' title='bbox 401 4623 464 4687; x_wconf 90' lang='lat' dir='ltr'><strong>fuit</strong></span> <span class='ocrx_word' id='word_1_686' title='bbox 496 4620 639 4704; x_wconf 88' lang='lat' dir='ltr'><strong>loeuplss</strong></span> <span class='ocrx_word' id='word_1_687' title='bbox 670 4640 768 4702; x_wconf 89' lang='lat' dir='ltr'><strong>qnam</strong></span> <span class='ocrx_word' id='word_1_688' title='bbox 800 4629 999 4685; x_wconf 78' lang='lat' dir='ltr'><strong>nasceretur.</strong></span> <span class='ocrx_word' id='word_1_689' title='bbox 1059 4620 1155 4701; x_wconf 75' lang='lat' dir='ltr'><strong>Quod</strong></span> <span class='ocrx_word' id='word_1_690' title='bbox 1188 4623 1216 4686; x_wconf 90' lang='lat' dir='ltr'><strong>si</strong></span> <span class='ocrx_word' id='word_1_691' title='bbox 1247 4631 1371 4686; x_wconf 89' lang='lat' dir='ltr'><strong>tantam</strong></span> <span class='ocrx_word' id='word_1_692' title='bbox 1423 4622 1475 4687; x_wconf 89' lang='lat' dir='ltr'><strong>hie</strong></span> <span class='ocrx_word' id='word_1_693' title='bbox 1508 4621 1599 4686; x_wconf 92' lang='lat' dir='ltr'><strong>Deus</strong></span> <span class='ocrx_word' id='word_1_694' title='bbox 1630 4620 1815 4702; x_wconf 89' lang='lat' dir='ltr'><strong>oompellet,</strong></span> <span class='ocrx_word' id='word_1_695' title='bbox 1848 4641 1947 4703; x_wconf 91' lang='lat' dir='ltr'><strong>quum</strong></span> <span class='ocrx_word' id='word_1_696' title='bbox 1969 4619 2060 4686; x_wconf 90' lang='lat' dir='ltr'><strong>iubet</strong></span> <span class='ocrx_word' id='word_1_697' title='bbox 2081 4641 2135 4686; x_wconf 89' lang='lat' dir='ltr'><strong>eos</strong></span> <span class='ocrx_word' id='word_1_698' title='bbox 2156 4640 2316 4698; x_wconf 88' lang='lat' dir='ltr'><strong>ereseere,</strong></span> <span class='ocrx_word' id='word_1_699' title='bbox 2350 4639 2387 4684; x_wconf 92' lang='lat' dir='ltr'><strong>ao</strong></span> 
     </span>
     <span class='ocr_line' id='line_1_50' title="bbox 400 4703 2387 4790; baseline -0.001 -18"><span class='ocrx_word' id='word_1_700' title='bbox 400 4706 493 4773; x_wconf 89' lang='lat' dir='ltr'><strong>Deus</strong></span> <span class='ocrx_word' id='word_1_701' title='bbox 516 4707 620 4772; x_wconf 89' lang='lat' dir='ltr'><strong>nestri</strong></span> <span class='ocrx_word' id='word_1_702' title='bbox 641 4727 753 4772; x_wconf 91' lang='lat' dir='ltr'><strong>euram</strong></span> <span class='ocrx_word' id='word_1_703' title='bbox 772 4703 889 4770; x_wconf 89' lang='lat' dir='ltr'><strong>hahuit</strong></span> <span class='ocrx_word' id='word_1_704' title='bbox 911 4713 1084 4788; x_wconf 90' lang='lat' dir='ltr'><strong>antequam</strong></span> <span class='ocrx_word' id='word_1_705' title='bbox 1106 4726 1261 4785; x_wconf 90' lang='lat' dir='ltr'><strong>essemus,</strong></span> <span class='ocrx_word' id='word_1_706' title='bbox 1284 4729 1372 4774; x_wconf 90' lang='lat' dir='ltr'><strong>nune</strong></span> <span class='ocrx_word' id='word_1_707' title='bbox 1421 4707 1538 4790; x_wconf 87' lang='lat' dir='ltr'><strong>quibus</strong></span> <span class='ocrx_word' id='word_1_708' title='bbox 1555 4727 1648 4772; x_wconf 92' lang='lat' dir='ltr'><strong>suam</strong></span> <span class='ocrx_word' id='word_1_709' title='bbox 1666 4705 1922 4772; x_wconf 89' lang='lat' dir='ltr'><strong>benedietiouem</strong></span> <span class='ocrx_word' id='word_1_710' title='bbox 1940 4703 2090 4770; x_wconf 89' lang='lat' dir='ltr'><strong>destinet.</strong></span> <span class='ocrx_word' id='word_1_711' title='bbox 2127 4704 2227 4774; x_wconf 86' lang='lat' dir='ltr'><strong>Oerte</strong></span> <span class='ocrx_word' id='word_1_712' title='bbox 2239 4707 2387 4772; x_wconf 84' lang='lat' dir='ltr'><strong>fraenum</strong></span> 
     </span>
     <span class='ocr_line' id='line_1_51' title="bbox 401 4790 2387 4875; baseline -0.001 -17"><span class='ocrx_word' id='word_1_713' title='bbox 401 4793 436 4858; x_wconf 89' lang='lat' dir='ltr'><strong>in</strong></span> <span class='ocrx_word' id='word_1_714' title='bbox 458 4791 579 4858; x_wconf 90' lang='lat' dir='ltr'><strong>mundo</strong></span> <span class='ocrx_word' id='word_1_715' title='bbox 602 4791 730 4869; x_wconf 88' lang='lat' dir='ltr'><strong>loeatos‚</strong></span> <span class='ocrx_word' id='word_1_716' title='bbox 759 4790 923 4856; x_wconf 89' lang='lat' dir='ltr'><strong>alimentis</strong></span> <span class='ocrx_word' id='word_1_717' title='bbox 950 4799 984 4856; x_wconf 88' lang='lat' dir='ltr'><strong>et</strong></span> <span class='ocrx_word' id='word_1_718' title='bbox 1005 4792 1137 4874; x_wconf 90' lang='lat' dir='ltr'><strong>reliquis</strong></span> <span class='ocrx_word' id='word_1_719' title='bbox 1159 4794 1245 4858; x_wconf 84' lang='lat' dir='ltr'><strong>vitae</strong></span> <span class='ocrx_word' id='word_1_720' title='bbox 1267 4792 1372 4859; x_wconf 91' lang='lat' dir='ltr'><strong>subsl·</strong></span> <span class='ocrx_word' id='word_1_721' title='bbox 1422 4793 1547 4858; x_wconf 86' lang='lat' dir='ltr'><strong>viriset</strong></span> <span class='ocrx_word' id='word_1_722' title='bbox 1564 4790 1752 4857; x_wconf 90' lang='lat' dir='ltr'><strong>mulieribus</strong></span> <span class='ocrx_word' id='word_1_723' title='bbox 1773 4813 1837 4856; x_wconf 90' lang='lat' dir='ltr'><strong>non</strong></span> <span class='ocrx_word' id='word_1_724' title='bbox 1856 4791 1989 4866; x_wconf 80' lang='lat' dir='ltr'><strong>laxavit,</strong></span> <span class='ocrx_word' id='word_1_725' title='bbox 2008 4801 2045 4856; x_wconf 93' lang='lat' dir='ltr'><strong>ut</strong></span> <span class='ocrx_word' id='word_1_726' title='bbox 2066 4791 2101 4855; x_wconf 90' lang='lat' dir='ltr'><strong>in</strong></span> <span class='ocrx_word' id='word_1_727' title='bbox 2120 4812 2222 4875; x_wconf 86' lang='lat' dir='ltr'><strong>vagas</strong></span> <span class='ocrx_word' id='word_1_728' title='bbox 2238 4791 2387 4857; x_wconf 87' lang='lat' dir='ltr'><strong>libidines</strong></span> 
     </span>
     <span class='ocr_line' id='line_1_52' title="bbox 401 4875 2386 4962; baseline -0.001 -20"><span class='ocrx_word' id='word_1_729' title='bbox 401 4877 465 4942; x_wconf 91' lang='lat' dir='ltr'><strong>diis</strong></span> <span class='ocrx_word' id='word_1_730' title='bbox 493 4878 629 4943; x_wconf 92' lang='lat' dir='ltr'><strong>minime</strong></span> <span class='ocrx_word' id='word_1_731' title='bbox 657 4875 819 4942; x_wconf 90' lang='lat' dir='ltr'><strong>destituet.</strong></span> <span class='ocrx_word' id='word_1_732' title='bbox 864 4875 957 4956; x_wconf 75' lang='lat' dir='ltr'><strong>Quod</strong></span> <span class='ocrx_word' id='word_1_733' title='bbox 990 4887 1098 4942; x_wconf 92' lang='lat' dir='ltr'><strong>autem</strong></span> <span class='ocrx_word' id='word_1_734' title='bbox 1120 4899 1253 4944; x_wconf 86' lang='lat' dir='ltr'><strong>manum</strong></span> <span class='ocrx_word' id='word_1_735' title='bbox 1275 4899 1372 4962; x_wconf 87' lang='lat' dir='ltr'><strong>saepe</strong></span> <span class='ocrx_word' id='word_1_736' title='bbox 1421 4888 1556 4944; x_wconf 90' lang='lat' dir='ltr'><strong>ruerent</strong></span> <span class='ocrx_word' id='word_1_737' title='bbox 1587 4878 1707 4961; x_wconf 90' lang='lat' dir='ltr'><strong>absque</strong></span> <span class='ocrx_word' id='word_1_738' title='bbox 1739 4876 1865 4942; x_wconf 89' lang='lat' dir='ltr'><strong>deleetu</strong></span> <span class='ocrx_word' id='word_1_739' title='bbox 1898 4885 1932 4942; x_wconf 91' lang='lat' dir='ltr'><strong>et</strong></span> <span class='ocrx_word' id='word_1_740' title='bbox 1962 4875 2100 4961; x_wconf 89' lang='lat' dir='ltr'><strong>pudore:</strong></span> <span class='ocrx_word' id='word_1_741' title='bbox 2134 4877 2192 4942; x_wconf 88' lang='lat' dir='ltr'><strong>sed</strong></span> <span class='ocrx_word' id='word_1_742' title='bbox 2224 4899 2244 4944; x_wconf 91' lang='lat' dir='ltr'><strong>a</strong></span> <span class='ocrx_word' id='word_1_743' title='bbox 2274 4887 2386 4944; x_wconf 89' lang='lat' dir='ltr'><strong>saneto</strong></span> 
     </span>
     <span class='ocr_line' id='line_1_53' title="bbox 401 4961 2388 5047; baseline -0.001 -17"><span class='ocrx_word' id='word_1_744' title='bbox 401 4963 507 5030; x_wconf 81' lang='lat' dir='ltr'><strong>veluti</strong></span> <span class='ocrx_word' id='word_1_745' title='bbox 532 4963 676 5028; x_wconf 88' lang='lat' dir='ltr'><strong>olausam</strong></span> <span class='ocrx_word' id='word_1_746' title='bbox 708 4971 816 5040; x_wconf 88' lang='lat' dir='ltr'><strong>tenet,</strong></span> <span class='ocrx_word' id='word_1_747' title='bbox 853 4961 995 5045; x_wconf 89' lang='lat' dir='ltr'><strong>peoeatis</strong></span> <span class='ocrx_word' id='word_1_748' title='bbox 1033 4963 1154 5030; x_wconf 88' lang='lat' dir='ltr'><strong>nostris</strong></span> <span class='ocrx_word' id='word_1_749' title='bbox 1185 4972 1236 5030; x_wconf 90' lang='lat' dir='ltr'><strong>est</strong></span> <span class='ocrx_word' id='word_1_750' title='bbox 1265 4965 1371 5046; x_wconf 90' lang='lat' dir='ltr'><strong>impu·</strong></span> <span class='ocrx_word' id='word_1_751' title='bbox 1421 4972 1572 5047; x_wconf 80' lang='lat' dir='ltr'><strong>uastoque</strong></span> <span class='ocrx_word' id='word_1_752' title='bbox 1607 4962 1758 5047; x_wconf 87' lang='lat' dir='ltr'><strong>eoningio</strong></span> <span class='ocrx_word' id='word_1_753' title='bbox 1797 4962 1973 5046; x_wconf 82' lang='lat' dir='ltr'><strong>insipiens,</strong></span> <span class='ocrx_word' id='word_1_754' title='bbox 2014 4961 2181 5028; x_wconf 89' lang='lat' dir='ltr'><strong>deseendit</strong></span> <span class='ocrx_word' id='word_1_755' title='bbox 2213 4963 2254 5030; x_wconf 89' lang='lat' dir='ltr'><strong>ad</strong></span> <span class='ocrx_word' id='word_1_756' title='bbox 2287 4983 2388 5046; x_wconf 87' lang='lat' dir='ltr'><strong>gene·</strong></span> 
     </span>
     <span class='ocr_line' id='line_1_54' title="bbox 401 5047 2388 5131; baseline 0.001 -18"><span class='ocrx_word' id='word_1_757' title='bbox 401 5047 549 5114; x_wconf 88' lang='lat' dir='ltr'><strong>tandum.</strong></span> <span class='ocrx_word' id='word_1_758' title='bbox 1422 5047 1589 5114; x_wconf 88' lang='lat' dir='ltr'><strong>rationem.</strong></span> <span class='ocrx_word' id='word_1_759' title='bbox 1634 5049 1720 5114; x_wconf 89' lang='lat' dir='ltr'><strong>Nam</strong></span> <span class='ocrx_word' id='word_1_760' title='bbox 1747 5056 1780 5114; x_wconf 94' lang='lat' dir='ltr'><strong>et</strong></span> <span class='ocrx_word' id='word_1_761' title='bbox 1801 5047 1863 5113; x_wconf 91' lang='lat' dir='ltr'><strong>hoe</strong></span> <span class='ocrx_word' id='word_1_762' title='bbox 1884 5059 1999 5114; x_wconf 86' lang='lat' dir='ltr'><strong>notare</strong></span> <span class='ocrx_word' id='word_1_763' title='bbox 2020 5067 2137 5130; x_wconf 87' lang='lat' dir='ltr'><strong>operae</strong></span> <span class='ocrx_word' id='word_1_764' title='bbox 2158 5049 2296 5131; x_wconf 89' lang='lat' dir='ltr'><strong>pretium</strong></span> <span class='ocrx_word' id='word_1_765' title='bbox 2328 5057 2388 5126; x_wconf 74' lang='lat' dir='ltr'><strong>est,</strong></span> 
     </span>
     <span class='ocr_line' id='line_1_55' title="bbox 487 5131 2389 5234; baseline 0.001 -35"><span class='ocrx_word' id='word_1_766' title='bbox 487 5133 539 5199; x_wconf 81' lang='grc'><strong>27.</strong></span> <span class='ocrx_word' id='word_1_767' title='bbox 564 5131 686 5200; x_wconf 65' lang='lat' dir='ltr'><strong>&amp;oet</strong></span> <span class='ocrx_word' id='word_1_768' title='bbox 707 5133 813 5216; x_wconf 70' lang='lat' dir='ltr'><strong>itaque</strong></span> <span class='ocrx_word' id='word_1_769' title='bbox 830 5131 920 5200; x_wconf 83' lang='lat' dir='ltr'><strong>Deus</strong></span> <span class='ocrx_word' id='word_1_770' title='bbox 937 5132 1098 5200; x_wconf 76' lang='lat' dir='ltr'><strong>beminen.</strong></span> <span class='ocrx_word' id='word_1_771' title='bbox 1135 5133 1231 5215; x_wconf 80' lang='lat' dir='ltr'><strong>Quod</strong></span> <span class='ocrx_word' id='word_1_772' title='bbox 1253 5136 1371 5202; x_wconf 88' lang='lat' dir='ltr'><strong>iterum</strong></span> <span class='ocrx_word' id='word_1_773' title='bbox 1421 5135 1537 5200; x_wconf 88' lang='lat' dir='ltr'><strong>Mosen</strong></span> <span class='ocrx_word' id='word_1_774' title='bbox 1571 5133 1624 5200; x_wconf 91' lang='lat' dir='ltr'><strong>hio</strong></span> <span class='ocrx_word' id='word_1_775' title='bbox 1652 5133 1792 5199; x_wconf 89' lang='lat' dir='ltr'><strong>breviter</strong></span> <span class='ocrx_word' id='word_1_776' title='bbox 1824 5135 1984 5234; x_wconf 83' lang='lat' dir='ltr'><strong>attingere</strong></span> <span class='ocrx_word' id='word_1_777' title='bbox 2017 5154 2102 5218; x_wconf 89' lang='lat' dir='ltr'><strong>quae</strong></span> <span class='ocrx_word' id='word_1_778' title='bbox 2142 5143 2252 5216; x_wconf 87' lang='lat' dir='ltr'><strong>postea</strong></span> <span class='ocrx_word' id='word_1_779' title='bbox 2282 5134 2389 5200; x_wconf 88' lang='lat' dir='ltr'><strong>fusius</strong></span> 
     </span>
     <span class='ocr_line' id='line_1_56' title="bbox 403 5219 2388 5304; baseline 0.001 -21"><span class='ocrx_word' id='word_1_780' title='bbox 403 5219 556 5303; x_wconf 86' lang='lat' dir='ltr'><strong>imaginis</strong></span> <span class='ocrx_word' id='word_1_781' title='bbox 568 5219 631 5284; x_wconf 91' lang='lat' dir='ltr'><strong>Dei</strong></span> <span class='ocrx_word' id='word_1_782' title='bbox 650 5221 688 5284; x_wconf 85' lang='lat' dir='ltr'><strong>fit</strong></span> <span class='ocrx_word' id='word_1_783' title='bbox 702 5220 833 5296; x_wconf 89' lang='lat' dir='ltr'><strong>mentio,</strong></span> <span class='ocrx_word' id='word_1_784' title='bbox 852 5239 917 5284; x_wconf 91' lang='lat' dir='ltr'><strong>non</strong></span> <span class='ocrx_word' id='word_1_785' title='bbox 935 5229 986 5286; x_wconf 88' lang='lat' dir='ltr'><strong>est</strong></span> <span class='ocrx_word' id='word_1_786' title='bbox 1002 5221 1151 5302; x_wconf 89' lang='lat' dir='ltr'><strong>repetitio</strong></span> <span class='ocrx_word' id='word_1_787' title='bbox 1161 5241 1369 5304; x_wconf 83' lang='lat' dir='ltr'><strong>supervseua</strong></span> <span class='ocrx_word' id='word_1_788' title='bbox 1421 5219 1611 5302; x_wconf 84' lang='lat' dir='ltr'><strong>explioabit:</strong></span> <span class='ocrx_word' id='word_1_789' title='bbox 1630 5227 1726 5302; x_wconf 88' lang='lat' dir='ltr'><strong>atque</strong></span> <span class='ocrx_word' id='word_1_790' title='bbox 1743 5219 1790 5286; x_wconf 90' lang='lat' dir='ltr'><strong>ita</strong></span> <span class='ocrx_word' id='word_1_791' title='bbox 1808 5220 1961 5286; x_wconf 76' lang='lat' dir='ltr'><strong>historiae</strong></span> <span class='ocrx_word' id='word_1_792' title='bbox 1977 5219 2095 5284; x_wconf 90' lang='lat' dir='ltr'><strong>seriem</strong></span> <span class='ocrx_word' id='word_1_793' title='bbox 2112 5219 2153 5284; x_wconf 90' lang='lat' dir='ltr'><strong>ab</strong></span> <span class='ocrx_word' id='word_1_794' title='bbox 2170 5221 2240 5304; x_wconf 88' lang='lat' dir='ltr'><strong>ipso</strong></span> <span class='ocrx_word' id='word_1_795' title='bbox 2257 5219 2388 5296; x_wconf 82' lang='lat' dir='ltr'><strong>inverti,</strong></span> 
     </span>
     <span class='ocr_line' id='line_1_57' title="bbox 403 5303 2388 5391; baseline 0.001 -21"><span class='ocrx_word' id='word_1_796' title='bbox 403 5305 467 5370; x_wconf 80' lang='lat' dir='ltr'><strong>Est</strong></span> <span class='ocrx_word' id='word_1_797' title='bbox 482 5307 569 5370; x_wconf 90' lang='lat' dir='ltr'><strong>enim</strong></span> <span class='ocrx_word' id='word_1_798' title='bbox 587 5304 752 5388; x_wconf 89' lang='lat' dir='ltr'><strong>singulare</strong></span> <span class='ocrx_word' id='word_1_799' title='bbox 774 5303 905 5371; x_wconf 84' lang='lat' dir='ltr'><strong>divinae</strong></span> <span class='ocrx_word' id='word_1_800' title='bbox 923 5304 1077 5372; x_wconf 86' lang='lat' dir='ltr'><strong>bonitatis</strong></span> <span class='ocrx_word' id='word_1_801' title='bbox 1093 5307 1267 5391; x_wconf 90' lang='lat' dir='ltr'><strong>spsoimen,</strong></span> <span class='ocrx_word' id='word_1_802' title='bbox 1285 5307 1370 5391; x_wconf 88' lang='lat' dir='ltr'><strong>quod</strong></span> <span class='ocrx_word' id='word_1_803' title='bbox 1421 5313 1458 5371; x_wconf 90' lang='lat' dir='ltr'><strong>ut</strong></span> <span class='ocrx_word' id='word_1_804' title='bbox 1470 5317 1578 5371; x_wconf 72' lang='lat' dir='ltr'><strong>umen</strong></span> <span class='ocrx_word' id='word_1_805' title='bbox 1591 5303 1668 5388; x_wconf 90' lang='lat' dir='ltr'><strong>quid</strong></span> <span class='ocrx_word' id='word_1_806' title='bbox 1679 5305 1772 5390; x_wconf 90' lang='lat' dir='ltr'><strong>prius</strong></span> <span class='ocrx_word' id='word_1_807' title='bbox 1783 5313 1841 5372; x_wconf 91' lang='lat' dir='ltr'><strong>aut</strong></span> <span class='ocrx_word' id='word_1_808' title='bbox 1851 5305 2011 5390; x_wconf 89' lang='lat' dir='ltr'><strong>posterius</strong></span> <span class='ocrx_word' id='word_1_809' title='bbox 2022 5314 2152 5389; x_wconf 81' lang='lat' dir='ltr'><strong>gestum</strong></span> <span class='ocrx_word' id='word_1_810' title='bbox 2161 5307 2205 5372; x_wconf 93' lang='lat' dir='ltr'><strong>sit</strong></span> <span class='ocrx_word' id='word_1_811' title='bbox 2222 5315 2388 5389; x_wconf 85' lang='lat' dir='ltr'><strong>appareat</strong></span> 
     </span>
    </p>
   </div>
   <div class='ocr_carea' id='block_1_3' title="bbox 0 0 2526 6192">
    <p class='ocr_par' dir='ltr' id='par_1_3' title="bbox 0 0 2526 6192">
     <span class='ocr_line' id='line_1_58' title="bbox 0 0 2526 6192; baseline 0 0"><span class='ocrx_word' id='word_1_812' title='bbox 0 0 2526 6192; x_wconf 95' lang='lat' dir='ltr'><strong> </strong></span> 
     </span>
    </p>
   </div>
  </div>
 </body>
</html>
