<?xml version="1.0" encoding="UTF-8"?>
<!DOCTYPE html PUBLIC "-//W3C//DTD XHTML 1.0 Transitional//EN"
    "http://www.w3.org/TR/xhtml1/DTD/xhtml1-transitional.dtd">
<html xmlns="http://www.w3.org/1999/xhtml" xml:lang="en" lang="en">
 <head>
  <title>
</title>
<meta http-equiv="Content-Type" content="text/html;charset=utf-8" />
  <meta name='ocr-system' content='tesseract 3.04.00' />
  <meta name='ocr-capabilities' content='ocr_page ocr_carea ocr_par ocr_line ocrx_word'/>
</head>
<body>
  <div class='ocr_page' id='page_1' title='image "./ioanniscalvinio06reusgoog_0273.png"; bbox 0 0 4988 6192; ppageno 0'>
   <div class='ocr_carea' id='block_1_1' title="bbox 120 411 2122 482">
    <p class='ocr_par' dir='ltr' id='par_1_1' title="bbox 120 411 2122 482">
     <span class='ocr_line' id='line_1_1' title="bbox 120 411 2122 482; baseline 0.001 -4"><span class='ocrx_word' id='word_1_1' title='bbox 120 413 188 478; x_wconf 83' lang='lat'>473</span> <span class='ocrx_word' id='word_1_2' title='bbox 785 411 1156 482; x_wconf 71' lang='lat' dir='ltr'><strong>COMMENTARIUS</strong></span> <span class='ocrx_word' id='word_1_3' title='bbox 1179 415 1228 480; x_wconf 94' lang='lat' dir='ltr'>lN</span> <span class='ocrx_word' id='word_1_4' title='bbox 1251 414 1464 481; x_wconf 81' lang='lat' dir='ltr'>GENDSIN.</span> <span class='ocrx_word' id='word_1_5' title='bbox 2056 417 2122 482; x_wconf 83' lang='grc'>474</span> 
     </span>
    </p>
   </div>
   <div class='ocr_carea' id='block_1_2' title="bbox 105 600 2122 4972">
    <p class='ocr_par' dir='ltr' id='par_1_2' title="bbox 105 600 2122 4972">
     <span class='ocr_line' id='line_1_2' title="bbox 121 600 2121 688; baseline 0.002 -22"><span class='ocrx_word' id='word_1_6' title='bbox 121 600 281 682; x_wconf 78' lang='lat' dir='ltr'>ostendit,</span> <span class='ocrx_word' id='word_1_7' title='bbox 302 600 422 668; x_wconf 90' lang='lat' dir='ltr'>iudicio</span> <span class='ocrx_word' id='word_1_8' title='bbox 443 601 513 667; x_wconf 91' lang='lat' dir='ltr'>eius</span> <span class='ocrx_word' id='word_1_9' title='bbox 535 600 725 667; x_wconf 89' lang='lat' dir='ltr'>damnatam</span> <span class='ocrx_word' id='word_1_10' title='bbox 746 602 845 668; x_wconf 86' lang='lat' dir='ltr'>fuisse</span> <span class='ocrx_word' id='word_1_11' title='bbox 866 602 1023 668; x_wconf 88' lang='lat' dir='ltr'>moeroris</span> <span class='ocrx_word' id='word_1_12' title='bbox 1045 621 1100 666; x_wconf 86' lang='lat' dir='ltr'>cx·</span> <span class='ocrx_word' id='word_1_13' title='bbox 1149 603 1372 668; x_wconf 79' lang='lat' dir='ltr'>misericordia</span> <span class='ocrx_word' id='word_1_14' title='bbox 1392 603 1427 668; x_wconf 93' lang='lat' dir='ltr'>in</span> <span class='ocrx_word' id='word_1_15' title='bbox 1450 609 1556 668; x_wconf 89' lang='lat' dir='ltr'>totum</span> <span class='ocrx_word' id='word_1_16' title='bbox 1582 603 1733 688; x_wconf 90' lang='lat' dir='ltr'>pendere.</span> <span class='ocrx_word' id='word_1_17' title='bbox 1779 604 1888 670; x_wconf 88' lang='lat' dir='ltr'>Moses</span> <span class='ocrx_word' id='word_1_18' title='bbox 1918 609 2047 669; x_wconf 90' lang='lat' dir='ltr'>tantum</span> <span class='ocrx_word' id='word_1_19' title='bbox 2069 625 2121 670; x_wconf 91' lang='lat' dir='ltr'>re·</span> 
     </span>
     <span class='ocr_line' id='line_1_3' title="bbox 119 687 2119 771; baseline -0.001 -16"><span class='ocrx_word' id='word_1_20' title='bbox 119 709 255 755; x_wconf 89' lang='lat' dir='ltr'>cessum</span> <span class='ocrx_word' id='word_1_21' title='bbox 277 688 312 754; x_wconf 92' lang='lat' dir='ltr'>in</span> <span class='ocrx_word' id='word_1_22' title='bbox 334 708 456 766; x_wconf 82' lang='lat' dir='ltr'>uxore„</span> <span class='ocrx_word' id='word_1_23' title='bbox 469 707 552 771; x_wconf 92' lang='lat' dir='ltr'>quae</span> <span class='ocrx_word' id='word_1_24' title='bbox 572 687 639 752; x_wconf 86' lang='lat' dir='ltr'>filio</span> <span class='ocrx_word' id='word_1_25' title='bbox 661 687 829 752; x_wconf 86' lang='lat' dir='ltr'>sinistram</span> <span class='ocrx_word' id='word_1_26' title='bbox 851 708 888 754; x_wconf 90' lang='lat' dir='ltr'>ac</span> <span class='ocrx_word' id='word_1_27' title='bbox 909 687 1099 771; x_wconf 82' lang='lat' dir='ltr'>probrosam</span> <span class='ocrx_word' id='word_1_28' title='bbox 1150 689 1228 753; x_wconf 88' lang='lat' dir='ltr'>fert:</span> <span class='ocrx_word' id='word_1_29' title='bbox 1253 688 1349 754; x_wconf 91' lang='lat' dir='ltr'>Iacob</span> <span class='ocrx_word' id='word_1_30' title='bbox 1372 689 1411 755; x_wconf 94' lang='lat' dir='ltr'>de</span> <span class='ocrx_word' id='word_1_31' title='bbox 1440 689 1560 755; x_wconf 89' lang='lat' dir='ltr'>scelere</span> <span class='ocrx_word' id='word_1_32' title='bbox 1588 690 1650 755; x_wconf 92' lang='lat' dir='ltr'>hoo</span> <span class='ocrx_word' id='word_1_33' title='bbox 1678 692 1800 755; x_wconf 83' lang='lat' dir='ltr'>iactum</span> <span class='ocrx_word' id='word_1_34' title='bbox 1830 711 1901 756; x_wconf 91' lang='lat' dir='ltr'>esse</span> <span class='ocrx_word' id='word_1_35' title='bbox 1931 691 2119 756; x_wconf 80' lang='lat' dir='ltr'>certiorem:</span> 
     </span>
     <span class='ocr_line' id='line_1_4' title="bbox 119 773 2122 860; baseline -0 -22"><span class='ocrx_word' id='word_1_36' title='bbox 119 782 240 839; x_wconf 91' lang='lat' dir='ltr'>notam</span> <span class='ocrx_word' id='word_1_37' title='bbox 269 774 446 840; x_wconf 87' lang='lat' dir='ltr'>inusserat:</span> <span class='ocrx_word' id='word_1_38' title='bbox 470 794 546 839; x_wconf 91' lang='lat' dir='ltr'>nam</span> <span class='ocrx_word' id='word_1_39' title='bbox 569 773 805 858; x_wconf 80' lang='lat' dir='ltr'>ingratitudine</span> <span class='ocrx_word' id='word_1_40' title='bbox 828 794 893 839; x_wconf 94' lang='lat' dir='ltr'>non</span> <span class='ocrx_word' id='word_1_41' title='bbox 914 784 1003 840; x_wconf 88' lang='lat' dir='ltr'>caret</span> <span class='ocrx_word' id='word_1_42' title='bbox 1024 774 1099 838; x_wconf 90' lang='lat' dir='ltr'>tris·</span> <span class='ocrx_word' id='word_1_43' title='bbox 1151 773 1383 840; x_wconf 91' lang='lat' dir='ltr'>doloremvero</span> <span class='ocrx_word' id='word_1_44' title='bbox 1401 776 1471 841; x_wconf 90' lang='lat' dir='ltr'>eius</span> <span class='ocrx_word' id='word_1_45' title='bbox 1490 774 1636 852; x_wconf 88' lang='lat' dir='ltr'>subticet,</span> <span class='ocrx_word' id='word_1_46' title='bbox 1660 796 1726 840; x_wconf 93' lang='lat' dir='ltr'>non</span> <span class='ocrx_word' id='word_1_47' title='bbox 1746 775 1831 860; x_wconf 90' lang='lat' dir='ltr'>quod</span> <span class='ocrx_word' id='word_1_48' title='bbox 1850 777 1947 841; x_wconf 87' lang='lat' dir='ltr'>luerit</span> <span class='ocrx_word' id='word_1_49' title='bbox 1965 775 2122 856; x_wconf 72' lang='grc' dir='ltr'><strong><em>ἀνάλγητος</em></strong></span> 
     </span>
     <span class='ocr_line' id='line_1_5' title="bbox 119 857 2121 945; baseline 0.001 -21"><span class='ocrx_word' id='word_1_50' title='bbox 119 860 215 936; x_wconf 89' lang='lat' dir='ltr'>titia,</span> <span class='ocrx_word' id='word_1_51' title='bbox 250 880 332 942; x_wconf 91' lang='lat' dir='ltr'>quae</span> <span class='ocrx_word' id='word_1_52' title='bbox 355 881 470 926; x_wconf 88' lang='lat' dir='ltr'>sensus</span> <span class='ocrx_word' id='word_1_53' title='bbox 491 865 621 925; x_wconf 86' lang='lat' dir='ltr'>nostros</span> <span class='ocrx_word' id='word_1_54' title='bbox 642 860 689 924; x_wconf 89' lang='lat' dir='ltr'>ita</span> <span class='ocrx_word' id='word_1_55' title='bbox 710 867 847 942; x_wconf 89' lang='lat' dir='ltr'>occupat</span> <span class='ocrx_word' id='word_1_56' title='bbox 867 860 902 924; x_wconf 93' lang='lat' dir='ltr'>in</span> <span class='ocrx_word' id='word_1_57' title='bbox 924 859 1023 925; x_wconf 91' lang='lat' dir='ltr'>rebus</span> <span class='ocrx_word' id='word_1_58' title='bbox 1045 858 1099 924; x_wconf 90' lang='lat' dir='ltr'>ad·</span> <span class='ocrx_word' id='word_1_59' title='bbox 1150 857 1376 945; x_wconf 90' lang='lat' dir='ltr'>(nequeenim</span> <span class='ocrx_word' id='word_1_60' title='bbox 1400 869 1561 926; x_wconf 88' lang='lat' dir='ltr'>tamerat</span> <span class='ocrx_word' id='word_1_61' title='bbox 1590 860 1754 945; x_wconf 84' lang='lat' dir='ltr'>stupidus,</span> <span class='ocrx_word' id='word_1_62' title='bbox 1786 870 1822 925; x_wconf 89' lang='lat' dir='ltr'>nt</span> <span class='ocrx_word' id='word_1_63' title='bbox 1851 860 1992 927; x_wconf 89' lang='lat' dir='ltr'>dolorern</span> <span class='ocrx_word' id='word_1_64' title='bbox 2024 883 2121 926; x_wconf 89' lang='lat' dir='ltr'>suum</span> 
     </span>
     <span class='ocr_line' id='line_1_6' title="bbox 117 944 2122 1032; baseline -0 -20"><span class='ocrx_word' id='word_1_65' title='bbox 117 947 233 1012; x_wconf 88' lang='lat' dir='ltr'>versis</span> <span class='ocrx_word' id='word_1_66' title='bbox 256 954 294 1010; x_wconf 91' lang='lat' dir='ltr'>ut</span> <span class='ocrx_word' id='word_1_67' title='bbox 315 965 374 1010; x_wconf 90' lang='lat' dir='ltr'>nos</span> <span class='ocrx_word' id='word_1_68' title='bbox 395 945 459 1009; x_wconf 90' lang='lat' dir='ltr'>Dei</span> <span class='ocrx_word' id='word_1_69' title='bbox 480 945 637 1010; x_wconf 88' lang='lat' dir='ltr'>beneficia</span> <span class='ocrx_word' id='word_1_70' title='bbox 658 966 724 1009; x_wconf 89' lang='lat' dir='ltr'>non</span> <span class='ocrx_word' id='word_1_71' title='bbox 746 945 938 1024; x_wconf 82' lang='lat' dir='ltr'>exhilarent,</span> <span class='ocrx_word' id='word_1_72' title='bbox 960 944 1013 1010; x_wconf 93' lang='lat' dir='ltr'>vel</span> <span class='ocrx_word' id='word_1_73' title='bbox 1035 945 1098 1008; x_wconf 89' lang='lat' dir='ltr'>sal·</span> <span class='ocrx_word' id='word_1_74' title='bbox 1151 967 1216 1010; x_wconf 94' lang='lat' dir='ltr'>non</span> <span class='ocrx_word' id='word_1_75' title='bbox 1242 946 1377 1011; x_wconf 90' lang='lat' dir='ltr'>sentiret</span> <span class='ocrx_word' id='word_1_76' title='bbox 1385 945 1407 1032; x_wconf 92' lang='lat'>:)</span> <span class='ocrx_word' id='word_1_77' title='bbox 1441 946 1497 1010; x_wconf 92' lang='lat' dir='ltr'>sed</span> <span class='ocrx_word' id='word_1_78' title='bbox 1526 946 1603 1030; x_wconf 88' lang='lat' dir='ltr'>quia</span> <span class='ocrx_word' id='word_1_79' title='bbox 1628 969 1686 1029; x_wconf 91' lang='lat' dir='ltr'>pro</span> <span class='ocrx_word' id='word_1_80' title='bbox 1715 948 1762 1011; x_wconf 86' lang='lat' dir='ltr'>rei</span> <span class='ocrx_word' id='word_1_81' title='bbox 1790 948 1953 1030; x_wconf 87' lang='lat' dir='ltr'>gravitate</span> <span class='ocrx_word' id='word_1_82' title='bbox 1981 947 2122 1030; x_wconf 88' lang='lat' dir='ltr'>exprimi</span> 
     </span>
     <span class='ocr_line' id='line_1_7' title="bbox 118 1029 2121 1115; baseline -0 -18"><span class='ocrx_word' id='word_1_83' title='bbox 118 1045 193 1097; x_wconf 90' lang='lat' dir='ltr'>tem</span> <span class='ocrx_word' id='word_1_84' title='bbox 218 1030 344 1115; x_wconf 90' lang='lat' dir='ltr'>aliquid</span> <span class='ocrx_word' id='word_1_85' title='bbox 373 1037 547 1114; x_wconf 84' lang='lat' dir='ltr'>aspergant</span> <span class='ocrx_word' id='word_1_86' title='bbox 572 1031 753 1096; x_wconf 79' lang='lat' dir='ltr'>dulcedinis</span> <span class='ocrx_word' id='word_1_87' title='bbox 775 1030 816 1096; x_wconf 91' lang='lat' dir='ltr'>ad</span> <span class='ocrx_word' id='word_1_88' title='bbox 843 1029 988 1096; x_wconf 90' lang='lat' dir='ltr'>dolerem</span> <span class='ocrx_word' id='word_1_89' title='bbox 1009 1030 1098 1094; x_wconf 89' lang='lat' dir='ltr'>miti·</span> <span class='ocrx_word' id='word_1_90' title='bbox 1151 1053 1217 1095; x_wconf 94' lang='lat' dir='ltr'>non</span> <span class='ocrx_word' id='word_1_91' title='bbox 1238 1032 1344 1114; x_wconf 91' lang='lat' dir='ltr'>potuit</span> <span class='ocrx_word' id='word_1_92' title='bbox 1365 1053 1501 1097; x_wconf 89' lang='lat' dir='ltr'>moeror.</span> <span class='ocrx_word' id='word_1_93' title='bbox 1538 1032 1625 1096; x_wconf 91' lang='lat' dir='ltr'>Nam</span> <span class='ocrx_word' id='word_1_94' title='bbox 1647 1032 1700 1098; x_wconf 92' lang='lat' dir='ltr'>hio</span> <span class='ocrx_word' id='word_1_95' title='bbox 1720 1052 1855 1115; x_wconf 89' lang='lat' dir='ltr'>prorsus</span> <span class='ocrx_word' id='word_1_96' title='bbox 1875 1031 2008 1098; x_wconf 89' lang='lat' dir='ltr'>videtur</span> <span class='ocrx_word' id='word_1_97' title='bbox 2030 1053 2121 1114; x_wconf 89' lang='lat' dir='ltr'>spec·</span> 
     </span>
     <span class='ocr_line' id='line_1_8' title="bbox 118 1114 2121 1202; baseline 0 -21"><span class='ocrx_word' id='word_1_98' title='bbox 118 1117 284 1202; x_wconf 89' lang='lat' dir='ltr'>gaudum.</span> <span class='ocrx_word' id='word_1_99' title='bbox 338 1114 482 1181; x_wconf 85' lang='lat' dir='ltr'>Additur</span> <span class='ocrx_word' id='word_1_100' title='bbox 515 1115 632 1181; x_wconf 89' lang='lat' dir='ltr'>deinde</span> <span class='ocrx_word' id='word_1_101' title='bbox 664 1118 847 1198; x_wconf 81' lang='lat' dir='ltr'>sepultura,</span> <span class='ocrx_word' id='word_1_102' title='bbox 880 1117 974 1181; x_wconf 89' lang='lat' dir='ltr'>cuius</span> <span class='ocrx_word' id='word_1_103' title='bbox 1007 1125 1099 1180; x_wconf 88' lang='lat' dir='ltr'>tanta</span> <span class='ocrx_word' id='word_1_104' title='bbox 1151 1125 1236 1182; x_wconf 89' lang='lat' dir='ltr'>tasse</span> <span class='ocrx_word' id='word_1_105' title='bbox 1259 1118 1368 1182; x_wconf 88' lang='lat' dir='ltr'>Moses</span> <span class='ocrx_word' id='word_1_106' title='bbox 1390 1117 1475 1200; x_wconf 90' lang='lat' dir='ltr'>quod</span> <span class='ocrx_word' id='word_1_107' title='bbox 1497 1117 1601 1200; x_wconf 88' lang='lat' dir='ltr'>pictor</span> <span class='ocrx_word' id='word_1_108' title='bbox 1622 1117 1678 1182; x_wconf 91' lang='lat' dir='ltr'>ille</span> <span class='ocrx_word' id='word_1_109' title='bbox 1699 1116 1735 1181; x_wconf 91' lang='lat' dir='ltr'>in</span> <span class='ocrx_word' id='word_1_110' title='bbox 1761 1116 1952 1201; x_wconf 85' lang='lat' dir='ltr'>Iphigeniae</span> <span class='ocrx_word' id='word_1_111' title='bbox 1973 1117 2121 1182; x_wconf 90' lang='lat' dir='ltr'>immola·</span> 
     </span>
     <span class='ocr_line' id='line_1_9' title="bbox 118 1201 2122 1286; baseline 0 -19"><span class='ocrx_word' id='word_1_112' title='bbox 118 1203 214 1286; x_wconf 90' lang='lat' dir='ltr'>apud</span> <span class='ocrx_word' id='word_1_113' title='bbox 245 1211 373 1267; x_wconf 90' lang='lat' dir='ltr'>sanctes</span> <span class='ocrx_word' id='word_1_114' title='bbox 401 1210 510 1284; x_wconf 89' lang='lat' dir='ltr'>patres</span> <span class='ocrx_word' id='word_1_115' title='bbox 533 1202 645 1285; x_wconf 84' lang='lat' dir='ltr'>vigere</span> <span class='ocrx_word' id='word_1_116' title='bbox 667 1223 733 1266; x_wconf 93' lang='lat' dir='ltr'>non</span> <span class='ocrx_word' id='word_1_117' title='bbox 755 1204 861 1285; x_wconf 89' lang='lat' dir='ltr'>potuit</span> <span class='ocrx_word' id='word_1_118' title='bbox 878 1201 1006 1284; x_wconf 88' lang='lat' dir='ltr'>religio,</span> <span class='ocrx_word' id='word_1_119' title='bbox 1035 1201 1099 1265; x_wconf 89' lang='lat' dir='ltr'>nisi</span> <span class='ocrx_word' id='word_1_120' title='bbox 1151 1203 1239 1267; x_wconf 91' lang='lat' dir='ltr'>tione</span> <span class='ocrx_word' id='word_1_121' title='bbox 1262 1202 1345 1281; x_wconf 88' lang='lat' dir='ltr'>lecit,</span> <span class='ocrx_word' id='word_1_122' title='bbox 1368 1204 1423 1286; x_wconf 89' lang='lat' dir='ltr'>qui</span> <span class='ocrx_word' id='word_1_123' title='bbox 1446 1204 1548 1285; x_wconf 89' lang='lat' dir='ltr'>patris</span> <span class='ocrx_word' id='word_1_124' title='bbox 1565 1201 1680 1268; x_wconf 85' lang='lat' dir='ltr'>faciem</span> <span class='ocrx_word' id='word_1_125' title='bbox 1699 1203 1832 1282; x_wconf 91' lang='lat' dir='ltr'>velavit,</span> <span class='ocrx_word' id='word_1_126' title='bbox 1854 1224 1957 1283; x_wconf 90' lang='lat' dir='ltr'>quum</span> <span class='ocrx_word' id='word_1_127' title='bbox 1978 1202 2122 1286; x_wconf 85' lang='lat' dir='ltr'>lugentis</span> 
     </span>
     <span class='ocr_line' id='line_1_10' title="bbox 118 1286 2121 1371; baseline -0 -18"><span class='ocrx_word' id='word_1_128' title='bbox 118 1289 162 1353; x_wconf 94' lang='lat' dir='ltr'>ob</span> <span class='ocrx_word' id='word_1_129' title='bbox 188 1308 285 1370; x_wconf 88' lang='lat' dir='ltr'>spem</span> <span class='ocrx_word' id='word_1_130' title='bbox 306 1286 438 1352; x_wconf 88' lang='lat' dir='ltr'>futurae</span> <span class='ocrx_word' id='word_1_131' title='bbox 462 1288 716 1352; x_wconf 88' lang='lat' dir='ltr'>resurrectionis.</span> <span class='ocrx_word' id='word_1_132' title='bbox 760 1287 896 1368; x_wconf 77' lang='lat' dir='ltr'>Quoties</span> <span class='ocrx_word' id='word_1_133' title='bbox 918 1308 995 1370; x_wconf 90' lang='lat' dir='ltr'>ergo</span> <span class='ocrx_word' id='word_1_134' title='bbox 1018 1286 1047 1352; x_wconf 90' lang='lat' dir='ltr'>le</span> <span class='ocrx_word' id='word_1_135' title='bbox 1073 1286 1098 1335; x_wconf 85' lang='lat'>&#39;-</span> <span class='ocrx_word' id='word_1_136' title='bbox 1150 1288 1280 1352; x_wconf 89' lang='lat' dir='ltr'>vultum</span> <span class='ocrx_word' id='word_1_137' title='bbox 1302 1310 1370 1353; x_wconf 94' lang='lat' dir='ltr'>non</span> <span class='ocrx_word' id='word_1_138' title='bbox 1393 1297 1500 1370; x_wconf 90' lang='lat' dir='ltr'>posset</span> <span class='ocrx_word' id='word_1_139' title='bbox 1522 1287 1601 1354; x_wconf 90' lang='lat' dir='ltr'>satis</span> <span class='ocrx_word' id='word_1_140' title='bbox 1624 1289 1817 1371; x_wconf 84' lang='lat' dir='ltr'>exprimere.</span> <span class='ocrx_word' id='word_1_141' title='bbox 1861 1289 1998 1354; x_wconf 88' lang='lat' dir='ltr'>Praeter</span> <span class='ocrx_word' id='word_1_142' title='bbox 2017 1299 2121 1353; x_wconf 87' lang='lat' dir='ltr'>aeter-</span> 
     </span>
     <span class='ocr_line' id='line_1_11' title="bbox 116 1371 2121 1456; baseline 0 -18"><span class='ocrx_word' id='word_1_143' title='bbox 116 1395 201 1438; x_wconf 90' lang='lat' dir='ltr'>mus</span> <span class='ocrx_word' id='word_1_144' title='bbox 224 1373 266 1438; x_wconf 90' lang='lat' dir='ltr'>de</span> <span class='ocrx_word' id='word_1_145' title='bbox 288 1371 481 1455; x_wconf 87' lang='lat' dir='ltr'>sepeliendis</span> <span class='ocrx_word' id='word_1_146' title='bbox 502 1374 642 1437; x_wconf 87' lang='lat' dir='ltr'>mortuis</span> <span class='ocrx_word' id='word_1_147' title='bbox 663 1375 741 1453; x_wconf 87' lang='lat' dir='ltr'>suis,</span> <span class='ocrx_word' id='word_1_148' title='bbox 768 1374 859 1456; x_wconf 91' lang='lat' dir='ltr'>quasi</span> <span class='ocrx_word' id='word_1_149' title='bbox 881 1373 1016 1437; x_wconf 87' lang='lat' dir='ltr'>derare</span> <span class='ocrx_word' id='word_1_150' title='bbox 1038 1371 1098 1436; x_wconf 91' lang='lat' dir='ltr'>ai·</span> <span class='ocrx_word' id='word_1_151' title='bbox 1150 1394 1230 1438; x_wconf 91' lang='lat' dir='ltr'>num</span> <span class='ocrx_word' id='word_1_152' title='bbox 1258 1375 1399 1438; x_wconf 85' lang='lat' dir='ltr'>familiae</span> <span class='ocrx_word' id='word_1_153' title='bbox 1428 1373 1568 1441; x_wconf 90' lang='lat' dir='ltr'>dedecus</span> <span class='ocrx_word' id='word_1_154' title='bbox 1594 1385 1689 1440; x_wconf 85' lang='lat' dir='ltr'>erant</span> <span class='ocrx_word' id='word_1_155' title='bbox 1717 1374 1780 1440; x_wconf 90' lang='lat' dir='ltr'>alia</span> <span class='ocrx_word' id='word_1_156' title='bbox 1810 1395 1891 1456; x_wconf 92' lang='lat' dir='ltr'>quae</span> <span class='ocrx_word' id='word_1_157' title='bbox 1924 1375 2027 1440; x_wconf 89' lang='lat' dir='ltr'>sancti</span> <span class='ocrx_word' id='word_1_158' title='bbox 2055 1372 2121 1438; x_wconf 91' lang='lat' dir='ltr'>viri</span> 
     </span>
     <span class='ocr_line' id='line_1_12' title="bbox 118 1457 2120 1544; baseline -0 -20"><span class='ocrx_word' id='word_1_159' title='bbox 118 1481 188 1542; x_wconf 93' lang='lat' dir='ltr'>quo</span> <span class='ocrx_word' id='word_1_160' title='bbox 213 1458 320 1524; x_wconf 85' lang='lat' dir='ltr'>officio</span> <span class='ocrx_word' id='word_1_161' title='bbox 340 1459 441 1524; x_wconf 71' lang='lat' dir='ltr'>lause</span> <span class='ocrx_word' id='word_1_162' title='bbox 460 1457 633 1538; x_wconf 92' lang='lat' dir='ltr'>sollicitos,</span> <span class='ocrx_word' id='word_1_163' title='bbox 655 1459 767 1524; x_wconf 85' lang='lat' dir='ltr'>veniat</span> <span class='ocrx_word' id='word_1_164' title='bbox 788 1457 881 1524; x_wconf 90' lang='lat' dir='ltr'>nobis</span> <span class='ocrx_word' id='word_1_165' title='bbox 899 1460 933 1522; x_wconf 94' lang='lat' dir='ltr'>in</span> <span class='ocrx_word' id='word_1_166' title='bbox 956 1465 1098 1522; x_wconf 89' lang='lat' dir='ltr'>mentem</span> <span class='ocrx_word' id='word_1_167' title='bbox 1150 1469 1264 1542; x_wconf 90' lang='lat' dir='ltr'>pectus</span> <span class='ocrx_word' id='word_1_168' title='bbox 1294 1461 1535 1544; x_wconf 89' lang='lat' dir='ltr'>transfigerent.</span> <span class='ocrx_word' id='word_1_169' title='bbox 1580 1459 1718 1527; x_wconf 84' lang='lat' dir='ltr'>Summa</span> <span class='ocrx_word' id='word_1_170' title='bbox 1740 1461 1810 1524; x_wconf 91' lang='lat' dir='ltr'>eius</span> <span class='ocrx_word' id='word_1_171' title='bbox 1832 1459 1970 1526; x_wconf 88' lang='lat' dir='ltr'>felicitas</span> <span class='ocrx_word' id='word_1_172' title='bbox 1992 1469 2064 1524; x_wconf 90' lang='lat' dir='ltr'>erat</span> <span class='ocrx_word' id='word_1_173' title='bbox 2084 1459 2120 1523; x_wconf 95' lang='lat' dir='ltr'>in</span> 
     </span>
     <span class='ocr_line' id='line_1_13' title="bbox 117 1543 2119 1628; baseline 0 -19"><span class='ocrx_word' id='word_1_174' title='bbox 117 1546 201 1610; x_wconf 87' lang='lat' dir='ltr'>finis</span> <span class='ocrx_word' id='word_1_175' title='bbox 223 1543 281 1608; x_wconf 91' lang='lat' dir='ltr'>ille</span> <span class='ocrx_word' id='word_1_176' title='bbox 303 1563 399 1625; x_wconf 93' lang='lat' dir='ltr'>quem</span> <span class='ocrx_word' id='word_1_177' title='bbox 422 1543 506 1608; x_wconf 82' lang='lat' dir='ltr'>dixi:</span> <span class='ocrx_word' id='word_1_178' title='bbox 527 1564 630 1625; x_wconf 89' lang='lat' dir='ltr'>neque</span> <span class='ocrx_word' id='word_1_179' title='bbox 653 1543 741 1608; x_wconf 90' lang='lat' dir='ltr'>anim</span> <span class='ocrx_word' id='word_1_180' title='bbox 762 1543 887 1610; x_wconf 90' lang='lat' dir='ltr'>ludicra</span> <span class='ocrx_word' id='word_1_181' title='bbox 907 1544 971 1608; x_wconf 82' lang='lat' dir='ltr'>luit</span> <span class='ocrx_word' id='word_1_182' title='bbox 992 1563 1099 1608; x_wconf 89' lang='lat' dir='ltr'>caere·</span> <span class='ocrx_word' id='word_1_183' title='bbox 1152 1543 1268 1622; x_wconf 90' lang='lat' dir='ltr'>sobole,</span> <span class='ocrx_word' id='word_1_184' title='bbox 1291 1543 1378 1609; x_wconf 90' lang='lat' dir='ltr'>unde</span> <span class='ocrx_word' id='word_1_185' title='bbox 1400 1546 1499 1610; x_wconf 89' lang='lat' dir='ltr'>etiam</span> <span class='ocrx_word' id='word_1_186' title='bbox 1522 1545 1583 1611; x_wconf 91' lang='lat' dir='ltr'>toti</span> <span class='ocrx_word' id='word_1_187' title='bbox 1606 1545 1727 1610; x_wconf 92' lang='lat' dir='ltr'>mundo</span> <span class='ocrx_word' id='word_1_188' title='bbox 1748 1545 1918 1628; x_wconf 87' lang='lat' dir='ltr'>proditura</span> <span class='ocrx_word' id='word_1_189' title='bbox 1935 1555 2004 1610; x_wconf 90' lang='lat' dir='ltr'>erat</span> <span class='ocrx_word' id='word_1_190' title='bbox 2022 1545 2119 1625; x_wconf 88' lang='lat' dir='ltr'>salus,</span> 
     </span>
     <span class='ocr_line' id='line_1_14' title="bbox 117 1627 2120 1715; baseline 0.001 -21"><span class='ocrx_word' id='word_1_191' title='bbox 117 1630 248 1706; x_wconf 89' lang='lat' dir='ltr'>monia,</span> <span class='ocrx_word' id='word_1_192' title='bbox 271 1627 329 1693; x_wconf 89' lang='lat' dir='ltr'>sed</span> <span class='ocrx_word' id='word_1_193' title='bbox 345 1629 458 1695; x_wconf 89' lang='lat' dir='ltr'>vivum</span> <span class='ocrx_word' id='word_1_194' title='bbox 481 1629 613 1694; x_wconf 90' lang='lat' dir='ltr'>futurae</span> <span class='ocrx_word' id='word_1_195' title='bbox 635 1631 880 1695; x_wconf 87' lang='lat' dir='ltr'>resurrectionis</span> <span class='ocrx_word' id='word_1_196' title='bbox 902 1627 1098 1714; x_wconf 76' lang='lat' dir='ltr'>symbolum.</span> <span class='ocrx_word' id='word_1_197' title='bbox 1151 1651 1250 1711; x_wconf 89' lang='lat' dir='ltr'>quum</span> <span class='ocrx_word' id='word_1_198' title='bbox 1272 1631 1339 1694; x_wconf 91' lang='lat' dir='ltr'>iam</span> <span class='ocrx_word' id='word_1_199' title='bbox 1362 1632 1425 1696; x_wconf 92' lang='lat' dir='ltr'>duo</span> <span class='ocrx_word' id='word_1_200' title='bbox 1448 1632 1585 1696; x_wconf 86' lang='lat' dir='ltr'>luissent</span> <span class='ocrx_word' id='word_1_201' title='bbox 1606 1631 1721 1715; x_wconf 90' lang='lat' dir='ltr'>perfidi</span> <span class='ocrx_word' id='word_1_202' title='bbox 1739 1641 1773 1696; x_wconf 91' lang='lat' dir='ltr'>et</span> <span class='ocrx_word' id='word_1_203' title='bbox 1794 1631 1998 1714; x_wconf 82' lang='lat' dir='ltr'>sanguinarii</span> <span class='ocrx_word' id='word_1_204' title='bbox 2020 1631 2120 1696; x_wconf 89' lang='lat' dir='ltr'>latre·</span> 
     </span>
     <span class='ocr_line' id='line_1_15' title="bbox 116 1714 2119 1801; baseline 0 -21"><span class='ocrx_word' id='word_1_205' title='bbox 116 1716 252 1780; x_wconf 85' lang='lat' dir='ltr'>Fateor</span> <span class='ocrx_word' id='word_1_206' title='bbox 273 1714 402 1796; x_wconf 90' lang='lat' dir='ltr'>quidem</span> <span class='ocrx_word' id='word_1_207' title='bbox 424 1715 577 1796; x_wconf 80' lang='lat' dir='ltr'>profanos</span> <span class='ocrx_word' id='word_1_208' title='bbox 598 1735 635 1780; x_wconf 91' lang='lat' dir='ltr'>ac</span> <span class='ocrx_word' id='word_1_209' title='bbox 658 1714 835 1798; x_wconf 89' lang='lat' dir='ltr'>degeneres</span> <span class='ocrx_word' id='word_1_210' title='bbox 857 1715 1006 1782; x_wconf 88' lang='lat' dir='ltr'>homines</span> <span class='ocrx_word' id='word_1_211' title='bbox 1027 1734 1100 1798; x_wconf 87' lang='lat' dir='ltr'>pas·</span> <span class='ocrx_word' id='word_1_212' title='bbox 1152 1737 1225 1792; x_wconf 88' lang='lat' dir='ltr'>nes,</span> <span class='ocrx_word' id='word_1_213' title='bbox 1253 1737 1342 1782; x_wconf 89' lang='lat' dir='ltr'>nunc</span> <span class='ocrx_word' id='word_1_214' title='bbox 1370 1717 1608 1801; x_wconf 89' lang='lat' dir='ltr'>primogenitus</span> <span class='ocrx_word' id='word_1_215' title='bbox 1630 1717 1751 1782; x_wconf 89' lang='lat' dir='ltr'>scelere</span> <span class='ocrx_word' id='word_1_216' title='bbox 1773 1729 1948 1800; x_wconf 88' lang='lat' dir='ltr'>utrumque</span> <span class='ocrx_word' id='word_1_217' title='bbox 1976 1727 2119 1800; x_wconf 88' lang='lat' dir='ltr'>superat.</span> 
     </span>
     <span class='ocr_line' id='line_1_16' title="bbox 117 1799 2120 1886; baseline -0 -20"><span class='ocrx_word' id='word_1_218' title='bbox 117 1801 186 1866; x_wconf 91' lang='lat' dir='ltr'>sim</span> <span class='ocrx_word' id='word_1_219' title='bbox 211 1811 294 1865; x_wconf 91' lang='lat' dir='ltr'>tunc</span> <span class='ocrx_word' id='word_1_220' title='bbox 315 1799 349 1863; x_wconf 92' lang='lat' dir='ltr'>in</span> <span class='ocrx_word' id='word_1_221' title='bbox 377 1799 499 1864; x_wconf 92' lang='lat' dir='ltr'>mundo</span> <span class='ocrx_word' id='word_1_222' title='bbox 529 1800 710 1882; x_wconf 89' lang='lat' dir='ltr'>impensam</span> <span class='ocrx_word' id='word_1_223' title='bbox 744 1821 876 1884; x_wconf 90' lang='lat' dir='ltr'>operam</span> <span class='ocrx_word' id='word_1_224' title='bbox 906 1799 1099 1883; x_wconf 85' lang='lat' dir='ltr'>sepeliendis</span> <span class='ocrx_word' id='word_1_225' title='bbox 1152 1799 1217 1866; x_wconf 85' lang='lat' dir='ltr'>Sed</span> <span class='ocrx_word' id='word_1_226' title='bbox 1248 1801 1326 1866; x_wconf 89' lang='lat' dir='ltr'>hinc</span> <span class='ocrx_word' id='word_1_227' title='bbox 1356 1801 1517 1867; x_wconf 90' lang='lat' dir='ltr'>illustrior</span> <span class='ocrx_word' id='word_1_228' title='bbox 1550 1803 1701 1885; x_wconf 92' lang='lat' dir='ltr'>apparuit</span> <span class='ocrx_word' id='word_1_229' title='bbox 1733 1804 1875 1886; x_wconf 85' lang='lat' dir='ltr'>gratuita</span> <span class='ocrx_word' id='word_1_230' title='bbox 1902 1801 1966 1866; x_wconf 89' lang='lat' dir='ltr'>Dei</span> <span class='ocrx_word' id='word_1_231' title='bbox 1998 1802 2120 1882; x_wconf 86' lang='lat' dir='ltr'>electio,</span> 
     </span>
     <span class='ocr_line' id='line_1_17' title="bbox 116 1883 2122 1971; baseline 0.001 -20"><span class='ocrx_word' id='word_1_232' title='bbox 116 1886 267 1951; x_wconf 87' lang='lat' dir='ltr'>mortuis</span> <span class='ocrx_word' id='word_1_233' title='bbox 300 1893 422 1950; x_wconf 91' lang='lat' dir='ltr'>temere</span> <span class='ocrx_word' id='word_1_234' title='bbox 455 1883 597 1964; x_wconf 88' lang='lat' dir='ltr'>dedisse,</span> <span class='ocrx_word' id='word_1_235' title='bbox 632 1895 760 1950; x_wconf 91' lang='lat' dir='ltr'>tantum</span> <span class='ocrx_word' id='word_1_236' title='bbox 793 1885 835 1951; x_wconf 93' lang='lat' dir='ltr'>ad</span> <span class='ocrx_word' id='word_1_237' title='bbox 864 1887 963 1950; x_wconf 91' lang='lat' dir='ltr'>inane</span> <span class='ocrx_word' id='word_1_238' title='bbox 991 1884 1100 1950; x_wconf 90' lang='lat' dir='ltr'>luctus</span> <span class='ocrx_word' id='word_1_239' title='bbox 1151 1888 1226 1968; x_wconf 90' lang='lat' dir='ltr'>quia</span> <span class='ocrx_word' id='word_1_240' title='bbox 1257 1887 1341 1952; x_wconf 89' lang='lat' dir='ltr'>filios</span> <span class='ocrx_word' id='word_1_241' title='bbox 1372 1887 1468 1953; x_wconf 91' lang='lat' dir='ltr'>Iacob</span> <span class='ocrx_word' id='word_1_242' title='bbox 1501 1909 1567 1952; x_wconf 94' lang='lat' dir='ltr'>non</span> <span class='ocrx_word' id='word_1_243' title='bbox 1600 1909 1642 1952; x_wconf 84' lang='lat' dir='ltr'>ex</span> <span class='ocrx_word' id='word_1_244' title='bbox 1674 1888 1833 1971; x_wconf 86' lang='lat' dir='ltr'>dignitate</span> <span class='ocrx_word' id='word_1_245' title='bbox 1868 1887 2022 1971; x_wconf 88' lang='lat' dir='ltr'>praetulit</span> <span class='ocrx_word' id='word_1_246' title='bbox 2063 1888 2122 1953; x_wconf 88' lang='lat' dir='ltr'>toti</span> 
     </span>
     <span class='ocr_line' id='line_1_18' title="bbox 118 1970 2121 2057; baseline 0 -21"><span class='ocrx_word' id='word_1_247' title='bbox 118 1971 299 2036; x_wconf 86' lang='lat' dir='ltr'>solatium:</span> <span class='ocrx_word' id='word_1_248' title='bbox 323 1970 380 2035; x_wconf 91' lang='lat' dir='ltr'>sed</span> <span class='ocrx_word' id='word_1_249' title='bbox 402 1992 588 2054; x_wconf 89' lang='lat' dir='ltr'>quanquam</span> <span class='ocrx_word' id='word_1_250' title='bbox 611 1971 691 2037; x_wconf 89' lang='lat' dir='ltr'>illia</span> <span class='ocrx_word' id='word_1_251' title='bbox 714 1992 791 2037; x_wconf 89' lang='lat' dir='ltr'>vera</span> <span class='ocrx_word' id='word_1_252' title='bbox 814 1972 940 2056; x_wconf 89' lang='lat' dir='ltr'>origine</span> <span class='ocrx_word' id='word_1_253' title='bbox 958 1972 993 2036; x_wconf 93' lang='lat' dir='ltr'>in</span> <span class='ocrx_word' id='word_1_254' title='bbox 1011 1991 1099 2035; x_wconf 88' lang='lat' dir='ltr'>eras·</span> <span class='ocrx_word' id='word_1_255' title='bbox 1151 1971 1292 2036; x_wconf 90' lang='lat' dir='ltr'>munde:</span> <span class='ocrx_word' id='word_1_256' title='bbox 1323 1971 1439 2037; x_wconf 88' lang='lat' dir='ltr'>deinde</span> <span class='ocrx_word' id='word_1_257' title='bbox 1462 1973 1547 2057; x_wconf 92' lang='lat' dir='ltr'>quod</span> <span class='ocrx_word' id='word_1_258' title='bbox 1569 1995 1669 2056; x_wconf 89' lang='lat' dir='ltr'>quum</span> <span class='ocrx_word' id='word_1_259' title='bbox 1691 1983 1760 2040; x_wconf 88' lang='lat' dir='ltr'>tam</span> <span class='ocrx_word' id='word_1_260' title='bbox 1782 1972 1875 2037; x_wconf 90' lang='lat' dir='ltr'>foede</span> <span class='ocrx_word' id='word_1_261' title='bbox 1896 1972 1981 2055; x_wconf 91' lang='lat' dir='ltr'>lapsi</span> <span class='ocrx_word' id='word_1_262' title='bbox 2004 1983 2121 2053; x_wconf 90' lang='lat' dir='ltr'>essent,</span> 
     </span>
     <span class='ocr_line' id='line_1_19' title="bbox 117 2055 2122 2142; baseline 0 -20"><span class='ocrx_word' id='word_1_263' title='bbox 117 2078 175 2123; x_wconf 87' lang='lat' dir='ltr'>sos</span> <span class='ocrx_word' id='word_1_264' title='bbox 199 2077 329 2121; x_wconf 90' lang='lat' dir='ltr'>errores</span> <span class='ocrx_word' id='word_1_265' title='bbox 359 2055 474 2140; x_wconf 87' lang='lat' dir='ltr'>dilapsi</span> <span class='ocrx_word' id='word_1_266' title='bbox 504 2066 614 2136; x_wconf 88' lang='lat' dir='ltr'>erant,</span> <span class='ocrx_word' id='word_1_267' title='bbox 643 2057 717 2122; x_wconf 90' lang='lat' dir='ltr'>fecit</span> <span class='ocrx_word' id='word_1_268' title='bbox 747 2065 856 2122; x_wconf 90' lang='lat' dir='ltr'>tamen</span> <span class='ocrx_word' id='word_1_269' title='bbox 878 2056 1040 2121; x_wconf 88' lang='lat' dir='ltr'>Dominus</span> <span class='ocrx_word' id='word_1_270' title='bbox 1062 2063 1101 2119; x_wconf 88' lang='lat' dir='ltr'>ut</span> <span class='ocrx_word' id='word_1_271' title='bbox 1151 2058 1247 2121; x_wconf 91' lang='lat' dir='ltr'>firma</span> <span class='ocrx_word' id='word_1_272' title='bbox 1265 2057 1523 2124; x_wconf 89' lang='lat' dir='ltr'>nihilominuset</span> <span class='ocrx_word' id='word_1_273' title='bbox 1544 2059 1658 2126; x_wconf 84' lang='lat' dir='ltr'>efficax</span> <span class='ocrx_word' id='word_1_274' title='bbox 1677 2060 1777 2124; x_wconf 89' lang='lat' dir='ltr'>stetit.</span> <span class='ocrx_word' id='word_1_275' title='bbox 1812 2057 1946 2125; x_wconf 71' lang='lat' dir='ltr'>Talibus</span> <span class='ocrx_word' id='word_1_276' title='bbox 1963 2059 2122 2142; x_wconf 80' lang='lat' dir='ltr'>exemplis</span> 
     </span>
     <span class='ocr_line' id='line_1_20' title="bbox 116 2141 2122 2226; baseline 0.001 -20"><span class='ocrx_word' id='word_1_277' title='bbox 116 2144 259 2226; x_wconf 86' lang='lat' dir='ltr'>integer</span> <span class='ocrx_word' id='word_1_278' title='bbox 288 2141 372 2223; x_wconf 91' lang='lat' dir='ltr'>apud</span> <span class='ocrx_word' id='word_1_279' title='bbox 403 2163 479 2206; x_wconf 89' lang='lat' dir='ltr'>suos</span> <span class='ocrx_word' id='word_1_280' title='bbox 507 2143 590 2208; x_wconf 88' lang='lat' dir='ltr'>ritus</span> <span class='ocrx_word' id='word_1_281' title='bbox 619 2142 673 2207; x_wconf 91' lang='lat' dir='ltr'>hio</span> <span class='ocrx_word' id='word_1_282' title='bbox 701 2150 863 2216; x_wconf 85' lang='lat' dir='ltr'>maneret,</span> <span class='ocrx_word' id='word_1_283' title='bbox 894 2144 972 2225; x_wconf 92' lang='lat' dir='ltr'>quin</span> <span class='ocrx_word' id='word_1_284' title='bbox 1001 2143 1100 2206; x_wconf 92' lang='lat' dir='ltr'>etiam</span> <span class='ocrx_word' id='word_1_285' title='bbox 1151 2145 1281 2217; x_wconf 90' lang='lat' dir='ltr'>moniti,</span> <span class='ocrx_word' id='word_1_286' title='bbox 1321 2143 1484 2209; x_wconf 90' lang='lat' dir='ltr'>discamus</span> <span class='ocrx_word' id='word_1_287' title='bbox 1516 2166 1575 2210; x_wconf 92' lang='lat' dir='ltr'>nos</span> <span class='ocrx_word' id='word_1_288' title='bbox 1614 2154 1729 2210; x_wconf 89' lang='lat' dir='ltr'>contra</span> <span class='ocrx_word' id='word_1_289' title='bbox 1766 2144 1929 2209; x_wconf 89' lang='lat' dir='ltr'>horrenda</span> <span class='ocrx_word' id='word_1_290' title='bbox 1968 2143 2122 2210; x_wconf 91' lang='lat' dir='ltr'>scandala</span> 
     </span>
     <span class='ocr_line' id='line_1_21' title="bbox 117 2227 2120 2312; baseline 0 -18"><span class='ocrx_word' id='word_1_291' title='bbox 117 2229 214 2312; x_wconf 89' lang='lat' dir='ltr'>apud</span> <span class='ocrx_word' id='word_1_292' title='bbox 250 2227 433 2293; x_wconf 89' lang='lat' dir='ltr'>incredulos</span> <span class='ocrx_word' id='word_1_293' title='bbox 467 2227 687 2293; x_wconf 86' lang='lat' dir='ltr'>testimonium</span> <span class='ocrx_word' id='word_1_294' title='bbox 720 2240 848 2293; x_wconf 84' lang='lat' dir='ltr'>exstare</span> <span class='ocrx_word' id='word_1_295' title='bbox 877 2228 998 2308; x_wconf 89' lang='lat' dir='ltr'>voluit,</span> <span class='ocrx_word' id='word_1_296' title='bbox 1037 2247 1100 2310; x_wconf 89' lang='lat' dir='ltr'>quc</span> <span class='ocrx_word' id='word_1_297' title='bbox 1151 2230 1296 2308; x_wconf 88' lang='lat' dir='ltr'>munire,</span> <span class='ocrx_word' id='word_1_298' title='bbox 1323 2230 1439 2312; x_wconf 86' lang='lat' dir='ltr'>quibus</span> <span class='ocrx_word' id='word_1_299' title='bbox 1463 2228 1565 2295; x_wconf 84' lang='lat' dir='ltr'>Satan</span> <span class='ocrx_word' id='word_1_300' title='bbox 1587 2231 1717 2296; x_wconf 90' lang='lat' dir='ltr'>turbare</span> <span class='ocrx_word' id='word_1_301' title='bbox 1738 2251 1798 2294; x_wconf 92' lang='lat' dir='ltr'>nos</span> <span class='ocrx_word' id='word_1_302' title='bbox 1819 2229 1937 2295; x_wconf 87' lang='lat' dir='ltr'>studet.</span> <span class='ocrx_word' id='word_1_303' title='bbox 1983 2231 2120 2296; x_wconf 83' lang='lat' dir='ltr'>Accam-</span> 
     </span>
     <span class='ocr_line' id='line_1_22' title="bbox 114 2312 2122 2398; baseline 0.001 -20"><span class='ocrx_word' id='word_1_304' title='bbox 114 2312 368 2380; x_wconf 80' lang='lat' dir='ltr'>inexcusabiles</span> <span class='ocrx_word' id='word_1_305' title='bbox 401 2313 501 2377; x_wconf 90' lang='lat' dir='ltr'>semel</span> <span class='ocrx_word' id='word_1_306' title='bbox 536 2313 724 2378; x_wconf 90' lang='lat' dir='ltr'>reddantur.</span> <span class='ocrx_word' id='word_1_307' title='bbox 779 2314 865 2378; x_wconf 91' lang='lat' dir='ltr'>Nam</span> <span class='ocrx_word' id='word_1_308' title='bbox 897 2335 996 2394; x_wconf 93' lang='lat' dir='ltr'>quum</span> <span class='ocrx_word' id='word_1_309' title='bbox 1030 2314 1100 2376; x_wconf 92' lang='lat' dir='ltr'>sine</span> <span class='ocrx_word' id='word_1_310' title='bbox 1150 2313 1262 2378; x_wconf 84' lang='lat' dir='ltr'>modat</span> <span class='ocrx_word' id='word_1_311' title='bbox 1290 2317 1388 2379; x_wconf 91' lang='lat' dir='ltr'>etiam</span> <span class='ocrx_word' id='word_1_312' title='bbox 1418 2315 1478 2381; x_wconf 89' lang='lat' dir='ltr'>hoa</span> <span class='ocrx_word' id='word_1_313' title='bbox 1506 2315 1643 2398; x_wconf 88' lang='lat' dir='ltr'>quisque</span> <span class='ocrx_word' id='word_1_314' title='bbox 1676 2314 1717 2380; x_wconf 91' lang='lat' dir='ltr'>ad</span> <span class='ocrx_word' id='word_1_315' title='bbox 1746 2316 1909 2397; x_wconf 89' lang='lat' dir='ltr'>privatam</span> <span class='ocrx_word' id='word_1_316' title='bbox 1938 2313 2014 2380; x_wconf 88' lang='lat' dir='ltr'>fidei</span> <span class='ocrx_word' id='word_1_317' title='bbox 2043 2336 2122 2381; x_wconf 87' lang='lat' dir='ltr'>suae</span> 
     </span>
     <span class='ocr_line' id='line_1_23' title="bbox 114 2397 2119 2483; baseline 0 -18"><span class='ocrx_word' id='word_1_318' title='bbox 114 2400 288 2483; x_wconf 86' lang='lat' dir='ltr'>magistro</span> <span class='ocrx_word' id='word_1_319' title='bbox 309 2398 476 2481; x_wconf 89' lang='lat' dir='ltr'>ingenitus</span> <span class='ocrx_word' id='word_1_320' title='bbox 504 2397 605 2463; x_wconf 85' lang='lat' dir='ltr'>fuerit</span> <span class='ocrx_word' id='word_1_321' title='bbox 635 2399 784 2464; x_wconf 90' lang='lat' dir='ltr'>omnibus</span> <span class='ocrx_word' id='word_1_322' title='bbox 807 2399 861 2464; x_wconf 91' lang='lat' dir='ltr'>hie</span> <span class='ocrx_word' id='word_1_323' title='bbox 882 2399 1033 2476; x_wconf 84' lang='lat' dir='ltr'>affectos,</span> <span class='ocrx_word' id='word_1_324' title='bbox 1062 2408 1101 2461; x_wconf 91' lang='lat' dir='ltr'>ut</span> <span class='ocrx_word' id='word_1_325' title='bbox 1150 2399 1414 2465; x_wconf 90' lang='lat' dir='ltr'>consolationem.</span> <span class='ocrx_word' id='word_1_326' title='bbox 1458 2400 1510 2464; x_wconf 89' lang='lat' dir='ltr'>Ita</span> <span class='ocrx_word' id='word_1_327' title='bbox 1539 2402 1628 2465; x_wconf 91' lang='lat' dir='ltr'>enim</span> <span class='ocrx_word' id='word_1_328' title='bbox 1654 2401 1810 2465; x_wconf 88' lang='lat' dir='ltr'>labuntur</span> <span class='ocrx_word' id='word_1_329' title='bbox 1834 2400 2000 2465; x_wconf 90' lang='lat' dir='ltr'>interdum</span> <span class='ocrx_word' id='word_1_330' title='bbox 2022 2402 2119 2466; x_wconf 89' lang='lat' dir='ltr'>etiam</span> 
     </span>
     <span class='ocr_line' id='line_1_24' title="bbox 115 2483 2119 2569; baseline 0 -19"><span class='ocrx_word' id='word_1_331' title='bbox 115 2496 274 2550; x_wconf 89' lang='lat' dir='ltr'>mortuos</span> <span class='ocrx_word' id='word_1_332' title='bbox 313 2483 451 2566; x_wconf 87' lang='lat' dir='ltr'>sepelire</span> <span class='ocrx_word' id='word_1_333' title='bbox 483 2505 586 2549; x_wconf 91' lang='lat' dir='ltr'>unum</span> <span class='ocrx_word' id='word_1_334' title='bbox 619 2495 704 2550; x_wconf 88' lang='lat' dir='ltr'>esset</span> <span class='ocrx_word' id='word_1_335' title='bbox 736 2506 777 2549; x_wconf 86' lang='lat' dir='ltr'>ex</span> <span class='ocrx_word' id='word_1_336' title='bbox 810 2486 942 2568; x_wconf 89' lang='lat' dir='ltr'>pietatis</span> <span class='ocrx_word' id='word_1_337' title='bbox 974 2483 1099 2556; x_wconf 86' lang='lat' dir='ltr'>officiis,</span> <span class='ocrx_word' id='word_1_338' title='bbox 1150 2485 1236 2564; x_wconf 90' lang='lat' dir='ltr'>boni,</span> <span class='ocrx_word' id='word_1_339' title='bbox 1258 2486 1350 2567; x_wconf 91' lang='lat' dir='ltr'>quasi</span> <span class='ocrx_word' id='word_1_340' title='bbox 1372 2488 1519 2569; x_wconf 84' lang='lat' dir='ltr'>agretia</span> <span class='ocrx_word' id='word_1_341' title='bbox 1541 2485 1735 2552; x_wconf 85' lang='lat' dir='ltr'>exciderint:</span> <span class='ocrx_word' id='word_1_342' title='bbox 1763 2486 1844 2551; x_wconf 88' lang='lat' dir='ltr'>tales</span> <span class='ocrx_word' id='word_1_343' title='bbox 1873 2487 1985 2552; x_wconf 86' lang='lat' dir='ltr'>ruinas</span> <span class='ocrx_word' id='word_1_344' title='bbox 2007 2488 2119 2552; x_wconf 88' lang='lat' dir='ltr'>statim</span> 
     </span>
     <span class='ocr_line' id='line_1_25' title="bbox 114 2567 2120 2655; baseline -0 -19"><span class='ocrx_word' id='word_1_345' title='bbox 114 2572 212 2638; x_wconf 89' lang='lat' dir='ltr'>clare</span> <span class='ocrx_word' id='word_1_346' title='bbox 245 2569 307 2635; x_wconf 93' lang='lat' dir='ltr'>hoc</span> <span class='ocrx_word' id='word_1_347' title='bbox 334 2569 400 2634; x_wconf 92' lang='lat' dir='ltr'>illis</span> <span class='ocrx_word' id='word_1_348' title='bbox 428 2568 563 2636; x_wconf 89' lang='lat' dir='ltr'>dictavit</span> <span class='ocrx_word' id='word_1_349' title='bbox 589 2579 723 2652; x_wconf 90' lang='lat' dir='ltr'>natura,</span> <span class='ocrx_word' id='word_1_350' title='bbox 752 2592 867 2653; x_wconf 89' lang='lat' dir='ltr'>corpus</span> <span class='ocrx_word' id='word_1_351' title='bbox 895 2568 1035 2635; x_wconf 90' lang='lat' dir='ltr'>bominis</span> <span class='ocrx_word' id='word_1_352' title='bbox 1058 2567 1099 2632; x_wconf 91' lang='lat' dir='ltr'>ad</span> <span class='ocrx_word' id='word_1_353' title='bbox 1151 2571 1293 2654; x_wconf 86' lang='lat' dir='ltr'>excipiat</span> <span class='ocrx_word' id='word_1_354' title='bbox 1325 2570 1508 2655; x_wconf 89' lang='lat' dir='ltr'>desperatio</span> <span class='ocrx_word' id='word_1_355' title='bbox 1541 2590 1672 2636; x_wconf 86' lang='lat' dir='ltr'>necesse</span> <span class='ocrx_word' id='word_1_356' title='bbox 1700 2580 1765 2650; x_wconf 86' lang='lat' dir='ltr'>est,</span> <span class='ocrx_word' id='word_1_357' title='bbox 1793 2572 1858 2636; x_wconf 89' lang='lat' dir='ltr'>nisi</span> <span class='ocrx_word' id='word_1_358' title='bbox 1887 2569 2050 2636; x_wconf 89' lang='lat' dir='ltr'>Dominus</span> <span class='ocrx_word' id='word_1_359' title='bbox 2079 2593 2120 2635; x_wconf 85' lang='lat' dir='ltr'>ex</span> 
     </span>
     <span class='ocr_line' id='line_1_26' title="bbox 113 2653 2119 2741; baseline -0 -19"><span class='ocrx_word' id='word_1_360' title='bbox 113 2655 407 2722; x_wconf 88' lang='lat' dir='ltr'>immortalitatem</span> <span class='ocrx_word' id='word_1_361' title='bbox 425 2675 496 2720; x_wconf 90' lang='lat' dir='ltr'>esse</span> <span class='ocrx_word' id='word_1_362' title='bbox 516 2653 696 2721; x_wconf 89' lang='lat' dir='ltr'>conditum:</span> <span class='ocrx_word' id='word_1_363' title='bbox 715 2654 850 2739; x_wconf 87' lang='lat' dir='ltr'>ideoque</span> <span class='ocrx_word' id='word_1_364' title='bbox 867 2655 915 2721; x_wconf 91' lang='lat' dir='ltr'>sic</span> <span class='ocrx_word' id='word_1_365' title='bbox 932 2653 1099 2721; x_wconf 86' lang='lat' dir='ltr'>considere</span> <span class='ocrx_word' id='word_1_366' title='bbox 1151 2657 1297 2738; x_wconf 88' lang='lat' dir='ltr'>opposito</span> <span class='ocrx_word' id='word_1_367' title='bbox 1320 2677 1412 2739; x_wconf 89' lang='lat' dir='ltr'>spem</span> <span class='ocrx_word' id='word_1_368' title='bbox 1434 2657 1549 2724; x_wconf 90' lang='lat' dir='ltr'>veniae</span> <span class='ocrx_word' id='word_1_369' title='bbox 1572 2657 1731 2722; x_wconf 86' lang='lat' dir='ltr'>ostendat.</span> <span class='ocrx_word' id='word_1_370' title='bbox 1777 2656 1908 2741; x_wconf 89' lang='lat' dir='ltr'>Insigne</span> <span class='ocrx_word' id='word_1_371' title='bbox 1931 2658 1984 2721; x_wconf 92' lang='lat' dir='ltr'>hic</span> <span class='ocrx_word' id='word_1_372' title='bbox 2006 2678 2119 2740; x_wconf 88' lang='lat' dir='ltr'>speon·</span> 
     </span>
     <span class='ocr_line' id='line_1_27' title="bbox 114 2739 2120 2826; baseline 0 -20"><span class='ocrx_word' id='word_1_373' title='bbox 114 2743 154 2806; x_wconf 92' lang='lat' dir='ltr'>in</span> <span class='ocrx_word' id='word_1_374' title='bbox 192 2751 316 2817; x_wconf 88' lang='lat' dir='ltr'>morte,</span> <span class='ocrx_word' id='word_1_375' title='bbox 348 2748 386 2804; x_wconf 89' lang='lat' dir='ltr'>ut</span> <span class='ocrx_word' id='word_1_376' title='bbox 414 2762 480 2805; x_wconf 92' lang='lat' dir='ltr'>neu</span> <span class='ocrx_word' id='word_1_377' title='bbox 512 2762 646 2823; x_wconf 91' lang='lat' dir='ltr'>prorsus</span> <span class='ocrx_word' id='word_1_378' title='bbox 678 2743 827 2806; x_wconf 89' lang='lat' dir='ltr'>intereat.</span> <span class='ocrx_word' id='word_1_379' title='bbox 880 2739 1014 2818; x_wconf 87' lang='lat' dir='ltr'>Statua,</span> <span class='ocrx_word' id='word_1_380' title='bbox 1046 2739 1099 2805; x_wconf 89' lang='lat' dir='ltr'>vel</span> <span class='ocrx_word' id='word_1_381' title='bbox 1150 2742 1219 2806; x_wconf 91' lang='lat' dir='ltr'>lum</span> <span class='ocrx_word' id='word_1_382' title='bbox 1242 2743 1434 2825; x_wconf 89' lang='lat' dir='ltr'>proponitur</span> <span class='ocrx_word' id='word_1_383' title='bbox 1454 2745 1490 2808; x_wconf 95' lang='lat' dir='ltr'>in</span> <span class='ocrx_word' id='word_1_384' title='bbox 1513 2743 1640 2820; x_wconf 89' lang='lat' dir='ltr'>Ruben,</span> <span class='ocrx_word' id='word_1_385' title='bbox 1663 2743 1720 2825; x_wconf 88' lang='lat' dir='ltr'>qui</span> <span class='ocrx_word' id='word_1_386' title='bbox 1742 2753 1814 2826; x_wconf 89' lang='lat' dir='ltr'>post</span> <span class='ocrx_word' id='word_1_387' title='bbox 1837 2752 2019 2807; x_wconf 82' lang='lat' dir='ltr'>extremum</span> <span class='ocrx_word' id='word_1_388' title='bbox 2042 2742 2120 2807; x_wconf 89' lang='lat' dir='ltr'>faei-</span> 
     </span>
     <span class='ocr_line' id='line_1_28' title="bbox 113 2826 2119 2912; baseline -0.001 -19"><span class='ocrx_word' id='word_1_389' title='bbox 113 2835 378 2893; x_wconf 88' lang='lat' dir='ltr'>monumentum</span> <span class='ocrx_word' id='word_1_390' title='bbox 399 2826 513 2891; x_wconf 88' lang='lat' dir='ltr'>codem</span> <span class='ocrx_word' id='word_1_391' title='bbox 543 2828 711 2910; x_wconf 90' lang='lat' dir='ltr'>spectavit.</span> <span class='ocrx_word' id='word_1_392' title='bbox 755 2828 889 2892; x_wconf 89' lang='lat' dir='ltr'>Nullam</span> <span class='ocrx_word' id='word_1_393' title='bbox 910 2847 1018 2892; x_wconf 90' lang='lat' dir='ltr'>arcem</span> <span class='ocrx_word' id='word_1_394' title='bbox 1041 2846 1099 2889; x_wconf 85' lang='lat' dir='ltr'>ex·</span> <span class='ocrx_word' id='word_1_395' title='bbox 1149 2849 1213 2891; x_wconf 90' lang='lat' dir='ltr'>nus</span> <span class='ocrx_word' id='word_1_396' title='bbox 1236 2827 1375 2912; x_wconf 88' lang='lat' dir='ltr'>gradum</span> <span class='ocrx_word' id='word_1_397' title='bbox 1396 2835 1508 2894; x_wconf 89' lang='lat' dir='ltr'>tamen</span> <span class='ocrx_word' id='word_1_398' title='bbox 1531 2829 1735 2912; x_wconf 88' lang='lat' dir='ltr'>patriarchae</span> <span class='ocrx_word' id='word_1_399' title='bbox 1757 2831 1791 2892; x_wconf 94' lang='lat' dir='ltr'>in</span> <span class='ocrx_word' id='word_1_400' title='bbox 1812 2828 1946 2894; x_wconf 88' lang='lat' dir='ltr'>ecclesia</span> <span class='ocrx_word' id='word_1_401' title='bbox 1968 2827 2119 2892; x_wconf 91' lang='lat' dir='ltr'>retinnit:</span> 
     </span>
     <span class='ocr_line' id='line_1_29' title="bbox 115 2910 2118 2997; baseline -0.001 -17"><span class='ocrx_word' id='word_1_402' title='bbox 115 2913 253 2980; x_wconf 86' lang='lat' dir='ltr'>struxit</span> <span class='ocrx_word' id='word_1_403' title='bbox 274 2932 358 2994; x_wconf 90' lang='lat' dir='ltr'>quae</span> <span class='ocrx_word' id='word_1_404' title='bbox 380 2912 509 2996; x_wconf 85' lang='lat' dir='ltr'>insigne</span> <span class='ocrx_word' id='word_1_405' title='bbox 532 2922 617 2978; x_wconf 88' lang='lat' dir='ltr'>esset</span> <span class='ocrx_word' id='word_1_406' title='bbox 639 2913 762 2997; x_wconf 87' lang='lat' dir='ltr'>gloriae</span> <span class='ocrx_word' id='word_1_407' title='bbox 784 2934 862 2978; x_wconf 87' lang='lat' dir='ltr'>suae</span> <span class='ocrx_word' id='word_1_408' title='bbox 884 2910 969 2994; x_wconf 92' lang='lat' dir='ltr'>apud</span> <span class='ocrx_word' id='word_1_409' title='bbox 989 2919 1098 2994; x_wconf 91' lang='lat' dir='ltr'>poste·</span> <span class='ocrx_word' id='word_1_410' title='bbox 1150 2933 1337 2996; x_wconf 89' lang='lat' dir='ltr'>quanquam</span> <span class='ocrx_word' id='word_1_411' title='bbox 1365 2915 1463 2979; x_wconf 91' lang='lat' dir='ltr'>simul</span> <span class='ocrx_word' id='word_1_412' title='bbox 1492 2912 1690 2979; x_wconf 89' lang='lat' dir='ltr'>manendum</span> <span class='ocrx_word' id='word_1_413' title='bbox 1713 2924 1763 2980; x_wconf 91' lang='lat' dir='ltr'>est</span> <span class='ocrx_word' id='word_1_414' title='bbox 1782 2914 1843 2980; x_wconf 91' lang='lat' dir='ltr'>sub</span> <span class='ocrx_word' id='word_1_415' title='bbox 1865 2913 1992 2979; x_wconf 92' lang='lat' dir='ltr'>timoris</span> <span class='ocrx_word' id='word_1_416' title='bbox 2014 2922 2048 2979; x_wconf 94' lang='lat' dir='ltr'>et</span> <span class='ocrx_word' id='word_1_417' title='bbox 2069 2914 2118 2978; x_wconf 92' lang='lat' dir='ltr'>vi·</span> 
     </span>
     <span class='ocr_line' id='line_1_30' title="bbox 113 2996 2120 3084; baseline -0 -19"><span class='ocrx_word' id='word_1_418' title='bbox 113 3021 191 3065; x_wconf 92' lang='lat' dir='ltr'>ros:</span> <span class='ocrx_word' id='word_1_419' title='bbox 225 2997 367 3081; x_wconf 88' lang='lat' dir='ltr'>sepulcri</span> <span class='ocrx_word' id='word_1_420' title='bbox 390 3018 466 3064; x_wconf 90' lang='lat' dir='ltr'>vero</span> <span class='ocrx_word' id='word_1_421' title='bbox 488 2998 680 3064; x_wconf 90' lang='lat' dir='ltr'>memoriam</span> <span class='ocrx_word' id='word_1_422' title='bbox 707 3001 831 3084; x_wconf 87' lang='lat' dir='ltr'>erigere</span> <span class='ocrx_word' id='word_1_423' title='bbox 856 3017 954 3063; x_wconf 91' lang='lat' dir='ltr'>curae</span> <span class='ocrx_word' id='word_1_424' title='bbox 973 2996 1099 3076; x_wconf 90' lang='lat' dir='ltr'>habuit,</span> <span class='ocrx_word' id='word_1_425' title='bbox 1150 2998 1305 3083; x_wconf 87' lang='lat' dir='ltr'>gilantiae</span> <span class='ocrx_word' id='word_1_426' title='bbox 1338 2999 1498 3077; x_wconf 91' lang='lat' dir='ltr'>custodia,</span> <span class='ocrx_word' id='word_1_427' title='bbox 1531 3021 1573 3065; x_wconf 92' lang='lat' dir='ltr'>ne</span> <span class='ocrx_word' id='word_1_428' title='bbox 1605 3000 1753 3066; x_wconf 88' lang='lat' dir='ltr'>incautos</span> <span class='ocrx_word' id='word_1_429' title='bbox 1780 2999 1944 3083; x_wconf 86' lang='lat' dir='ltr'>opprimat</span> <span class='ocrx_word' id='word_1_430' title='bbox 1971 2999 2120 3079; x_wconf 90' lang='lat' dir='ltr'>tentatio,</span> 
     </span>
     <span class='ocr_line' id='line_1_31' title="bbox 112 3082 2121 3168; baseline 0 -18"><span class='ocrx_word' id='word_1_431' title='bbox 112 3104 210 3168; x_wconf 90' lang='lat' dir='ltr'>quae</span> <span class='ocrx_word' id='word_1_432' title='bbox 234 3082 386 3148; x_wconf 90' lang='lat' dir='ltr'>omnibus</span> <span class='ocrx_word' id='word_1_433' title='bbox 408 3083 546 3150; x_wconf 88' lang='lat' dir='ltr'>saeculis</span> <span class='ocrx_word' id='word_1_434' title='bbox 578 3084 671 3150; x_wconf 89' lang='lat' dir='ltr'>testis</span> <span class='ocrx_word' id='word_1_435' title='bbox 703 3093 791 3150; x_wconf 87' lang='lat' dir='ltr'>esset</span> <span class='ocrx_word' id='word_1_436' title='bbox 822 3083 983 3150; x_wconf 88' lang='lat' dir='ltr'>secundae</span> <span class='ocrx_word' id='word_1_437' title='bbox 1011 3083 1099 3148; x_wconf 89' lang='lat' dir='ltr'>vitae</span> <span class='ocrx_word' id='word_1_438' title='bbox 1151 3091 1248 3167; x_wconf 91' lang='lat' dir='ltr'>atque</span> <span class='ocrx_word' id='word_1_439' title='bbox 1276 3085 1324 3150; x_wconf 89' lang='lat' dir='ltr'>ita</span> <span class='ocrx_word' id='word_1_440' title='bbox 1351 3085 1612 3152; x_wconf 88' lang='lat' dir='ltr'>circumveniant</span> <span class='ocrx_word' id='word_1_441' title='bbox 1640 3085 1783 3151; x_wconf 81' lang='lat' dir='ltr'>Satanae</span> <span class='ocrx_word' id='word_1_442' title='bbox 1810 3085 1957 3151; x_wconf 89' lang='lat' dir='ltr'>insidiae.</span> <span class='ocrx_word' id='word_1_443' title='bbox 2005 3084 2121 3167; x_wconf 89' lang='lat' dir='ltr'>Neque</span> 
     </span>
     <span class='ocr_line' id='line_1_32' title="bbox 111 3167 2121 3254; baseline -0 -18"><span class='ocrx_word' id='word_1_444' title='bbox 111 3171 232 3254; x_wconf 85' lang='lat' dir='ltr'>magis</span> <span class='ocrx_word' id='word_1_445' title='bbox 256 3169 356 3234; x_wconf 85' lang='lat' dir='ltr'>fuisse</span> <span class='ocrx_word' id='word_1_446' title='bbox 375 3167 551 3246; x_wconf 90' lang='lat' dir='ltr'>addictum,</span> <span class='ocrx_word' id='word_1_447' title='bbox 574 3180 607 3235; x_wconf 91' lang='lat' dir='ltr'>et</span> <span class='ocrx_word' id='word_1_448' title='bbox 624 3170 686 3234; x_wconf 90' lang='lat' dir='ltr'>Dei</span> <span class='ocrx_word' id='word_1_449' title='bbox 704 3168 912 3253; x_wconf 87' lang='lat' dir='ltr'>providentia</span> <span class='ocrx_word' id='word_1_450' title='bbox 934 3178 1099 3253; x_wconf 90' lang='lat' dir='ltr'>superstes</span> <span class='ocrx_word' id='word_1_451' title='bbox 1151 3173 1239 3234; x_wconf 92' lang='lat' dir='ltr'>enim</span> <span class='ocrx_word' id='word_1_452' title='bbox 1266 3171 1380 3237; x_wconf 86' lang='lat' dir='ltr'>foedae</span> <span class='ocrx_word' id='word_1_453' title='bbox 1408 3170 1536 3237; x_wconf 92' lang='lat' dir='ltr'>libidini</span> <span class='ocrx_word' id='word_1_454' title='bbox 1564 3179 1738 3254; x_wconf 90' lang='lat' dir='ltr'>patronum</span> <span class='ocrx_word' id='word_1_455' title='bbox 1762 3170 1838 3236; x_wconf 88' lang='lat' dir='ltr'>dare</span> <span class='ocrx_word' id='word_1_456' title='bbox 1860 3172 1964 3237; x_wconf 90' lang='lat' dir='ltr'>voluit</span> <span class='ocrx_word' id='word_1_457' title='bbox 1985 3170 2121 3254; x_wconf 89' lang='lat' dir='ltr'>spiritus</span> 
     </span>
     <span class='ocr_line' id='line_1_33' title="bbox 110 3253 2119 3340; baseline -0.001 -18"><span class='ocrx_word' id='word_1_458' title='bbox 110 3256 260 3322; x_wconf 86' lang='lat' dir='ltr'>duravit</span> <span class='ocrx_word' id='word_1_459' title='bbox 282 3253 363 3321; x_wconf 89' lang='lat' dir='ltr'>haee</span> <span class='ocrx_word' id='word_1_460' title='bbox 384 3253 571 3334; x_wconf 89' lang='lat' dir='ltr'>admonitio,</span> <span class='ocrx_word' id='word_1_461' title='bbox 594 3254 696 3322; x_wconf 89' lang='lat' dir='ltr'>donce</span> <span class='ocrx_word' id='word_1_462' title='bbox 714 3278 756 3321; x_wconf 86' lang='lat' dir='ltr'>ex</span> <span class='ocrx_word' id='word_1_463' title='bbox 774 3259 924 3340; x_wconf 77' lang='lat' dir='ltr'>Aegypto</span> <span class='ocrx_word' id='word_1_464' title='bbox 946 3275 1099 3322; x_wconf 75' lang='lat' dir='ltr'>mucosus</span> <span class='ocrx_word' id='word_1_465' title='bbox 1151 3265 1299 3332; x_wconf 91' lang='lat' dir='ltr'>sanctus,</span> <span class='ocrx_word' id='word_1_466' title='bbox 1321 3258 1415 3322; x_wconf 90' lang='lat' dir='ltr'>utin</span> <span class='ocrx_word' id='word_1_467' title='bbox 1440 3257 1630 3324; x_wconf 89' lang='lat' dir='ltr'>concubitus</span> <span class='ocrx_word' id='word_1_468' title='bbox 1653 3259 1851 3323; x_wconf 88' lang='lat' dir='ltr'>incestuosos</span> <span class='ocrx_word' id='word_1_469' title='bbox 1873 3258 2008 3340; x_wconf 90' lang='lat' dir='ltr'>quisque</span> <span class='ocrx_word' id='word_1_470' title='bbox 2029 3264 2119 3321; x_wconf 89' lang='lat' dir='ltr'>ruat:</span> 
     </span>
     <span class='ocr_line' id='line_1_34' title="bbox 109 3341 2119 3425; baseline -0.001 -17"><span class='ocrx_word' id='word_1_471' title='bbox 109 3351 167 3408; x_wconf 90' lang='lat' dir='ltr'>est</span> <span class='ocrx_word' id='word_1_472' title='bbox 194 3341 347 3425; x_wconf 90' lang='lat' dir='ltr'>populus.</span> <span class='ocrx_word' id='word_1_473' title='bbox 1151 3341 1206 3406; x_wconf 92' lang='lat' dir='ltr'>sed</span> <span class='ocrx_word' id='word_1_474' title='bbox 1229 3344 1335 3425; x_wconf 91' lang='lat' dir='ltr'>potius</span> <span class='ocrx_word' id='word_1_475' title='bbox 1357 3344 1390 3408; x_wconf 92' lang='lat' dir='ltr'>in</span> <span class='ocrx_word' id='word_1_476' title='bbox 1410 3363 1550 3425; x_wconf 86' lang='lat' dir='ltr'>persona</span> <span class='ocrx_word' id='word_1_477' title='bbox 1578 3343 1756 3409; x_wconf 88' lang='lat' dir='ltr'>honorifica</span> <span class='ocrx_word' id='word_1_478' title='bbox 1775 3342 1875 3408; x_wconf 90' lang='lat' dir='ltr'>huius</span> <span class='ocrx_word' id='word_1_479' title='bbox 1897 3343 2029 3408; x_wconf 89' lang='lat' dir='ltr'>sceleris</span> <span class='ocrx_word' id='word_1_480' title='bbox 2049 3350 2119 3408; x_wconf 90' lang='lat' dir='ltr'>tur·</span> 
     </span>
     <span class='ocr_line' id='line_1_35' title="bbox 208 3425 2121 3512; baseline 0.001 -22"><span class='ocrx_word' id='word_1_481' title='bbox 208 3427 264 3491; x_wconf 82' lang='lat'>23.</span> <span class='ocrx_word' id='word_1_482' title='bbox 298 3425 343 3490; x_wconf 76' lang='lat' dir='ltr'>Et</span> <span class='ocrx_word' id='word_1_483' title='bbox 373 3425 533 3491; x_wconf 70' lang='lat' dir='ltr'>meabat</span> <span class='ocrx_word' id='word_1_484' title='bbox 564 3444 635 3490; x_wconf 84' lang='lat' dir='ltr'>cum</span> <span class='ocrx_word' id='word_1_485' title='bbox 666 3425 796 3492; x_wconf 81' lang='lat' dir='ltr'>Bilbcb.</span> <span class='ocrx_word' id='word_1_486' title='bbox 851 3426 968 3492; x_wconf 67' lang='lat' dir='ltr'>Tristis</span> <span class='ocrx_word' id='word_1_487' title='bbox 1000 3445 1098 3504; x_wconf 91' lang='lat' dir='ltr'>nuno,</span> <span class='ocrx_word' id='word_1_488' title='bbox 1148 3428 1331 3511; x_wconf 90' lang='lat' dir='ltr'>pitudinem</span> <span class='ocrx_word' id='word_1_489' title='bbox 1360 3429 1524 3506; x_wconf 89' lang='lat' dir='ltr'>traduxit,</span> <span class='ocrx_word' id='word_1_490' title='bbox 1552 3437 1591 3493; x_wconf 90' lang='lat' dir='ltr'>ut</span> <span class='ocrx_word' id='word_1_491' title='bbox 1611 3428 1687 3493; x_wconf 92' lang='lat' dir='ltr'>inde</span> <span class='ocrx_word' id='word_1_492' title='bbox 1716 3430 1821 3512; x_wconf 90' lang='lat' dir='ltr'>magis</span> <span class='ocrx_word' id='word_1_493' title='bbox 1842 3428 1978 3494; x_wconf 90' lang='lat' dir='ltr'>sollicite</span> <span class='ocrx_word' id='word_1_494' title='bbox 2006 3449 2121 3492; x_wconf 91' lang='lat' dir='ltr'>omnes</span> 
     </span>
     <span class='ocr_line' id='line_1_36' title="bbox 108 3511 2118 3595; baseline -0.001 -16"><span class='ocrx_word' id='word_1_495' title='bbox 108 3516 185 3580; x_wconf 92' lang='lat' dir='ltr'>imo</span> <span class='ocrx_word' id='word_1_496' title='bbox 205 3512 334 3595; x_wconf 85' lang='lat' dir='ltr'>tragica</span> <span class='ocrx_word' id='word_1_497' title='bbox 350 3511 487 3577; x_wconf 87' lang='lat' dir='ltr'>historia</span> <span class='ocrx_word' id='word_1_498' title='bbox 504 3511 647 3576; x_wconf 85' lang='lat' dir='ltr'>refertur</span> <span class='ocrx_word' id='word_1_499' title='bbox 664 3511 704 3577; x_wconf 92' lang='lat' dir='ltr'>de</span> <span class='ocrx_word' id='word_1_500' title='bbox 720 3511 904 3578; x_wconf 88' lang='lat' dir='ltr'>incestuoso</span> <span class='ocrx_word' id='word_1_501' title='bbox 926 3511 1099 3578; x_wconf 88' lang='lat' dir='ltr'>concubitu</span> <span class='ocrx_word' id='word_1_502' title='bbox 1150 3512 1356 3579; x_wconf 89' lang='lat' dir='ltr'>abhorreant.</span> <span class='ocrx_word' id='word_1_503' title='bbox 1407 3515 1472 3580; x_wconf 93' lang='lat' dir='ltr'>Hic</span> <span class='ocrx_word' id='word_1_504' title='bbox 1501 3514 1590 3579; x_wconf 90' lang='lat' dir='ltr'>locus</span> <span class='ocrx_word' id='word_1_505' title='bbox 1618 3515 1717 3579; x_wconf 90' lang='lat' dir='ltr'>etiam</span> <span class='ocrx_word' id='word_1_506' title='bbox 1745 3514 1865 3580; x_wconf 89' lang='lat' dir='ltr'>Novati</span> <span class='ocrx_word' id='word_1_507' title='bbox 1894 3533 2037 3578; x_wconf 89' lang='lat' dir='ltr'>errorem</span> <span class='ocrx_word' id='word_1_508' title='bbox 2067 3533 2118 3576; x_wconf 91' lang='lat' dir='ltr'>re-</span> 
     </span>
     <span class='ocr_line' id='line_1_37' title="bbox 108 3596 2119 3683; baseline -0.002 -18"><span class='ocrx_word' id='word_1_509' title='bbox 108 3600 246 3665; x_wconf 89' lang='lat' dir='ltr'>Ruben</span> <span class='ocrx_word' id='word_1_510' title='bbox 268 3618 343 3663; x_wconf 91' lang='lat' dir='ltr'>cum</span> <span class='ocrx_word' id='word_1_511' title='bbox 364 3617 513 3664; x_wconf 88' lang='lat' dir='ltr'>noverea.</span> <span class='ocrx_word' id='word_1_512' title='bbox 553 3596 661 3663; x_wconf 83' lang='lat' dir='ltr'>Vocat</span> <span class='ocrx_word' id='word_1_513' title='bbox 682 3597 812 3681; x_wconf 90' lang='lat' dir='ltr'>quidem</span> <span class='ocrx_word' id='word_1_514' title='bbox 834 3599 944 3664; x_wconf 87' lang='lat' dir='ltr'>Moses</span> <span class='ocrx_word' id='word_1_515' title='bbox 966 3598 1098 3663; x_wconf 91' lang='lat' dir='ltr'>Bilham</span> <span class='ocrx_word' id='word_1_516' title='bbox 1149 3599 1241 3664; x_wconf 86' lang='lat' dir='ltr'>fallit.</span> <span class='ocrx_word' id='word_1_517' title='bbox 1284 3600 1390 3664; x_wconf 89' lang='lat' dir='ltr'>Probe</span> <span class='ocrx_word' id='word_1_518' title='bbox 1407 3600 1539 3666; x_wconf 89' lang='lat' dir='ltr'>edoctus</span> <span class='ocrx_word' id='word_1_519' title='bbox 1561 3607 1632 3665; x_wconf 86' lang='lat' dir='ltr'>erat</span> <span class='ocrx_word' id='word_1_520' title='bbox 1653 3600 1788 3665; x_wconf 90' lang='lat' dir='ltr'>Ruben:</span> <span class='ocrx_word' id='word_1_521' title='bbox 1810 3599 1993 3683; x_wconf 87' lang='lat' dir='ltr'>symbolum</span> <span class='ocrx_word' id='word_1_522' title='bbox 2016 3597 2119 3662; x_wconf 91' lang='lat' dir='ltr'>divini</span> 
     </span>
     <span class='ocr_line' id='line_1_38' title="bbox 109 3681 2117 3768; baseline -0.003 -17"><span class='ocrx_word' id='word_1_523' title='bbox 109 3683 342 3752; x_wconf 89' lang='lat' dir='ltr'>concubinam</span> <span class='ocrx_word' id='word_1_524' title='bbox 363 3681 476 3761; x_wconf 90' lang='lat' dir='ltr'>Iacob,</span> <span class='ocrx_word' id='word_1_525' title='bbox 506 3682 562 3748; x_wconf 90' lang='lat' dir='ltr'>sed</span> <span class='ocrx_word' id='word_1_526' title='bbox 592 3703 778 3766; x_wconf 90' lang='lat' dir='ltr'>quanquam</span> <span class='ocrx_word' id='word_1_527' title='bbox 807 3705 873 3749; x_wconf 93' lang='lat' dir='ltr'>non</span> <span class='ocrx_word' id='word_1_528' title='bbox 901 3693 1099 3750; x_wconf 86' lang='lat' dir='ltr'>convenerat</span> <span class='ocrx_word' id='word_1_529' title='bbox 1149 3684 1286 3750; x_wconf 89' lang='lat' dir='ltr'>foederis</span> <span class='ocrx_word' id='word_1_530' title='bbox 1317 3707 1336 3750; x_wconf 91' lang='lat' dir='ltr'>a</span> <span class='ocrx_word' id='word_1_531' title='bbox 1363 3685 1470 3768; x_wconf 91' lang='lat' dir='ltr'>prima</span> <span class='ocrx_word' id='word_1_532' title='bbox 1501 3685 1640 3750; x_wconf 88' lang='lat' dir='ltr'>infantia</span> <span class='ocrx_word' id='word_1_533' title='bbox 1671 3686 1706 3750; x_wconf 91' lang='lat' dir='ltr'>in</span> <span class='ocrx_word' id='word_1_534' title='bbox 1739 3704 1837 3751; x_wconf 88' lang='lat' dir='ltr'>carne</span> <span class='ocrx_word' id='word_1_535' title='bbox 1870 3706 1930 3750; x_wconf 91' lang='lat' dir='ltr'>sua</span> <span class='ocrx_word' id='word_1_536' title='bbox 1961 3682 2117 3766; x_wconf 88' lang='lat' dir='ltr'>gestabat,</span> 
     </span>
     <span class='ocr_line' id='line_1_39' title="bbox 107 3768 2120 3854; baseline -0.002 -18"><span class='ocrx_word' id='word_1_537' title='bbox 107 3773 149 3836; x_wconf 94' lang='lat' dir='ltr'>in</span> <span class='ocrx_word' id='word_1_538' title='bbox 175 3789 319 3835; x_wconf 90' lang='lat' dir='ltr'>manum</span> <span class='ocrx_word' id='word_1_539' title='bbox 345 3769 410 3834; x_wconf 92' lang='lat' dir='ltr'>viri</span> <span class='ocrx_word' id='word_1_540' title='bbox 432 3777 470 3833; x_wconf 92' lang='lat' dir='ltr'>ut</span> <span class='ocrx_word' id='word_1_541' title='bbox 491 3777 576 3834; x_wconf 89' lang='lat' dir='ltr'>esset</span> <span class='ocrx_word' id='word_1_542' title='bbox 603 3769 850 3834; x_wconf 88' lang='lat' dir='ltr'>materfamilias</span> <span class='ocrx_word' id='word_1_543' title='bbox 871 3791 909 3835; x_wconf 90' lang='lat' dir='ltr'>ac</span> <span class='ocrx_word' id='word_1_544' title='bbox 938 3771 1096 3835; x_wconf 90' lang='lat' dir='ltr'>bonorum</span> <span class='ocrx_word' id='word_1_545' title='bbox 1148 3771 1214 3835; x_wconf 90' lang='lat' dir='ltr'>imo</span> <span class='ocrx_word' id='word_1_546' title='bbox 1235 3773 1401 3854; x_wconf 90' lang='lat' dir='ltr'>regenitus</span> <span class='ocrx_word' id='word_1_547' title='bbox 1420 3779 1491 3837; x_wconf 88' lang='lat' dir='ltr'>erat</span> <span class='ocrx_word' id='word_1_548' title='bbox 1508 3772 1571 3836; x_wconf 92' lang='lat' dir='ltr'>Dei</span> <span class='ocrx_word' id='word_1_549' title='bbox 1591 3770 1718 3854; x_wconf 91' lang='lat' dir='ltr'>spiritu,</span> <span class='ocrx_word' id='word_1_550' title='bbox 1741 3770 1891 3836; x_wconf 92' lang='lat' dir='ltr'>videmus</span> <span class='ocrx_word' id='word_1_551' title='bbox 1909 3770 2004 3852; x_wconf 90' lang='lat' dir='ltr'>quale</span> <span class='ocrx_word' id='word_1_552' title='bbox 2020 3768 2120 3833; x_wconf 87' lang='lat' dir='ltr'>fuerit</span> 
     </span>
     <span class='ocr_line' id='line_1_40' title="bbox 109 3853 2117 3938; baseline -0.004 -13"><span class='ocrx_word' id='word_1_553' title='bbox 109 3857 227 3933; x_wconf 87' lang='lat' dir='ltr'>socia,</span> <span class='ocrx_word' id='word_1_554' title='bbox 270 3865 381 3920; x_wconf 88' lang='lat' dir='ltr'>tamen</span> <span class='ocrx_word' id='word_1_555' title='bbox 420 3853 526 3937; x_wconf 91' lang='lat' dir='ltr'>quoad</span> <span class='ocrx_word' id='word_1_556' title='bbox 557 3854 689 3920; x_wconf 88' lang='lat' dir='ltr'>thorum</span> <span class='ocrx_word' id='word_1_557' title='bbox 722 3855 869 3938; x_wconf 89' lang='lat' dir='ltr'>legitima</span> <span class='ocrx_word' id='word_1_558' title='bbox 900 3864 973 3920; x_wconf 86' lang='lat' dir='ltr'>erat</span> <span class='ocrx_word' id='word_1_559' title='bbox 1004 3875 1096 3933; x_wconf 85' lang='lat' dir='ltr'>uxor,</span> <span class='ocrx_word' id='word_1_560' title='bbox 1148 3857 1390 3938; x_wconf 91' lang='lat' dir='ltr'>praecipitium,</span> <span class='ocrx_word' id='word_1_561' title='bbox 1421 3856 1508 3921; x_wconf 90' lang='lat' dir='ltr'>unde</span> <span class='ocrx_word' id='word_1_562' title='bbox 1535 3869 1661 3931; x_wconf 82' lang='lat' dir='ltr'>ereetus</span> <span class='ocrx_word' id='word_1_563' title='bbox 1689 3865 1739 3922; x_wconf 87' lang='lat' dir='ltr'>eet</span> <span class='ocrx_word' id='word_1_564' title='bbox 1767 3855 1948 3921; x_wconf 87' lang='lat' dir='ltr'>incredibili</span> <span class='ocrx_word' id='word_1_565' title='bbox 1971 3853 2034 3919; x_wconf 92' lang='lat' dir='ltr'>Dei</span> <span class='ocrx_word' id='word_1_566' title='bbox 2056 3853 2117 3918; x_wconf 93' lang='lat' dir='ltr'>mi·</span> 
     </span>
     <span class='ocr_line' id='line_1_41' title="bbox 107 3938 2116 4026; baseline -0.002 -19"><span class='ocrx_word' id='word_1_567' title='bbox 107 3938 397 4026; x_wconf 90' lang='lat' dir='ltr'>quemadmodum</span> <span class='ocrx_word' id='word_1_568' title='bbox 431 3949 507 4005; x_wconf 90' lang='lat' dir='ltr'>ante</span> <span class='ocrx_word' id='word_1_569' title='bbox 538 3939 690 4006; x_wconf 87' lang='lat' dir='ltr'>vidimus.</span> <span class='ocrx_word' id='word_1_570' title='bbox 745 3939 785 4006; x_wconf 82' lang='lat' dir='ltr'>Si</span> <span class='ocrx_word' id='word_1_571' title='bbox 817 3941 890 4024; x_wconf 89' lang='lat' dir='ltr'>quis</span> <span class='ocrx_word' id='word_1_572' title='bbox 922 3948 1097 4006; x_wconf 85' lang='lat' dir='ltr'>extraneus</span> <span class='ocrx_word' id='word_1_573' title='bbox 1149 3941 1333 4008; x_wconf 83' lang='lat' dir='ltr'>scricordia</span> <span class='ocrx_word' id='word_1_574' title='bbox 1389 3941 1463 4007; x_wconf 91' lang='lat' dir='ltr'>Non</span> <span class='ocrx_word' id='word_1_575' title='bbox 1495 3950 1545 4006; x_wconf 91' lang='lat' dir='ltr'>est</span> <span class='ocrx_word' id='word_1_576' title='bbox 1579 3943 1680 4025; x_wconf 88' lang='lat' dir='ltr'>igitur</span> <span class='ocrx_word' id='word_1_577' title='bbox 1711 3963 1770 4008; x_wconf 91' lang='lat' dir='ltr'>aur</span> <span class='ocrx_word' id='word_1_578' title='bbox 1809 3942 1909 4023; x_wconf 92' lang='lat' dir='ltr'>lapsis</span> <span class='ocrx_word' id='word_1_579' title='bbox 1941 3960 2033 4023; x_wconf 91' lang='lat' dir='ltr'>spem</span> <span class='ocrx_word' id='word_1_580' title='bbox 2061 3961 2116 4004; x_wconf 88' lang='lat' dir='ltr'>ve-</span> 
     </span>
     <span class='ocr_line' id='line_1_42' title="bbox 110 4024 2116 4111; baseline -0.003 -17"><span class='ocrx_word' id='word_1_581' title='bbox 110 4028 230 4094; x_wconf 89' lang='lat' dir='ltr'>sanoti</span> <span class='ocrx_word' id='word_1_582' title='bbox 249 4026 312 4090; x_wconf 88' lang='lat' dir='ltr'>viri</span> <span class='ocrx_word' id='word_1_583' title='bbox 330 4046 467 4091; x_wconf 84' lang='lat' dir='ltr'>uxorem</span> <span class='ocrx_word' id='word_1_584' title='bbox 484 4035 673 4110; x_wconf 89' lang='lat' dir='ltr'>stuprasset,</span> <span class='ocrx_word' id='word_1_585' title='bbox 692 4027 829 4092; x_wconf 82' lang='lat' dir='ltr'>affectus</span> <span class='ocrx_word' id='word_1_586' title='bbox 845 4027 960 4092; x_wconf 83' lang='lat' dir='ltr'>fuisset</span> <span class='ocrx_word' id='word_1_587' title='bbox 977 4047 1098 4110; x_wconf 89' lang='lat' dir='ltr'>magno</span> <span class='ocrx_word' id='word_1_588' title='bbox 1149 4029 1223 4093; x_wconf 91' lang='lat' dir='ltr'>niae</span> <span class='ocrx_word' id='word_1_589' title='bbox 1256 4026 1445 4111; x_wconf 89' lang='lat' dir='ltr'>praecidant</span> <span class='ocrx_word' id='word_1_590' title='bbox 1473 4028 1664 4107; x_wconf 79' lang='lat' dir='ltr'>Neratium,</span> <span class='ocrx_word' id='word_1_591' title='bbox 1696 4036 1732 4092; x_wconf 90' lang='lat' dir='ltr'>et</span> <span class='ocrx_word' id='word_1_592' title='bbox 1763 4028 1887 4092; x_wconf 91' lang='lat' dir='ltr'>similes</span> <span class='ocrx_word' id='word_1_593' title='bbox 1918 4024 2116 4109; x_wconf 86' lang='lat' dir='ltr'>phrenetici:</span> 
     </span>
     <span class='ocr_line' id='line_1_43' title="bbox 108 4110 2117 4198; baseline -0.001 -20"><span class='ocrx_word' id='word_1_594' title='bbox 108 4113 261 4198; x_wconf 90' lang='lat' dir='ltr'>probro:</span> <span class='ocrx_word' id='word_1_595' title='bbox 282 4111 338 4177; x_wconf 92' lang='lat' dir='ltr'>scd</span> <span class='ocrx_word' id='word_1_596' title='bbox 360 4112 457 4196; x_wconf 89' lang='lat' dir='ltr'>longe</span> <span class='ocrx_word' id='word_1_597' title='bbox 478 4111 621 4178; x_wconf 88' lang='lat' dir='ltr'>atrocius</span> <span class='ocrx_word' id='word_1_598' title='bbox 637 4111 701 4177; x_wconf 85' lang='lat' dir='ltr'>fuit</span> <span class='ocrx_word' id='word_1_599' title='bbox 718 4119 843 4177; x_wconf 90' lang='lat' dir='ltr'>tantam</span> <span class='ocrx_word' id='word_1_600' title='bbox 866 4112 1097 4178; x_wconf 84' lang='lat' dir='ltr'>contumeliam</span> <span class='ocrx_word' id='word_1_601' title='bbox 1149 4115 1226 4195; x_wconf 90' lang='lat' dir='ltr'>qnia</span> <span class='ocrx_word' id='word_1_602' title='bbox 1243 4134 1324 4179; x_wconf 77' lang='lat' dir='ltr'>·non</span> <span class='ocrx_word' id='word_1_603' title='bbox 1360 4114 1445 4179; x_wconf 90' lang='lat' dir='ltr'>levis</span> <span class='ocrx_word' id='word_1_604' title='bbox 1481 4113 1615 4179; x_wconf 81' lang='lat' dir='ltr'>Christo</span> <span class='ocrx_word' id='word_1_605' title='bbox 1649 4115 1686 4178; x_wconf 91' lang='lat' dir='ltr'>fit</span> <span class='ocrx_word' id='word_1_606' title='bbox 1719 4112 1855 4190; x_wconf 88' lang='lat' dir='ltr'>iniuria,</span> <span class='ocrx_word' id='word_1_607' title='bbox 1897 4113 1927 4178; x_wconf 92' lang='lat' dir='ltr'>si</span> <span class='ocrx_word' id='word_1_608' title='bbox 1966 4110 2007 4176; x_wconf 91' lang='lat' dir='ltr'>ab</span> <span class='ocrx_word' id='word_1_609' title='bbox 2047 4112 2117 4176; x_wconf 91' lang='lat' dir='ltr'>eius</span> 
     </span>
     <span class='ocr_line' id='line_1_44' title="bbox 109 4195 2116 4284; baseline -0.002 -18"><span class='ocrx_word' id='word_1_610' title='bbox 109 4222 133 4266; x_wconf 88' lang='lat' dir='ltr'>a</span> <span class='ocrx_word' id='word_1_611' title='bbox 158 4197 300 4282; x_wconf 90' lang='lat' dir='ltr'>proprio</span> <span class='ocrx_word' id='word_1_612' title='bbox 322 4197 388 4262; x_wconf 88' lang='lat' dir='ltr'>filio</span> <span class='ocrx_word' id='word_1_613' title='bbox 411 4197 487 4280; x_wconf 90' lang='lat' dir='ltr'>pati.</span> <span class='ocrx_word' id='word_1_614' title='bbox 533 4195 639 4280; x_wconf 74' lang='lat' dir='ltr'>Quale</span> <span class='ocrx_word' id='word_1_615' title='bbox 668 4218 747 4263; x_wconf 92' lang='lat' dir='ltr'>vero</span> <span class='ocrx_word' id='word_1_616' title='bbox 770 4207 802 4262; x_wconf 89' lang='lat' dir='ltr'>et</span> <span class='ocrx_word' id='word_1_617' title='bbox 830 4218 928 4281; x_wconf 89' lang='lat' dir='ltr'>quam</span> <span class='ocrx_word' id='word_1_618' title='bbox 958 4198 1098 4264; x_wconf 90' lang='lat' dir='ltr'>detesta-</span> <span class='ocrx_word' id='word_1_619' title='bbox 1148 4199 1293 4264; x_wconf 91' lang='lat' dir='ltr'>adventu</span> <span class='ocrx_word' id='word_1_620' title='bbox 1322 4200 1428 4284; x_wconf 91' lang='lat' dir='ltr'>magis</span> <span class='ocrx_word' id='word_1_621' title='bbox 1456 4198 1640 4265; x_wconf 87' lang='lat' dir='ltr'>restrictam</span> <span class='ocrx_word' id='word_1_622' title='bbox 1670 4218 1741 4263; x_wconf 90' lang='lat' dir='ltr'>esse</span> <span class='ocrx_word' id='word_1_623' title='bbox 1771 4205 1927 4280; x_wconf 87' lang='lat' dir='ltr'>putamus</span> <span class='ocrx_word' id='word_1_624' title='bbox 1957 4196 2020 4262; x_wconf 89' lang='lat' dir='ltr'>Dei</span> <span class='ocrx_word' id='word_1_625' title='bbox 2042 4215 2116 4279; x_wconf 88' lang='lat' dir='ltr'>gra·</span> 
     </span>
     <span class='ocr_line' id='line_1_45' title="bbox 108 4281 1238 4366; baseline -0.003 -14"><span class='ocrx_word' id='word_1_626' title='bbox 108 4285 186 4352; x_wconf 88' lang='lat' dir='ltr'>bile</span> <span class='ocrx_word' id='word_1_627' title='bbox 220 4283 394 4366; x_wconf 89' lang='lat' dir='ltr'>probrum,</span> <span class='ocrx_word' id='word_1_628' title='bbox 427 4281 513 4365; x_wconf 91' lang='lat' dir='ltr'>quod</span> <span class='ocrx_word' id='word_1_629' title='bbox 546 4281 685 4348; x_wconf 88' lang='lat' dir='ltr'>duarum</span> <span class='ocrx_word' id='word_1_630' title='bbox 717 4282 865 4348; x_wconf 90' lang='lat' dir='ltr'>tribuum</span> <span class='ocrx_word' id='word_1_631' title='bbox 897 4293 1002 4348; x_wconf 90' lang='lat' dir='ltr'>mater</span> <span class='ocrx_word' id='word_1_632' title='bbox 1030 4303 1096 4348; x_wconf 94' lang='lat' dir='ltr'>non</span> <span class='ocrx_word' id='word_1_633' title='bbox 1149 4285 1238 4350; x_wconf 82' lang='lat' dir='ltr'>tiam</span> 
     </span>
     <span class='ocr_line' id='line_1_46' title="bbox 107 4366 2116 4452; baseline -0.004 -14"><span class='ocrx_word' id='word_1_634' title='bbox 107 4369 219 4438; x_wconf 92' lang='lat' dir='ltr'>modo</span> <span class='ocrx_word' id='word_1_635' title='bbox 244 4389 279 4433; x_wconf 88' lang='lat' dir='ltr'>se</span> <span class='ocrx_word' id='word_1_636' title='bbox 309 4367 469 4434; x_wconf 85' lang='lat' dir='ltr'>adulterio</span> <span class='ocrx_word' id='word_1_637' title='bbox 498 4369 715 4447; x_wconf 87' lang='lat' dir='ltr'>contaminat,</span> <span class='ocrx_word' id='word_1_638' title='bbox 749 4369 805 4436; x_wconf 87' lang='lat' dir='ltr'>sed</span> <span class='ocrx_word' id='word_1_639' title='bbox 834 4370 934 4435; x_wconf 92' lang='lat' dir='ltr'>etiam</span> <span class='ocrx_word' id='word_1_640' title='bbox 961 4371 1097 4437; x_wconf 86' lang='lat' dir='ltr'>incestu.</span> <span class='ocrx_word' id='word_1_641' title='bbox 1233 4370 1279 4436; x_wconf 84' lang='lat' dir='ltr'>Et</span> <span class='ocrx_word' id='word_1_642' title='bbox 1307 4370 1436 4452; x_wconf 79' lang='lat' dir='ltr'>fueruat</span> <span class='ocrx_word' id='word_1_643' title='bbox 1464 4368 1528 4450; x_wconf 79' lang='lat' dir='ltr'>filii</span> <span class='ocrx_word' id='word_1_644' title='bbox 1559 4366 1694 4434; x_wconf 82' lang='lat' dir='ltr'>Iobacob</span> <span class='ocrx_word' id='word_1_645' title='bbox 1726 4367 1894 4432; x_wconf 74' lang='lat' dir='ltr'>duodecim.</span> <span class='ocrx_word' id='word_1_646' title='bbox 1953 4368 2116 4432; x_wconf 88' lang='lat' dir='ltr'>Recenset</span> 
     </span>
     <span class='ocr_line' id='line_1_47' title="bbox 108 4452 2116 4538; baseline -0.002 -16"><span class='ocrx_word' id='word_1_647' title='bbox 108 4455 221 4538; x_wconf 82' lang='lat' dir='ltr'>Quod</span> <span class='ocrx_word' id='word_1_648' title='bbox 245 4454 408 4538; x_wconf 89' lang='lat' dir='ltr'>flagitium</span> <span class='ocrx_word' id='word_1_649' title='bbox 430 4455 476 4520; x_wconf 92' lang='lat' dir='ltr'>sic</span> <span class='ocrx_word' id='word_1_650' title='bbox 499 4476 519 4519; x_wconf 91' lang='lat' dir='ltr'>a</span> <span class='ocrx_word' id='word_1_651' title='bbox 540 4463 659 4519; x_wconf 90' lang='lat' dir='ltr'>natura</span> <span class='ocrx_word' id='word_1_652' title='bbox 688 4455 856 4535; x_wconf 88' lang='lat' dir='ltr'>abhorret,</span> <span class='ocrx_word' id='word_1_653' title='bbox 890 4465 927 4521; x_wconf 92' lang='lat' dir='ltr'>ut</span> <span class='ocrx_word' id='word_1_654' title='bbox 949 4476 991 4521; x_wconf 92' lang='lat' dir='ltr'>ne</span> <span class='ocrx_word' id='word_1_655' title='bbox 1012 4456 1098 4520; x_wconf 90' lang='lat' dir='ltr'>inter</span> <span class='ocrx_word' id='word_1_656' title='bbox 1147 4456 1258 4520; x_wconf 87' lang='lat' dir='ltr'>Moses</span> <span class='ocrx_word' id='word_1_657' title='bbox 1286 4456 1408 4520; x_wconf 90' lang='lat' dir='ltr'>iterum</span> <span class='ocrx_word' id='word_1_658' title='bbox 1436 4456 1520 4520; x_wconf 88' lang='lat' dir='ltr'>filios</span> <span class='ocrx_word' id='word_1_659' title='bbox 1542 4453 1640 4519; x_wconf 90' lang='lat' dir='ltr'>Iacob</span> <span class='ocrx_word' id='word_1_660' title='bbox 1672 4452 1826 4518; x_wconf 89' lang='lat' dir='ltr'>continua</span> <span class='ocrx_word' id='word_1_661' title='bbox 1847 4452 1939 4520; x_wconf 89' lang='lat' dir='ltr'>serie.</span> <span class='ocrx_word' id='word_1_662' title='bbox 1984 4453 2116 4518; x_wconf 91' lang='lat' dir='ltr'>Primus</span> 
     </span>
     <span class='ocr_line' id='line_1_48' title="bbox 107 4537 2116 4628; baseline -0.003 -20"><span class='ocrx_word' id='word_1_663' title='bbox 107 4552 239 4628; x_wconf 86' lang='lat' dir='ltr'>gentes</span> <span class='ocrx_word' id='word_1_664' title='bbox 272 4540 403 4623; x_wconf 90' lang='lat' dir='ltr'>quidem</span> <span class='ocrx_word' id='word_1_665' title='bbox 432 4539 600 4606; x_wconf 89' lang='lat' dir='ltr'>tolerabile</span> <span class='ocrx_word' id='word_1_666' title='bbox 635 4561 780 4622; x_wconf 85' lang='lat' dir='ltr'>unquam</span> <span class='ocrx_word' id='word_1_667' title='bbox 811 4539 958 4606; x_wconf 91' lang='lat' dir='ltr'>habitum</span> <span class='ocrx_word' id='word_1_668' title='bbox 986 4542 1095 4608; x_wconf 84' lang='lat' dir='ltr'>fuerit.</span> <span class='ocrx_word' id='word_1_669' title='bbox 1146 4542 1234 4606; x_wconf 91' lang='lat' dir='ltr'>inter</span> <span class='ocrx_word' id='word_1_670' title='bbox 1255 4563 1309 4607; x_wconf 91' lang='lat' dir='ltr'>aos</span> <span class='ocrx_word' id='word_1_671' title='bbox 1331 4541 1463 4625; x_wconf 89' lang='lat' dir='ltr'>ponitur</span> <span class='ocrx_word' id='word_1_672' title='bbox 1479 4539 1608 4616; x_wconf 88' lang='lat' dir='ltr'>Ruben,</span> <span class='ocrx_word' id='word_1_673' title='bbox 1631 4559 1700 4603; x_wconf 91' lang='lat' dir='ltr'>non</span> <span class='ocrx_word' id='word_1_674' title='bbox 1721 4538 1852 4604; x_wconf 87' lang='lat' dir='ltr'>honoris</span> <span class='ocrx_word' id='word_1_675' title='bbox 1872 4559 1980 4616; x_wconf 88' lang='lat' dir='ltr'>causa,</span> <span class='ocrx_word' id='word_1_676' title='bbox 2003 4537 2061 4603; x_wconf 90' lang='lat' dir='ltr'>sed</span> <span class='ocrx_word' id='word_1_677' title='bbox 2078 4549 2116 4602; x_wconf 90' lang='lat' dir='ltr'>ut</span> 
     </span>
     <span class='ocr_line' id='line_1_49' title="bbox 107 4624 2115 4710; baseline -0.003 -17"><span class='ocrx_word' id='word_1_678' title='bbox 107 4629 163 4694; x_wconf 82' lang='lat' dir='ltr'>Et</span> <span class='ocrx_word' id='word_1_679' title='bbox 200 4635 291 4692; x_wconf 88' lang='lat' dir='ltr'>certe</span> <span class='ocrx_word' id='word_1_680' title='bbox 324 4626 407 4690; x_wconf 91' lang='lat' dir='ltr'>miro</span> <span class='ocrx_word' id='word_1_681' title='bbox 442 4625 584 4692; x_wconf 84' lang='lat' dir='ltr'>Satanae</span> <span class='ocrx_word' id='word_1_682' title='bbox 615 4627 754 4691; x_wconf 90' lang='lat' dir='ltr'>artificio</span> <span class='ocrx_word' id='word_1_683' title='bbox 788 4629 973 4709; x_wconf 86' lang='lat' dir='ltr'>penetravit</span> <span class='ocrx_word' id='word_1_684' title='bbox 1003 4635 1097 4692; x_wconf 91' lang='lat' dir='ltr'>tanta</span> <span class='ocrx_word' id='word_1_685' title='bbox 1147 4627 1263 4693; x_wconf 91' lang='lat' dir='ltr'>maiori</span> <span class='ocrx_word' id='word_1_686' title='bbox 1290 4627 1408 4710; x_wconf 89' lang='lat' dir='ltr'>probro</span> <span class='ocrx_word' id='word_1_687' title='bbox 1433 4633 1603 4692; x_wconf 89' lang='lat' dir='ltr'>oneretur:</span> <span class='ocrx_word' id='word_1_688' title='bbox 1636 4645 1715 4689; x_wconf 86' lang='lat' dir='ltr'>nam</span> <span class='ocrx_word' id='word_1_689' title='bbox 1741 4644 1804 4706; x_wconf 93' lang='lat' dir='ltr'>quo</span> <span class='ocrx_word' id='word_1_690' title='bbox 1832 4625 1948 4689; x_wconf 88' lang='lat' dir='ltr'>maiori</span> <span class='ocrx_word' id='word_1_691' title='bbox 1980 4624 2115 4706; x_wconf 87' lang='lat' dir='ltr'>quisque</span> 
     </span>
     <span class='ocr_line' id='line_1_50' title="bbox 107 4709 2116 4793; baseline -0.004 -13"><span class='ocrx_word' id='word_1_692' title='bbox 107 4713 326 4780; x_wconf 87' lang='lat' dir='ltr'>obscoenitas</span> <span class='ocrx_word' id='word_1_693' title='bbox 358 4712 392 4776; x_wconf 92' lang='lat' dir='ltr'>in</span> <span class='ocrx_word' id='word_1_694' title='bbox 426 4721 574 4779; x_wconf 89' lang='lat' dir='ltr'>sanctam</span> <span class='ocrx_word' id='word_1_695' title='bbox 594 4711 752 4790; x_wconf 87' lang='lat' dir='ltr'>domum,</span> <span class='ocrx_word' id='word_1_696' title='bbox 792 4722 829 4777; x_wconf 91' lang='lat' dir='ltr'>ut</span> <span class='ocrx_word' id='word_1_697' title='bbox 860 4713 953 4777; x_wconf 91' lang='lat' dir='ltr'>irrita</span> <span class='ocrx_word' id='word_1_698' title='bbox 990 4713 1095 4779; x_wconf 88' lang='lat' dir='ltr'>videri</span> <span class='ocrx_word' id='word_1_699' title='bbox 1146 4713 1269 4778; x_wconf 91' lang='lat' dir='ltr'>honore</span> <span class='ocrx_word' id='word_1_700' title='bbox 1287 4723 1422 4778; x_wconf 90' lang='lat' dir='ltr'>ornatus</span> <span class='ocrx_word' id='word_1_701' title='bbox 1439 4720 1490 4777; x_wconf 91' lang='lat' dir='ltr'>est</span> <span class='ocrx_word' id='word_1_702' title='bbox 1507 4733 1526 4776; x_wconf 91' lang='lat' dir='ltr'>a</span> <span class='ocrx_word' id='word_1_703' title='bbox 1541 4711 1692 4790; x_wconf 92' lang='lat' dir='ltr'>Domino,</span> <span class='ocrx_word' id='word_1_704' title='bbox 1714 4731 1751 4775; x_wconf 93' lang='lat' dir='ltr'>eo</span> <span class='ocrx_word' id='word_1_705' title='bbox 1773 4711 1957 4793; x_wconf 86' lang='lat' dir='ltr'>graviorem</span> <span class='ocrx_word' id='word_1_706' title='bbox 1975 4709 2116 4774; x_wconf 92' lang='lat' dir='ltr'>sustinet</span> 
     </span>
     <span class='ocr_line' id='line_1_51' title="bbox 105 4793 2115 4884; baseline -0.003 -20"><span class='ocrx_word' id='word_1_707' title='bbox 105 4807 232 4884; x_wconf 89' lang='lat' dir='ltr'>posset</span> <span class='ocrx_word' id='word_1_708' title='bbox 253 4798 317 4864; x_wconf 87' lang='lat' dir='ltr'>Dei</span> <span class='ocrx_word' id='word_1_709' title='bbox 340 4798 463 4863; x_wconf 90' lang='lat' dir='ltr'>electio.</span> <span class='ocrx_word' id='word_1_710' title='bbox 502 4797 756 4881; x_wconf 75' lang='lat' dir='ltr'>Quibusounque</span> <span class='ocrx_word' id='word_1_711' title='bbox 779 4805 887 4880; x_wconf 90' lang='lat' dir='ltr'>potest</span> <span class='ocrx_word' id='word_1_712' title='bbox 909 4798 1013 4864; x_wconf 91' lang='lat' dir='ltr'>modis</span> <span class='ocrx_word' id='word_1_713' title='bbox 1030 4798 1095 4864; x_wconf 91' lang='lat' dir='ltr'>Dei</span> <span class='ocrx_word' id='word_1_714' title='bbox 1146 4799 1292 4882; x_wconf 90' lang='lat' dir='ltr'>culpam,</span> <span class='ocrx_word' id='word_1_715' title='bbox 1319 4797 1399 4862; x_wconf 91' lang='lat' dir='ltr'>dum</span> <span class='ocrx_word' id='word_1_716' title='bbox 1420 4796 1564 4863; x_wconf 80' lang='lat' dir='ltr'>Satanae</span> <span class='ocrx_word' id='word_1_717' title='bbox 1585 4803 1699 4880; x_wconf 90' lang='lat' dir='ltr'>postea</span> <span class='ocrx_word' id='word_1_718' title='bbox 1720 4817 1755 4860; x_wconf 91' lang='lat' dir='ltr'>se</span> <span class='ocrx_word' id='word_1_719' title='bbox 1777 4797 1984 4879; x_wconf 89' lang='lat' dir='ltr'>mancipans,</span> <span class='ocrx_word' id='word_1_720' title='bbox 2007 4793 2115 4859; x_wconf 89' lang='lat' dir='ltr'>locum</span> 
     </span>
     <span class='ocr_line' id='line_1_52' title="bbox 106 4881 2113 4972; baseline -0.002 -23"><span class='ocrx_word' id='word_1_721' title='bbox 106 4885 264 4972; x_wconf 83' lang='lat' dir='ltr'>gratiam</span> <span class='ocrx_word' id='word_1_722' title='bbox 296 4883 331 4949; x_wconf 93' lang='lat' dir='ltr'>in</span> <span class='ocrx_word' id='word_1_723' title='bbox 365 4884 475 4951; x_wconf 90' lang='lat' dir='ltr'>electis</span> <span class='ocrx_word' id='word_1_724' title='bbox 515 4893 702 4966; x_wconf 88' lang='lat' dir='ltr'>pervertere</span> <span class='ocrx_word' id='word_1_725' title='bbox 734 4883 836 4949; x_wconf 81' lang='lat' dir='ltr'>Satan</span> <span class='ocrx_word' id='word_1_726' title='bbox 876 4893 1026 4950; x_wconf 88' lang='lat' dir='ltr'>conatur:</span> <span class='ocrx_word' id='word_1_727' title='bbox 1060 4884 1094 4950; x_wconf 92' lang='lat' dir='ltr'>id</span> <span class='ocrx_word' id='word_1_728' title='bbox 1147 4905 1242 4950; x_wconf 90' lang='lat' dir='ltr'>suurn</span> <span class='ocrx_word' id='word_1_729' title='bbox 1265 4884 1394 4948; x_wconf 90' lang='lat' dir='ltr'>deserit.</span> <span class='ocrx_word' id='word_1_730' title='bbox 1438 4881 1580 4947; x_wconf 83' lang='lat' dir='ltr'>Videtur</span> <span class='ocrx_word' id='word_1_731' title='bbox 1607 4890 1717 4946; x_wconf 86' lang='lat' dir='ltr'>autem</span> <span class='ocrx_word' id='word_1_732' title='bbox 1743 4881 1926 4965; x_wconf 87' lang='lat' dir='ltr'>catalogum</span> <span class='ocrx_word' id='word_1_733' title='bbox 1956 4881 2043 4946; x_wconf 90' lang='lat' dir='ltr'>huno</span> <span class='ocrx_word' id='word_1_734' title='bbox 2066 4887 2113 4945; x_wconf 87' lang='lat' dir='ltr'>te·</span> 
     </span>
    </p>
   </div>
   <div class='ocr_carea' id='block_1_3' title="bbox 102 4966 2114 5402">
    <p class='ocr_par' dir='ltr' id='par_1_3' title="bbox 102 4966 2114 5402">
     <span class='ocr_line' id='line_1_53' title="bbox 106 4966 2112 5056; baseline -0.003 -20"><span class='ocrx_word' id='word_1_735' title='bbox 106 4990 224 5056; x_wconf 90' lang='lat' dir='ltr'>quum</span> <span class='ocrx_word' id='word_1_736' title='bbox 248 4970 375 5035; x_wconf 86' lang='lat' dir='ltr'>efficere</span> <span class='ocrx_word' id='word_1_737' title='bbox 398 4970 528 5054; x_wconf 92' lang='lat' dir='ltr'>nequit,</span> <span class='ocrx_word' id='word_1_738' title='bbox 558 4989 629 5034; x_wconf 90' lang='lat' dir='ltr'>eam</span> <span class='ocrx_word' id='word_1_739' title='bbox 652 4969 703 5035; x_wconf 89' lang='lat' dir='ltr'>vel</span> <span class='ocrx_word' id='word_1_740' title='bbox 725 4970 879 5048; x_wconf 83' lang='lat' dir='ltr'>infamat,</span> <span class='ocrx_word' id='word_1_741' title='bbox 904 4970 959 5034; x_wconf 90' lang='lat' dir='ltr'>val</span> <span class='ocrx_word' id='word_1_742' title='bbox 979 4971 1095 5037; x_wconf 88' lang='lat' dir='ltr'>saltem</span> <span class='ocrx_word' id='word_1_743' title='bbox 1146 4991 1223 5035; x_wconf 90' lang='lat' dir='ltr'>xere</span> <span class='ocrx_word' id='word_1_744' title='bbox 1245 4970 1355 5036; x_wconf 86' lang='lat' dir='ltr'>Moses</span> <span class='ocrx_word' id='word_1_745' title='bbox 1383 4977 1460 5036; x_wconf 91' lang='lat' dir='ltr'>aute</span> <span class='ocrx_word' id='word_1_746' title='bbox 1489 4977 1628 5032; x_wconf 90' lang='lat' dir='ltr'>mortem</span> <span class='ocrx_word' id='word_1_747' title='bbox 1649 4967 1756 5042; x_wconf 90' lang='lat' dir='ltr'>Isaac,</span> <span class='ocrx_word' id='word_1_748' title='bbox 1786 4976 1823 5031; x_wconf 91' lang='lat' dir='ltr'>ut</span> <span class='ocrx_word' id='word_1_749' title='bbox 1848 4966 2011 5032; x_wconf 88' lang='lat' dir='ltr'>discernat</span> <span class='ocrx_word' id='word_1_750' title='bbox 2039 4987 2112 5048; x_wconf 90' lang='lat' dir='ltr'>pro·</span> 
     </span>
     <span class='ocr_line' id='line_1_54' title="bbox 106 5051 2114 5140; baseline -0.004 -18"><span class='ocrx_word' id='word_1_751' title='bbox 106 5059 286 5122; x_wconf 88' lang='lat' dir='ltr'>obscurat.</span> <span class='ocrx_word' id='word_1_752' title='bbox 339 5055 428 5122; x_wconf 76' lang='lat' dir='ltr'>Hinc</span> <span class='ocrx_word' id='word_1_753' title='bbox 462 5057 500 5121; x_wconf 89' lang='lat' dir='ltr'>lit</span> <span class='ocrx_word' id='word_1_754' title='bbox 532 5066 570 5119; x_wconf 92' lang='lat' dir='ltr'>ut</span> <span class='ocrx_word' id='word_1_755' title='bbox 601 5055 711 5138; x_wconf 88' lang='lat' dir='ltr'>turpia</span> <span class='ocrx_word' id='word_1_756' title='bbox 742 5075 839 5138; x_wconf 89' lang='lat' dir='ltr'>saepe</span> <span class='ocrx_word' id='word_1_757' title='bbox 878 5055 1028 5139; x_wconf 83' lang='lat' dir='ltr'>exempla</span> <span class='ocrx_word' id='word_1_758' title='bbox 1059 5057 1095 5122; x_wconf 91' lang='lat' dir='ltr'>in</span> <span class='ocrx_word' id='word_1_759' title='bbox 1146 5057 1274 5140; x_wconf 87' lang='lat' dir='ltr'>geniem</span> <span class='ocrx_word' id='word_1_760' title='bbox 1308 5055 1405 5122; x_wconf 89' lang='lat' dir='ltr'>Iacob</span> <span class='ocrx_word' id='word_1_761' title='bbox 1437 5055 1476 5120; x_wconf 93' lang='lat' dir='ltr'>ab</span> <span class='ocrx_word' id='word_1_762' title='bbox 1509 5051 1690 5130; x_wconf 89' lang='lat' dir='ltr'>Idumaeis,</span> <span class='ocrx_word' id='word_1_763' title='bbox 1729 5072 1867 5135; x_wconf 89' lang='lat' dir='ltr'>quornm</span> <span class='ocrx_word' id='word_1_764' title='bbox 1903 5053 2025 5115; x_wconf 90' lang='lat' dir='ltr'>mentio</span> <span class='ocrx_word' id='word_1_765' title='bbox 2058 5053 2114 5116; x_wconf 89' lang='lat' dir='ltr'>liet</span> 
     </span>
     <span class='ocr_line' id='line_1_55' title="bbox 105 5137 2113 5225; baseline -0.005 -16"><span class='ocrx_word' id='word_1_766' title='bbox 105 5140 294 5209; x_wconf 88' lang='lat' dir='ltr'>eeclesiam</span> <span class='ocrx_word' id='word_1_767' title='bbox 320 5140 488 5224; x_wconf 90' lang='lat' dir='ltr'>obrepant.</span> <span class='ocrx_word' id='word_1_768' title='bbox 532 5141 578 5206; x_wconf 82' lang='lat' dir='ltr'>Et</span> <span class='ocrx_word' id='word_1_769' title='bbox 600 5140 765 5205; x_wconf 92' lang='lat' dir='ltr'>Dominus</span> <span class='ocrx_word' id='word_1_770' title='bbox 787 5142 849 5207; x_wconf 90' lang='lat' dir='ltr'>hee</span> <span class='ocrx_word' id='word_1_771' title='bbox 870 5140 965 5206; x_wconf 91' lang='lat' dir='ltr'>modo</span> <span class='ocrx_word' id='word_1_772' title='bbox 986 5141 1095 5206; x_wconf 90' lang='lat' dir='ltr'>humi·</span> <span class='ocrx_word' id='word_1_773' title='bbox 1145 5142 1294 5225; x_wconf 86' lang='lat' dir='ltr'>proximo</span> <span class='ocrx_word' id='word_1_774' title='bbox 1320 5142 1434 5225; x_wconf 87' lang='lat' dir='ltr'>capite.</span> <span class='ocrx_word' id='word_1_775' title='bbox 1478 5139 1565 5204; x_wconf 88' lang='lat' dir='ltr'>Nam</span> <span class='ocrx_word' id='word_1_776' title='bbox 1592 5145 1698 5203; x_wconf 91' lang='lat' dir='ltr'>morte</span> <span class='ocrx_word' id='word_1_777' title='bbox 1719 5138 1812 5204; x_wconf 88' lang='lat' dir='ltr'>Isaac</span> <span class='ocrx_word' id='word_1_778' title='bbox 1839 5139 1911 5202; x_wconf 88' lang='lat' dir='ltr'>fons</span> <span class='ocrx_word' id='word_1_779' title='bbox 1932 5137 2036 5202; x_wconf 90' lang='lat' dir='ltr'>sanati</span> <span class='ocrx_word' id='word_1_780' title='bbox 2056 5157 2113 5220; x_wconf 90' lang='lat' dir='ltr'>ge·</span> 
     </span>
     <span class='ocr_line' id='line_1_56' title="bbox 104 5221 2112 5310; baseline -0.003 -17"><span class='ocrx_word' id='word_1_781' title='bbox 104 5227 197 5294; x_wconf 86' lang='lat' dir='ltr'>liari</span> <span class='ocrx_word' id='word_1_782' title='bbox 218 5247 295 5292; x_wconf 92' lang='lat' dir='ltr'>suos</span> <span class='ocrx_word' id='word_1_783' title='bbox 316 5229 452 5310; x_wconf 90' lang='lat' dir='ltr'>patitur,</span> <span class='ocrx_word' id='word_1_784' title='bbox 475 5236 512 5292; x_wconf 91' lang='lat' dir='ltr'>ut</span> <span class='ocrx_word' id='word_1_785' title='bbox 534 5226 596 5293; x_wconf 92' lang='lat' dir='ltr'>sibi</span> <span class='ocrx_word' id='word_1_786' title='bbox 617 5226 775 5292; x_wconf 87' lang='lat' dir='ltr'>attentius</span> <span class='ocrx_word' id='word_1_787' title='bbox 797 5235 942 5306; x_wconf 88' lang='lat' dir='ltr'>caveant,</span> <span class='ocrx_word' id='word_1_788' title='bbox 965 5235 1004 5292; x_wconf 90' lang='lat' dir='ltr'>ut</span> <span class='ocrx_word' id='word_1_789' title='bbox 1025 5249 1094 5293; x_wconf 90' lang='lat' dir='ltr'>ma·</span> <span class='ocrx_word' id='word_1_790' title='bbox 1146 5228 1234 5292; x_wconf 90' lang='lat' dir='ltr'>neris</span> <span class='ocrx_word' id='word_1_791' title='bbox 1257 5228 1348 5310; x_wconf 90' lang='lat' dir='ltr'>quasi</span> <span class='ocrx_word' id='word_1_792' title='bbox 1367 5227 1402 5290; x_wconf 93' lang='lat' dir='ltr'>in</span> <span class='ocrx_word' id='word_1_793' title='bbox 1431 5225 1511 5292; x_wconf 91' lang='lat' dir='ltr'>duos</span> <span class='ocrx_word' id='word_1_794' title='bbox 1536 5225 1655 5289; x_wconf 90' lang='lat' dir='ltr'>fluvios</span> <span class='ocrx_word' id='word_1_795' title='bbox 1683 5244 1829 5290; x_wconf 89' lang='lat' dir='ltr'>seorsum</span> <span class='ocrx_word' id='word_1_796' title='bbox 1855 5224 1918 5288; x_wconf 83' lang='lat' dir='ltr'>fuit</span> <span class='ocrx_word' id='word_1_797' title='bbox 1946 5221 2112 5288; x_wconf 86' lang='lat' dir='ltr'>diductus:</span> 
     </span>
     <span class='ocr_line' id='line_1_57' title="bbox 102 5309 2112 5402; baseline -0.004 -22"><span class='ocrx_word' id='word_1_798' title='bbox 102 5313 168 5402; x_wconf 87' lang='lat' dir='ltr'>gis</span> <span class='ocrx_word' id='word_1_799' title='bbox 194 5311 331 5378; x_wconf 88' lang='lat' dir='ltr'>sollicite</span> <span class='ocrx_word' id='word_1_800' title='bbox 351 5312 528 5399; x_wconf 82' lang='lat' dir='ltr'>invigilent</span> <span class='ocrx_word' id='word_1_801' title='bbox 549 5311 590 5377; x_wconf 89' lang='lat' dir='ltr'>ad</span> <span class='ocrx_word' id='word_1_802' title='bbox 611 5331 733 5397; x_wconf 88' lang='lat' dir='ltr'>preces,</span> <span class='ocrx_word' id='word_1_803' title='bbox 755 5312 945 5396; x_wconf 89' lang='lat' dir='ltr'>discantque</span> <span class='ocrx_word' id='word_1_804' title='bbox 962 5311 1003 5377; x_wconf 89' lang='lat' dir='ltr'>ab</span> <span class='ocrx_word' id='word_1_805' title='bbox 1024 5312 1095 5379; x_wconf 89' lang='lat' dir='ltr'>eius</span> <span class='ocrx_word' id='word_1_806' title='bbox 1145 5313 1204 5378; x_wconf 92' lang='lat' dir='ltr'>sed</span> <span class='ocrx_word' id='word_1_807' title='bbox 1225 5314 1303 5396; x_wconf 88' lang='lat' dir='ltr'>quia</span> <span class='ocrx_word' id='word_1_808' title='bbox 1321 5312 1386 5378; x_wconf 90' lang='lat' dir='ltr'>Dei</span> <span class='ocrx_word' id='word_1_809' title='bbox 1403 5311 1532 5394; x_wconf 90' lang='lat' dir='ltr'>adoptio</span> <span class='ocrx_word' id='word_1_810' title='bbox 1549 5315 1584 5374; x_wconf 91' lang='lat' dir='ltr'>in</span> <span class='ocrx_word' id='word_1_811' title='bbox 1606 5309 1709 5376; x_wconf 88' lang='lat' dir='ltr'>altera</span> <span class='ocrx_word' id='word_1_812' title='bbox 1726 5319 1854 5376; x_wconf 89' lang='lat' dir='ltr'>tantum</span> <span class='ocrx_word' id='word_1_813' title='bbox 1871 5315 1965 5392; x_wconf 87' lang='lat' dir='ltr'>parte</span> <span class='ocrx_word' id='word_1_814' title='bbox 1985 5329 2020 5373; x_wconf 91' lang='lat' dir='ltr'>se</span> <span class='ocrx_word' id='word_1_815' title='bbox 2037 5329 2112 5374; x_wconf 91' lang='lat' dir='ltr'>con-</span> 
     </span>
    </p>
   </div>
   <div class='ocr_carea' id='block_1_4' title="bbox 0 0 2498 6192">
    <p class='ocr_par' dir='ltr' id='par_1_4' title="bbox 0 0 2498 6192">
     <span class='ocr_line' id='line_1_58' title="bbox 0 0 2498 6192; baseline 0 6"><span class='ocrx_word' id='word_1_816' title='bbox 0 0 2498 6192; x_wconf 95' lang='lat' dir='ltr'> </span> 
     </span>
    </p>
   </div>
  </div>
 </body>
</html>
