5000 6208
380 380 448 450 243
1017 378 1021 396 ‘
1042 371 1413 446 COMMENTARIUS
1436 371 1486 438 IN
1509 371 1722 447 GENESIN,
2316 372 2372 440 244

384 568 486 646 vatic,
509 586 592 651 quae
616 565 772 636 varietate
794 562 935 648 quadam
957 563 1160 646 interposita,
1185 573 1357 645 perpetua·
1410 560 1493 626 nihil
1515 560 1761 646 derogaverant.
1798 563 1923 629 Eadem
1946 563 2041 630 hodie
2061 563 2145 627 ratio
2162 563 2199 626 in
2221 561 2372 643 baptismo

385 656 435 724 vit
463 674 546 738 quae
567 651 688 720 caduca
720 649 841 734 alioqui
871 648 1019 716 fuissent.
1059 649 1150 732 Ergo
1176 647 1253 714 licet
1280 666 1359 714 usus
1411 647 1508 712 valet.
1559 646 1718 731 Quisquis
1751 650 1898 732 neglecte
1931 649 2090 732 baptismo
2123 669 2158 714 se
2189 645 2278 711 nuda
2309 667 2373 728 pro·

385 737 642 815 circumcisionis
671 736 863 814 cessaverit,
899 757 966 800 non
993 744 1105 800 tamen
1139 734 1209 816 ipsa
1242 732 1361 798 desinit
1413 734 1565 800 missione
1583 743 1772 800 contentum
1789 755 1859 800 esse
1877 735 2019 811 simulat,
2036 733 2202 800 conculcat
2224 745 2373 814 quantum

387 846 458 892 esse
479 823 593 892 foedus
611 821 732 890 saeculi
751 821 803 893 vel
821 829 1025 905 perpetuum,
1049 820 1190 886 simodo
1208 817 1360 886 Christus
1412 821 1447 884 iu
1468 843 1503 886 se
1525 829 1574 884 est
1597 819 1720 885 Christi
1743 822 1951 905 sanguinem,
1981 820 2032 884 vel
2062 819 2177 884 1111111
2200 818 2240 883 ad
2264 816 2374 882 liberos

386 911 542 980 statuitur
563 907 701 988 medius,
723 907 779 991 qui
800 914 925 972 mutate
946 908 1041 991 siguo
1063 905 1236 971 veritatem
1258 905 1358 970 sauci·
1413 927 1488 974 suos
1515 905 1692 971 abluendos
1719 907 1820 971 fluere
1845 926 1911 970 non
1938 905 2071 988 patitur.
2099 905 2169 968 Ι111
2196 903 2285 986 signi
2307 925 2373 968 con·

387 998 444 1063 vit.
477 994 572 1078 Quod
591 1003 700 1062 autem
719 993 843 1059 Christi
861 989 1005 1058 adventu
1026 991 1204 1059 cessaverit
1225 1001 1362 1056 externe
1413 1000 1574 1076 temptum
1592 993 1737 1074 sequitur
1755 993 1842 1057 iusta
1859 1013 1971 1075 poena,
1993 991 2120 1076 gratiae
2137 991 2286 1073 privatio,
2308 990 2375 1072 quie

386 1080 606 1158 circumcisio,
630 1102 671 1147 ex
693 1078 790 1146 Pauli
813 1077 922 1143 verbis
942 1078 1046 1161 liquet
1067 1079 1122 1160 qui
1142 1097 1208 1141 non
1232 1083 1360 1142 tautum
1413 1079 1514 1161 impio
1535 1077 1621 1161 signi
1644 1088 1677 1142 et
1699 1078 1791 1143 verbi
1814 1078 1963 1156 divortio,
1987 1077 2038 1142 vel
2061 1077 2168 1160 potius
2189 1075 2375 1140 laceratione

387 1167 483 1236 dccet
502 1167 709 1234 circumcisos
731 1184 803 1230 esse
825 1184 885 1229 nos
906 1162 1030 1228 Christi
1060 1171 1180 1242 morte,
1209 1161 1361 1243 spiritua·
1414 1164 1556 1229 violatur
1578 1164 1641 1228 Dei
1664 1161 1786 1229 foedus.
1832 1163 1943 1228 Exitio
1972 1170 2081 1228 eutem
2104 1162 2253 1227 addicere
2276 1161 2374 1225 infan-

387 1254 473 1329 liter,
496 1273 562 1318 uon
583 1253 677 1336 signo
698 1248 837 1316 carnali:
866 1249 923 1315 sed
944 1247 1143 1332 baptismum
1167 1247 1361 1312 nominatim
1414 1261 1478 1327 tes,
1508 1270 1588 1333 quos
1616 1249 1723 1314 111111
1744 1269 1832 1314 mors
1855 1249 1896 1314 ad
1923 1249 2120 1332 baptismum
2150 1249 2260 1313 offerri
2291 1267 2376 1328 pessa

386 1340 423 1406 in
456 1339 563 1404 locum
597 1333 852 1403 circumcisionis
883 1335 1041 1417 subrogat
1068 1332 1204 1420 (Coloss.
1231 1332 1267 1410 2,
1297 1329 1360 1430 ll),
1415 1345 1556 1414 nonest,
1578 1335 1767 1418 priusquam
1786 1334 1853 1400 ulla
1870 1346 2044 1418 parentum
2063 1334 2264 1417 negligentia
2284 1332 2375 1396 inter·

389 1444 507 1508 nempe
529 1422 768 1490 circumcisioni
785 1420 965 1504 baptismus
982 1419 1154 1487 succedere
1173 1439 1237 1484 non
1255 1426 1363 1502 potuit
1414 1419 1555 1498 cederet,
1578 1418 1754 1486 crudelitas
1776 1433 1888 1486 estex
1911 1419 2141 1503 superstitione
2163 1431 2249 1484 natu.
2295 1415 2375 1498 Quin

387 1512 469 1595 quin
491 1530 565 1575 sam
586 1508 716 1577 tolleret
738 1528 756 1572 e
778 1505 894 1572 medio.
933 1504 1013 1572 Ideo
1030 1517 1064 1570 11
1085 1506 1234 1587 proximo
1256 1502 1361 1585 capite
1414 1505 1454 1572 ad
1488 1527 1543 1572 eos
1575 1507 1736 1589 pertineat
1768 1507 1956 1589 promissio,
1988 1505 2125 1570 minime
2158 1502 2293 1569 dubium
2325 1513 2375 1568 cst.

387 1597 475 1664 inter
501 1595 605 1679 ipsam
628 1602 661 1658 ct
689 1594 895 1677 praeputium
921 1590 1095 1675 quidquam
1124 1590 1283 1656 iuteresse
1304 1609 1361 1654 no·
1413 1592 1501 1674 Quid
1525 1611 1600 1656 vero
1621 1591 1727 1675 magis
1749 1592 1926 1658 absurdum
1948 1611 2046 1674 quam
2065 1591 2094 1657 si
2111 1591 2181 1655 eius
2203 1591 2269 1654 vim
2293 1609 2376 1654 encr-

388 1694 458 1768 gat:
489 1679 575 1765 quod
594 1691 674 1746 tunc
702 1678 827 1745 scilicet
848 1699 900 1743 res
924 1675 1032 1744 media
1054 1676 1154 1754 foret,
1181 1697 1217 1742 ac
1240 1675 1362 1742 nullius
1413 1687 1471 1744 vet
1497 1701 1512 1744 1
1571 1676 1697 1756 bolum,
1724 1676 1810 1761 quod
1832 1678 1902 1743 eius
1930 1676 2173 1742 confirmandae
2200 1695 2301 1742 eausa
2328 1673 2377 1739 od·

390 1768 559 1834 momenti.
603 1764 699 1831 Unde
725 1762 885 1830 refellitur
913 1783 1023 1830 corum
1054 1783 1145 1828 error
1173 1761 1229 1844 qui
1255 1760 1362 1827 adhuc
1414 1764 1502 1830 ditur
1546 1762 1659 1843 Quare
1681 1763 1851 1846 vulgarem
1880 1763 2076 1829 sententiam
2098 1782 2161 1845 qua
2181 1762 2287 1826 fertur
2309 1761 2377 1842 bap·

389 1854 476 1921 inter
497 1851 635 1918 Iudaeos
659 1851 769 1934 vigere
791 1856 923 1932 putant,
953 1849 1047 1930 quasi
1071 1847 1233 1931 peculiare
1255 1847 1363 1931 gentis
1415 1851 1532 1917 tismus
1565 1849 1767 1916 necessarius
1791 1871 1863 1916 esse
1890 1848 1931 1914 ad
1964 1849 2118 1924 salutem,
2151 1848 2197 1913 ita
2224 1844 2376 1912 moderari

386 1938 573 2024 symbolum
601 1934 686 2019 quod
713 1955 880 2016 nunquam
913 1933 1064 2017 abrogari
1097 1932 1252 2000 debuerit.
1296 1932 1362 1996 Fa·
1414 1944 1549 2018 oportet,
1572 1955 1614 2000 oe
1631 1935 1695 2000 Dei
1716 1937 1865 2018 gratiam,
1887 1943 1920 2000 et
1941 1935 2075 2017 spiritus
2098 1934 2254 1999 virtutem
2275 1931 2378 2014 alliget

387 2034 458 2090 teor
479 2021 609 2108 quidem
631 2018 732 2087 fuisse
753 2020 821 2085 illis
842 2018 885 2085 ad
914 2030 1043 2103 tempus
1069 2019 1276 2103 permissam,
1307 2016 1362 2082 do·
1414 2022 1560 2088 externis
1581 2018 1750 2105 symbolis,
1772 2031 1805 2086 et
1826 2022 1936 2086 Deum
1958 2020 2105 2086 fallaciae
2126 2028 2266 2084 accuset.

388 2131 448 2176 uec
469 2109 587 2174 melius
603 2107 822 2172 innotesceret
839 2105 975 2171 11111111
993 2125 1052 2189 per
1070 2103 1239 2170 Christum
1259 2113 1361 2186 parta,
1503 2105 1636 2172 Pactum
1663 2125 1765 2171 mcum
1791 2106 1926 2172 initam.
1971 2107 2065 2171 Tunc
2093 2105 2180 2170 euim
2208 2115 2317 2168 ratum
2337 2109 2379 2166 est

387 2194 446 2263 sed
474 2195 519 2260 111
549 2203 586 2257 ut
618 2193 683 2258 vim
718 2212 812 2258 suam
845 2191 979 2257 minime
1011 2190 1193 2257 retinuerit.
1237 2190 1363 2255 Absur·
1415 2194 1479 2258 Dei
1501 2192 1617 2257 foedus
1638 2193 1694 2257 ubi
1708 2193 1772 2257 fide
1794 2191 2021 2276 amplectimur
2038 2191 2122 2274 quod
2141 2190 2313 2273 promittit.
2346 2185 2378 2252 si

388 2279 469 2348 dum
497 2279 587 2344 euim
617 2277 701 2343 11111
734 2276 859 2343 duobus
892 2275 1031 2343 diversis
1062 2275 1168 2360 signis
1196 2276 1233 2340 in
1262 2274 1363 2340 ecole-
1416 2278 1490 2362 quis
1512 2278 1643 2344 obiiciat
1664 2277 1704 2342 ab
1727 2276 1787 2342 hac
1813 2277 1909 2361 culpa
1937 2277 2089 2342 innoxios
2118 2277 2217 2341 fuisse
2246 2274 2378 2339 infantes

390 2367 472 2432 siam
505 2363 643 2430 initiari:
684 2384 822 2446 quorum
860 2362 998 2428 alterum
1031 2363 1161 2427 venisse
1194 2359 1363 2426 Christum
1416 2364 1472 2448 qui
1495 2385 1594 2430 sensu
1616 2362 1723 2429 adhuc
1749 2364 1919 2431 carebant:
1953 2361 2151 2446 respondeo,
2181 2383 2248 2426 uon
2271 2358 2378 2424 debere

390 2459 529 2518 testetur
546 2471 584 2522 ao
606 2451 789 2516 confirmet:
814 2449 952 2514 alterum
974 2469 1054 2515 vcro
1076 2446 1247 2513 adumbret
1272 2446 1364 2529 quasi
1415 2451 1513 2516 nimis
1535 2451 1646 2534 urgeri
1669 2449 1753 2514 hanc
1775 2470 1898 2529 vocem,
1919 2453 2013 2532 quasi
2035 2447 2127 2514 Deus
2149 2447 2292 2512 infantes
2314 2465 2377 2528 pro·

391 2536 568 2605 absentem.
1415 2537 1477 2620 prii
1496 2535 1605 2601 delicti
1627 2556 1698 2600 reos
1719 2545 1869 2619 peragat:
1899 2534 1956 2600 sed
1978 2531 2120 2600 tenenda
2137 2541 2189 2598 est
2206 2529 2376 2606 antithesis,

476 2622 527 2688 14.
549 2619 610 2687 oti
629 2640 692 2685 non
711 2618 1014 2700 cremassent
1031 2638 1112 2684 coro.
1149 2617 1224 2700 Quo
1242 2619 1364 2682 maiore
1416 2621 1500 2706 quod
1521 2621 1618 2687 sicuti
1639 2622 1732 2686 Deus
1754 2622 1789 2684 iu
1811 2623 1913 2703 putris
1935 2640 2074 2703 persona
2095 2619 2200 2683 lilium
2230 2619 2377 2682 infantem

390 2706 497 2775 studio
530 2707 656 2772 colatur
687 2705 903 2782 circumcisio,
931 2704 1026 2771 Deus
1058 2724 1193 2788 gravem
1227 2723 1364 2786 poenam
1417 2706 1565 2790 adoptat:
1588 2727 1688 2790 quum
1710 2707 1859 2789 repudiat
1879 2721 1972 2790 pater
1994 2705 2058 2770 tale
2080 2703 2287 2780 beneficium,
2309 2700 2377 2766 dici-

391 2793 569 2859 denuncict
585 2792 614 2858 si
631 2791 705 2875 quis
726 2811 799 2856 eam
820 2789 1012 2874 neglexerit
1038 2787 1143 2856 Sicuti
1161 2797 1271 2862 autem
1288 2787 1365 2854 inde
1418 2803 1472 2858 tur
1494 2791 1603 2857 infans
1624 2813 1658 2856 se
1686 2792 1836 2858 abdicare
1858 2791 1900 2857 ab
1927 2791 2071 2858 ecclesia.
2115 2788 2156 2854 Id
2184 2789 2272 2854 enim
2302 2787 2378 2852 valet

391 2879 590 3030 persEicitur
622 2887 762 2961 quantae
788 2874 837 2940 illi
866 2895 964 2942 curae
991 2877 1034 2940 sit
1062 2875 1152 2941 111111
1178 2875 1364 2941 hominum:
1417 2879 1579 2962 loquutio:
1604 2877 1717 2946 Deleri
1738 2901 1756 2943 e
1778 2878 1896 2962 populo
1918 2898 2013 2960 quem
2036 2877 2129 2941 Deus
2150 2873 2212 2940 sihi
2235 2875 2376 2958 elegerat

391 2965 440 3031 ite
493 2985 586 3030 orum
617 2959 762 3028 socordia
789 2963 986 3045 coarguitur.
1030 2960 1117 3026 Nam
1144 2981 1244 3044 quum
1274 2961 1366 3025 Dens
1418 2962 1516 3046 Quod
1544 2972 1714 3046 exponunt
1740 2961 1885 3047 quidam,
1915 2983 1981 3028 non
2011 2961 2080 3028 1111
2102 2961 2257 3039 ludaeos,
2284 2979 2378 3041 neque

393 3051 514 3117 amoris
543 3049 608 3128 sui,
638 3056 851 3130 aeternusque
879 3048 965 3112 vitae
995 3047 1113 3131 pignus
1136 3057 1202 3112 1111
1225 3045 1367 3130 benigne
1417 3052 1575 3116 incensu
1598 3048 1707 3131 populi
1729 3049 1899 3115 habituros
1919 3049 2027 3114 locum
2050 3047 2165 3132 quibus
2184 3047 2378 3131 praeputium

393 3136 503 3203 offert:
526 3154 680 3218 quorsum
703 3130 1366 3211 1111111111,11111111111111111111-
1418 3135 1568 3202 relictum
1593 3135 1706 3200 fuerit:
1737 3135 1835 3202 nimis
1865 3136 2019 3220 frigidum
2041 3144 2100 3200 est.
2146 3132 2292 3216 Longius
2314 3151 2377 3215 pro·

393 3230 460 3288 tem
482 3222 602 3287 excitet
623 3219 677 3304 qni
699 3219 849 3285 celeriter
877 3237 1047 3284 accurrere
1069 3216 1252 3284 debebant?
1275 3217 1368 3282 Haec
1418 3220 1511 3307 gredi
1532 3231 1666 3304 oportet,
1684 3219 1770 3303 quod
1793 3221 1882 3286 Deus
1903 3221 2027 3288 scilicet
2048 3222 2083 3284 iu
2105 3220 2224 3303 populo
2245 3239 2301 3285 suo
2323 3237 2378 3281 nou

392 3307 497 3392 igitur
519 3325 643 3390 poenae
664 3303 884 3382 denunciatio,
907 3303 1020 3369 foedae
1041 3302 1287 3389 ingratitudinis
1309 3303 1368 3367 hc·
1419 3314 1574 3391 agnoscet
1595 3307 1651 3389 qui
1673 3306 1855 3389 adoptionis
1876 3317 1988 3372 notam
2007 3327 2043 3372 cc
2061 3317 2219 3371 tesseram
2237 3325 2300 3369 non
2318 3323 2378 3387 ges·

393 3393 500 3461 mines
517 3387 695 3468 insimulat,
714 3389 799 3474 quod
817 3389 882 3455 1111
899 3389 1040 3475 gratiam
1059 3389 1110 3454 vel
1128 3402 1295 3472 respuant,
1315 3387 1369 3454 vel
1420 3394 1545 3460 tabunt.

393 3487 612 3546 contemnant.
650 3474 828 3542 Caeterum
850 3472 943 3541 docet
960 3475 1014 3541 hic
1036 3475 1124 3542 locus
1147 3497 1212 3540 non
1233 3475 1368 3558 impune
1507 3478 1557 3544 15.
1591 3478 1688 3544 Sorai
1719 3479 1831 3544 uxoris
1863 3482 1943 3544 tuoe.
1987 3477 2060 3542 Iam
2081 3473 2173 3542 Deus
2205 3475 2377 3561 legitimum

392 3585 561 3632 cessurum
590 3562 690 3627 talem
717 3569 949 3645 contemptum.
994 3559 1159 3641 Quoniam
1185 3571 1294 3626 autem
1317 3580 1369 3624 so·
1421 3564 1575 3631 Abrahae
1592 3585 1704 3632 semen
1723 3586 1764 3630 ex
1778 3563 1861 3631 Sara
1880 3563 2050 3648 promittit.
2083 3563 2208 3628 Fuerat
2225 3557 2378 3647 (quemad

395 3650 435 3716 lis
463 3648 742 3731 contemptoribus
771 3667 908 3730 poenam
937 3646 1030 3713 Deus
1052 3647 1214 3726 minatur,
1244 3646 1369 3730 colligi·
1421 3649 1553 3716 modum
1576 3648 1658 3737 dixi)
1678 3650 1736 3716 illa
1752 3650 1902 3715 nimium
1931 3667 2085 3734 praeceps
2113 3668 2214 3730 quum
2240 3645 2379 3711 ancillam

395 3757 470 3802 mus
492 3732 576 3798 nibil
596 3731 774 3798 infantibus
797 3731 945 3798 nocuisse
967 3753 1063 3798 suum
1090 3733 1314 3816 praeputium,
1343 3731 1371 3797 si
1421 3736 1513 3802 nullo
1532 3737 1594 3802 Dei
1616 3736 1769 3802 mandato
1790 3736 1827 3800 in
1849 3736 1952 3819 vicem
1974 3756 2066 3802 11111
2092 3734 2316 3808 substitueret,
2336 3731 2379 3795 ni·

396 3818 582 3886 antediem
611 3826 761 3884 octavum
789 3818 911 3883 mortui
941 3825 1059 3883 essent.
1102 3815 1190 3884 Satis
1219 3820 1307 3884 enim
1329 3816 1371 3882 ad
1421 3823 1523 3887 mium
1546 3821 1644 3887 etiam
1664 3823 1768 3889 facilis
1791 3822 1974 3898 Abraham,
2003 3821 2058 3904 qui
2080 3841 2217 3885 uxorem
2240 3818 2333 3884 stulta
2352 3825 2380 3879 ct

398 3926 511 3972 eorum
551 3902 689 3969 salutem
722 3903 838 3970 efficax
870 3913 943 3969 1111
974 3900 1063 3969 nuda
1095 3903 1158 3968 Dei
1192 3905 1371 3986 promissio.
1422 3909 1637 3973 11111111111
1661 3908 1785 3990 praeire
1809 3908 1970 3973 volentem
1993 3921 2149 3989 sequutus
2173 3905 2296 3970 fuerat:
2321 3922 2379 3966 non

393 3992 510 4074 Neque
532 3991 579 4054 sic
598 4010 670 4054 1111
699 3988 886 4074 obsignavit
913 3989 1059 4054 externis
1081 3989 1213 4074 sigillis,
1234 4004 1272 4055 ut
1294 3989 1373 4073 ipsis
1422 4001 1532 4059 tamen
1562 3991 1688 4058 obstitit
1720 3995 1891 4076 utriusque
1923 3994 2018 4075 culpa
2045 3993 2122 4075 quin
2153 3989 2247 4056 Deus
2273 3987 2380 4072 patef-

398 4078 557 4144 virtutem
588 4094 682 4140 suam
711 4074 940 4158 adstringeret.
986 4077 1095 4157 Atque
1123 4096 1252 4140 omnem
1274 4076 1373 4141 huius
1423 4080 1496 4157 ciat,
1517 4079 1582 4144 illis
1604 4099 1638 4144 se
1661 4079 1816 4144 daturum
1838 4099 1965 4156 semen,
1995 4079 2087 4144 cuius
2116 4097 2209 4160 spem
2232 4077 2291 4142 sibi
2311 4092 2379 4157 quc·

398 4162 446 4230 rei
485 4161 739 4228 controversiam
778 4157 905 4226 dirimit
941 4161 1051 4226 Moses
1089 4161 1215 4226 ratione
1253 4159 1372 4237 addita,
1424 4164 1595 4231 dammodo
1618 4165 1852 4249 praeciderant.
1896 4163 1992 4230 Unde
2013 4164 2133 4230 elarius
2158 4162 2298 4246 refulget
2317 4179 2379 4242 gra·

400 4246 488 4332 quod
519 4244 633 4311 foedus
661 4245 726 4310 Dei
758 4245 889 4311 irritum
921 4247 1066 4313 fecerint.
1118 4247 1220 4312 Porro
1254 4246 1374 4312 scimus
1425 4252 1509 4316 tuita
1532 4252 1594 4315 Dei
1623 4251 1764 4316 bonitas:
1796 4248 1882 4333 quod
1909 4251 2039 4314 tametsi
2067 4249 2139 4314 eius
2168 4268 2298 4313 cursum
2323 4243 2379 4310 suis

400 4355 467 4402 nou
495 4331 654 4396 violatum
685 4331 784 4396 fuisse
811 4330 940 4412 foedus,
969 4353 1069 4415 quum
1099 4331 1207 4398 ablata
1235 4333 1374 4397 111111-
1426 4335 1602 4402 obstaculis
1623 4336 1807 4419 impediunt
1835 4336 1999 4410 homines,
2031 4333 2071 4398 cd
2099 4355 2155 4399 111
2183 4332 2380 4397 nihilomiuus

401 4420 515 4486 cultas.
560 4415 710 4483 Sciamus
739 4437 818 4502 ergo
847 4417 986 4482 salutem
1013 4418 1142 4502 generis
1166 4417 1318 4483 Abrahae
1339 4419 1375 4482 iu
1426 4423 1583 4506 pervenit.
1628 4422 1731 4487 Porro
1754 4419 1855 4488 Surae
1877 4442 1995 4485 nomen
2017 4419 2109 4486 Deus
2131 4428 2249 4498 mutat,
2270 4431 2302 4482 ut
2322 4415 2380 4480 eius

401 4505 459 4572 1111
486 4501 587 4568 verbo
615 4501 716 4568 fuisse
743 4503 921 4568 inclusam:
949 4502 1016 4567 1111
1038 4503 1130 4569 Deus
1159 4504 1293 4572 seminis
1316 4503 1374 4568 tui.
1427 4508 1659 4590 principatum,
1687 4508 1799 4591 quiin
1826 4507 1925 4590 priori
1954 4508 2086 4571 nomine
2110 4517 2180 4570 erat
2209 4501 2380 4574 restrictior,

403 4589 565 4672 Quemvis
586 4598 696 4654 autem
718 4588 921 4654 circumcisio
947 4590 1018 4654 vice
1046 4591 1301 4655 confirmationis
1323 4607 1375 4654 ac-
1426 4595 1524 4678 louge
1556 4594 1684 4677 lateque
1706 4591 1870 4659 extendat.
1915 4591 1999 4657 Nam
2023 4591 2118 4656 litera
2140 4606 2151 4638 1
2177 4590 2379 4673 possessivum

403 4675 553 4754 cesserit,
585 4694 650 4739 nou
683 4683 795 4739 tamen
827 4675 958 4740 fecisset
989 4675 1069 4757 quin
1103 4675 1152 4740 vis
1180 4687 1214 4741 et
1241 4675 1377 4741 11111111
1427 4699 1607 4762 pronomen
1635 4679 1720 4761 apud
1748 4678 1916 4744 Hebraeos
1947 4677 2048 4741 valet:
2081 4697 2169 4742 nunc
2203 4696 2243 4740 ea
2270 4672 2380 4740 sublata

402 4762 504 4828 verbo
537 4767 710 4838 constaret.
762 4757 828 4826 Sed
861 4760 938 4843 quia
969 4759 1004 4824 iu
1037 4760 1206 4826 homiuum
1243 4760 1378 4826 arbitrio
1427 4763 1519 4830 Deus
1540 4765 1614 4830 vult
1635 4766 1706 4829 sinc
1727 4765 1917 4846 exceptione
1939 4761 2057 4828 Seram
2085 4761 2205 4843 ubique
2233 4761 2380 4852 dominam

404 4867 473 4912 non
495 4854 545 4911 111
566 4866 648 4928 quae
670 4845 761 4912 Deus
783 4845 955 4911 coniunxit
975 4843 1144 4911 divellere:
1170 4868 1265 4912 nemo
1285 4866 1377 4929 sper·
1428 4859 1461 4915 et
1483 4850 1662 4934 principem
1684 4849 1854 4916 celebrari:
1884 4848 1980 4932 idque
2002 4849 2038 4912 in
2065 4856 2223 4913 contextu
2243 4845 2381 4928 exprimi·

404 4954 484 5000 nere
506 4930 559 4997 vel
582 4930 747 5015 negligere
770 4933 900 5016 signum
924 4931 1046 5014 potnit,
1068 4933 1146 5014 quin
1170 4933 1307 4998 verbum
1328 4933 1378 5016 ip·
1428 4945 1485 5001 tur
1504 4956 1604 5018 quum
1627 4937 1718 5018 Deus
1740 4957 1774 5002 so
1793 4935 1897 5000 filium
1921 4933 1968 4998 illi
1990 4932 2142 4998 daturum
2164 4933 2329 5016 promittit,
2345 4945 2381 4989 cx

405 5041 479 5087 sum
501 5015 670 5095 abiiceret,
699 5037 797 5099 seque
819 5016 926 5082 oblato
951 5016 1020 5081 illic
1043 5016 1199 5084 beneficio
1221 5017 1377 5101 privaret.
1427 5041 1492 5105 quc
1512 5022 1646 5087 taudem
1668 5031 1782 5104 gentes
1803 5029 1838 5085 11
1858 5041 1953 5104 reges
1973 5033 2159 5085 nascantur.
2193 5019 2268 5083 Etsi
2290 5024 2381 5081 autem

405 5103 522 5174 Solum
545 5101 831 5201 ergolueglectum
853 5112 920 5167 1111
943 5123 1057 5168 severe
1079 5101 1168 5168 ultus
1190 5111 1241 5170 est
1261 5101 1379 5168 Domi·
1428 5106 1536 5191 prima
1556 5106 1663 5190 specie
1687 5106 1890 5191 amplissima
1918 5114 1968 5172 est
1990 5107 2055 5170 ista
2077 5104 2274 5182 benedictio,
2302 5102 2382 5192 tongq

407 5213 479 5261 uus.
524 5186 561 5256 Si
584 5209 640 5271 qm
661 5209 740 5254 vero
761 5187 902 5254 infantes
930 5187 1046 5254 salutis
1068 5197 1190 5254 tessera
1211 5208 1379 5272 1111111-
1428 5203 1540 5259 tamen
1561 5193 1692 5260 uberior
1715 5203 1765 5257 est
1786 5212 1881 5275 quam
1904 5187 2381 5274 verbispraeseferat:siout1

406 5283 473 5342 tem
502 5273 625 5358 privati
653 5283 754 5352 esset,
783 5271 848 5338 illis
875 5275 1034 5356 pepercit,
1065 5275 1143 5358 quia
1171 5272 1292 5340 foederi
1314 5272 1380 5339 Dei
1428 5277 1525 5361 paulo
1546 5286 1620 5362 post
1641 5277 1832 5346 videbimus.
