4988 6192
128 387 187 474 ἰιι
777 399 1150 469 oouusrruaarus
1173 401 1222 466 ut
1246 400 1460 476 sarsana
2058 411 2124 478 tra

132 616 200 661 rum
221 611 350 660 suarum
371 611 540 657 successus
559 611 583 656 a
604 589 748 655 Domine
774 595 960 672 exspectat,
994 587 1093 654 simul
1147 599 1215 654 tum
1239 599 1304 668 est,
1334 588 1476 652 fueritne
1505 587 1603 672 plane
1632 590 1876 672 reconciliatus,
1906 597 2000 660 sicuti
2021 599 2120 681 paulo

133 680 251 764 dispicit
276 678 415 761 quaein
443 695 541 741 manu
570 683 649 742 sunt
678 673 802 754 media,
830 674 1036 758 applicatque
1058 675 1092 740 in
1145 683 1220 760 post
1242 696 1300 740 suo
1323 675 1392 740 loco
1415 673 1588 760 attingam.
1633 674 1807 743 (laetarum
1836 680 1964 746 etiamsi
1994 704 2121 752 memor

133 787 217 832 usum
248 769 462 848 praesentem.
513 761 611 827 Hanc
638 781 717 827 vero
745 763 870 826 interea
900 759 1092 825 modestiam
1145 761 1288 826 offensae
1310 759 1429 826 fratres
1452 781 1528 826 suos
1550 761 1660 827 minus
1684 765 1860 845 amaverit,
1889 765 1986 851 longe
2009 777 2119 838 tamen

132 859 252 920 servent
280 848 408 926 fideles,
441 855 480 912 ut
508 847 659 912 omnibus
686 846 798 913 sedulo
828 845 980 926 tentatis,
1009 844 1094 911 nihil
1145 846 1250 912 abfuit
1279 867 1298 911 a
1330 846 1484 913 vindicta.
1537 845 1625 928 Quia
1657 858 1767 914 autem
1800 853 2015 935 suspiciosum
2049 864 2120 922 erat

132 949 232 1002 tamen
252 933 435 1000 industriae
457 952 536 998 strae
558 931 720 1001 tribuant:
754 931 811 999 sed
834 940 922 998 certo
942 930 1093 1014 persuasi
1145 932 1294 997 homines
1321 942 1450 998 exteros
1473 941 1505 996 et
1535 932 1693 1018 ignobiles
1717 957 1736 1001 a
1758 958 1886 1003 summo
1908 941 2002 1023 regni
2024 963 2120 1026 prae·

132 1025 190 1089 sint
210 1022 300 1086 irrita
321 1020 390 1084 fore
413 1017 547 1102 quaevis
568 1017 694 1098 studia,
722 1018 786 1083 nisi
809 1016 972 1083 Dominus
993 1017 1092 1081 bene-
1145 1017 1228 1083 fecto
1251 1018 1354 1085 amice
1376 1029 1534 1101 tanquam
1552 1029 1646 1086 notos
1665 1020 1807 1104 hospites
1826 1024 1977 1091 convivio
2001 1029 2118 1112 excipi,

132 1108 217 1173 dicat.
258 1103 513 1172 Observandum
540 1124 668 1188 quoque
697 1103 732 1170 in
762 1105 867 1168 iorma
894 1102 1093 1186 precationis
1145 1124 1267 1168 novum
1301 1113 1424 1168 metum
1458 1104 1647 1204 concipiunt
1680 1107 1738 1171 filii
1771 1109 1884 1188 Iacob,
1921 1110 2006 1193 quod
2037 1115 2119 1180 velit

131 1203 183 1271 est,
200 1190 281 1275 quod
299 1191 396 1258 Iacob
414 1190 583 1256 hominum
602 1189 700 1256 corda
718 1191 781 1254 Dei
799 1188 934 1254 arbitrio
952 1187 1092 1254 subiicit.
1144 1209 1258 1254 omnes
1275 1189 1309 1253 in
1329 1189 1459 1255 vincula
1477 1191 1644 1270 comitere,
1664 1192 1798 1277 ideoque
1816 1195 1990 1278 pecuniam
2009 1197 2119 1267 dolose

128 1277 210 1344 Dum
232 1278 326 1344 nobis
347 1276 514 1360 negotium
538 1282 587 1340 est
609 1295 683 1340 cum
706 1275 910 1353 hominibus,
931 1272 1004 1339 ideo
1025 1292 1092 1337 non
1145 1275 1178 1338 in
1201 1276 1303 1340 saccis
1330 1275 1429 1340 luisse
1458 1275 1699 1358 absconditam,
1729 1291 1763 1344 ut
1793 1281 1940 1366 fingendi
1967 1283 2114 1352 criminis

120 1364 309 1446 respicimus
331 1363 365 1428 in
389 1361 588 1444 Dominum,
618 1361 696 1444 quia
723 1364 831 1444 ipsum
854 1381 920 1425 non
944 1381 962 1425 a
986 1359 1093 1424 nosci-
1145 1367 1231 1426 esset
1257 1361 1390 1426 occasio.
1433 1360 1607 1428 Probabile
1635 1373 1748 1429 tamen
1770 1378 1819 1431 est
1842 1369 1970 1434 venisse
1993 1369 2059 1436 illis
2081 1373 2117 1435 in

129 1471 203 1528 mus,
224 1460 260 1515 ut
281 1469 342 1532 par
365 1455 447 1526 erat,
471 1467 628 1514 arcanum
644 1467 717 1512 esse
739 1445 887 1512 cordium
908 1381 1092 1510 moderato·
1145 1453 1288 1510 mentem
1311 1445 1417 1511 scelus
1438 1447 1649 1514 commissum
1673 1450 1830 1517 adversus
1845 1453 1975 1537 Ioseph,
1997 1463 2031 1520 ct
2052 1478 2118 1522 mc·

128 1557 199 1600 rem.
249 1534 352 1617 Atqui
387 1534 595 1616 quantumvis
624 1532 761 1598 effraeni
789 1532 915 1614 impetu
943 1531 1092 1596 ferantur
1144 1539 1214 1596 tum
1247 1529 1335 1597 hunc
1369 1552 1388 1596 a
1420 1531 1507 1597 mala
1545 1535 1746 1600 conscientia
1778 1535 1880 1604 fuisse
1919 1541 2113 1623 profectum.

128 1621 276 1698 homines,
300 1628 425 1685 certum
448 1627 559 1684 tamen
578 1625 627 1684 est
646 1616 805 1684 divinitus
820 1637 936 1683 eornm
956 1616 1092 1682 affectus
1144 1617 1216 1682 Nisi
1250 1616 1337 1682 enim
1371 1637 1424 1682 eos
1458 1626 1623 1701 torqueret
1643 1622 1707 1687 Dei
1739 1621 1912 1703 iudicium,
1947 1646 2012 1692 non
2045 1636 2117 1693 erat

127 1706 246 1772 ilectiin
258 1706 421 1771 utramvis
438 1712 576 1790 partem,
596 1712 633 1769 ut
649 1704 801 1770 ferociam
820 1703 950 1788 mitiget
964 1701 1092 1785 quoties
1144 1724 1241 1769 carisa
1263 1723 1322 1768 cur
1343 1715 1531 1767 metuerent
1550 1713 1676 1770 tantam
1699 1707 1879 1790 perfidiam.
1923 1710 2116 1778 Absurdum

127 1792 224 1858 risum
254 1793 365 1856 luerit:
396 1791 448 1856 vel
476 1789 518 1856 ad
547 1789 718 1856 saevitiam
746 1789 896 1874 impellat
922 1789 978 1872 qui
1000 1788 1092 1871 prius
1144 1787 1283 1866 videtur,
1302 1788 1452 1856 homines
1470 1789 1598 1876 ignotos
1616 1795 1767 1859 convivio
1788 1797 2009 1880 excipiaviro
2027 1800 2117 1882 prin-

125 1878 283 1943 mansaeti
298 1875 445 1942 fuerant:
464 1874 628 1955 sicIacob,
648 1896 833 1960 quanquam
851 1876 978 1958 experti
996 1880 1092 1939 erant
1143 1875 1222 1958 cipe,
1246 1893 1456 1957 summaeque
1480 1876 1659 1960 dignitatis.
1696 1877 1763 1945 Sed
1786 1900 1844 1946 cur
1866 1902 1931 1947 nou
1954 1883 2117 1952 inclinant

125 1961 179 2027 filii
205 1963 257 2029 sui
288 1973 451 2027 austeram
480 1961 631 2026 duritiem
661 1963 695 2026 in
723 1961 859 2045 Ioseph,
894 1979 950 2027 cor
980 1967 1090 2024 tamen
1141 1961 1250 2044 potius
1278 1961 1314 2024 in
1343 1960 1508 2026 diversam
1542 1964 1780 2044 coniecturam,
1815 1967 1876 2032 hoc
1903 1968 1975 2033 ideo
2008 1968 2116 2037 facere

123 2048 186 2114 eius
206 2048 240 2112 in
264 2069 366 2113 manu
388 2046 453 2112 Dei
474 2047 543 2112 lore
565 2046 714 2126 confidit,
740 2056 777 2112 ut
806 2055 942 2130 repente
965 2045 1005 2111 ad
1028 2044 1090 2109 hu·
1142 2047 1340 2129 praefectum
1363 2047 1523 2131 Aegypti,
1549 2055 1587 2112 ut
1608 2049 1721 2116 amieis
1744 2072 1866 2118 novum
1890 2063 1924 2120 et
1945 2055 2115 2121 insolitum

122 2135 304 2200 manitatem
323 2133 488 2198 formetur.
523 2131 631 2198 Sicuti
649 2141 768 2210 autem,
793 2133 848 2198 ubi
871 2131 964 2198 nobis
985 2130 1090 2214 iniqui
1141 2133 1363 2216 spectaculum
1386 2133 1548 2212 exhibeat,
1573 2133 1724 2200 undecim
1746 2157 1920 2221 germanos
1942 2140 2060 2206 fratres
2078 2139 2114 2206 in

122 2227 194 2284 sunt
213 2219 381 2297 homines,
409 2217 569 2302 speranda
592 2227 642 2284 est
663 2238 684 2283 a
705 2219 863 2296 Domino,
894 2226 927 2283 et
949 2215 1090 2301 petenda
1141 2240 1254 2284 mensa
1271 2239 1337 2284 uua
1355 2218 1528 2284 sedentes?
1546 2219 1623 2285 Fiet
1641 2221 1769 2304 quidem
1789 2222 1954 2291 interdum
1966 2233 2002 2291 ut
2014 2226 2114 2293 etiam

121 2307 251 2370 mutale
274 2305 308 2369 in
338 2304 470 2370 melius:
500 2304 546 2368 ita
576 2325 690 2368 rursus
717 2303 896 2370 tenendum
927 2313 993 2382 est,
1022 2322 1089 2367 non
1140 2305 1278 2388 optimos
1300 2324 1443 2388 quosque
1465 2302 1602 2370 invadat
1623 2307 1739 2372 similis
1760 2310 1924 2376 anxietas:
1948 2310 2005 2378 sed
2028 2312 2115 2379 malo

120 2391 184 2456 fieri
213 2392 286 2457 sinc
307 2391 372 2455 Dei
400 2389 554 2469 consilio,
588 2389 672 2473 quod
695 2411 730 2455 se
757 2391 906 2473 asperius
928 2408 1008 2472 erga
1029 2408 1090 2453 nos
1139 2389 1201 2454 hoc
1224 2389 1366 2454 tribuere
1388 2388 1452 2454 Dei
1474 2390 1607 2471 iudicio,
1637 2392 1721 2475 quod
1751 2394 1811 2460 filii
1832 2395 1945 2480 Iacob,
1974 2399 2029 2482 qui
2051 2399 2114 2464 sibi

119 2484 242 2560 gerunt.
1140 2475 1225 2541 male
1253 2475 1373 2541 conscii
1395 2485 1489 2540 erant
1511 2477 1551 2542 ob
1574 2478 1708 2543 fratrem
1739 2480 1963 2548 inhumaniter
1992 2492 2112 2551 tracta·
2222 2531 2226 2538 -

201 2563 250 2628 14.
276 2561 320 2627 la
340 2581 394 2646 epo
413 2560 671 2644 quenadmodum
690 2559 815 2626 orbatas
830 2579 910 2625 sum
944 2557 1089 2625 Videtur
1140 2569 1219 2639 tum,
1243 2563 1450 2644 suspicantur
1471 2560 1584 2627 eodem
1605 2564 1702 2630 mode
1723 2586 1834 2632 secum
1857 2570 1924 2653 agi:
1947 2591 1982 2636 se
2003 2577 2113 2637 tamen

118 2667 228 2730 parum
251 2647 316 2714 sibi
337 2657 486 2713 constare
503 2646 618 2712 Iacob:
642 2667 717 2711 nam
737 2646 763 2711 si
782 2667 822 2710 ex
847 2645 909 2712 lide
932 2653 1088 2728 concepta
1139 2656 1268 2711 mature
1311 2654 1454 2731 purgant
1491 2650 1682 2732 priusquam
1723 2649 1761 2717 de
1800 2655 1887 2719 furto
1925 2663 2112 2738 quaeratur.

120 2733 176 2798 luit
197 2734 254 2798 illa
276 2733 436 2818 precatio,
463 2753 560 2816 quam
584 2753 687 2816 nuper
709 2730 822 2797 retulit
844 2732 967 2810 Moses,
991 2730 1086 2796 debe-
1140 2730 1266 2816 Sponte
1299 2743 1408 2798 autem
1433 2735 1587 2816 profiteri
1620 2745 1783 2818 repertam
1817 2740 1916 2806 fuisse
1949 2741 1984 2804 in
2011 2743 2113 2808 saccis

117 2817 169 2883 bat
187 2840 259 2886 esse
289 2819 442 2902 quietior,
475 2817 591 2884 saltem
620 2817 746 2902 gratiae
768 2817 834 2881 Dei
862 2817 969 2883 locum
998 2815 1085 2882 dare.
1138 2818 1326 2900 pecuniam,
1352 2826 1386 2884 et
1415 2817 1509 2883 demo
1538 2821 1673 2885 relatam
1697 2823 1905 2908 inpromptu
1928 2847 2111 2908 numerare,

117 2906 213 2988 Atqui
231 2904 365 2971 videtur
381 2903 443 2970 sibi
461 2903 648 2988 praecidere
665 2923 795 2969 omnem
813 2900 950 2969 fiduciae
961 2921 1085 2981 ansam,
1139 2925 1296 2988 magnum
1319 2903 1525 2971 innocentiae
1542 2906 1674 2989 signum
1693 2919 1772 2974 erat.
1804 2911 1907 2977 Porro
1924 2911 1987 2980 hoc
2005 2912 2113 2978 facere

116 2990 169 3055 ubi
186 2992 273 3057 nihil
291 2999 421 3075 praeter
437 2990 609 3056 orbitatem
627 2989 687 3056 sibi
707 2988 871 3055 residuum
890 2987 975 3053 facit.
1008 2988 1086 3053 Vox
1139 2990 1344 3073 occupantin
1362 2990 1434 3074 ipso
1450 2992 1543 3072 atrio,
1562 2993 1639 3077 quia
1656 2995 1797 3078 suspicio
1814 2997 1955 3078 suberat,
1974 2997 2113 3066 simulac

116 3085 163 3141 est
191 3077 358 3163 desperati
391 3075 551 3142 hominis:
579 3073 690 3143 Orbus
716 3077 855 3140 manebo
883 3075 978 3141 sicuti
1001 3094 1085 3139 sum.
1139 3074 1271 3142 domum
1293 3076 1435 3161 ingressi
1456 3077 1570 3159 forent,
1593 3083 1816 3162 quaestionem
1839 3082 1987 3150 habitum
2011 3085 2063 3149 iri.

117 3161 217 3243 Quasi
241 3183 323 3230 vero
351 3162 474 3228 frustra
496 3171 648 3245 precatus
668 3162 727 3241 sit,
750 3161 803 3227 vel
824 3163 897 3227 ficte
918 3159 1086 3245 professus
1223 3161 1275 3227 23.
1301 3160 1374 3228 Pae
1394 3162 1488 3228 vebia.
1524 3163 1611 3245 Quia
1634 3149 1717 3234 οὐκ)
1740 3167 1902 3236 Hebraeis
1925 3191 1990 3236 non
2014 3169 2111 3236 modo

114 3248 296 3314 remedium
314 3269 384 3314 esse
402 3249 435 3312 ia
454 3269 554 3313 manu
566 3248 639 3313 Dei.
675 3248 801 3313 Verum
820 3248 848 3314 si
869 3244 1087 3330 expendimus
1137 3267 1260 3398 pacem,
1282 3247 1338 3313 sed
1361 3267 1554 3332 prosperum
1577 3251 1724 3332 quemvis
1743 3263 1777 3319 et
1797 3254 1971 3339 optabilem
1989 3265 2113 3323 statum

115 3332 153 3397 ad
174 3353 256 3417 quos
282 3333 402 3418 dirigat
423 3354 618 3412 sermonem,
643 3332 748 3400 facilis
770 3340 819 3399 est
840 3332 969 3398 solutio.
1014 3332 1085 3397 Du·
1151 3341 1305 3418 aetasque
1328 3341 1466 3400 eventus
1488 3334 1667 3420 significat,
1690 3335 1839 3405 bifariam
1862 3341 1984 3425 exponi
2004 3348 2112 3427 potest

113 3417 200 3484 bium
223 3428 314 3485 certe
336 3441 401 3485 non
424 3428 473 3484 est
495 3419 573 3502 quin
598 3421 713 3485 firmus
742 3419 870 3486 steterit
890 3419 926 3483 in
948 3417 1086 3502 promis·
1137 3419 1192 3486 hic
1208 3419 1314 3486 locus:
1336 3419 1388 3484 vel
1407 3418 1493 3503 quod
1510 3431 1702 3504 procurator
1724 3424 1840 3491 domus
1856 3426 1978 3512 Ioseph
2000 3426 2112 3493 iubeat

113 3504 201 3571 sicne
223 3505 288 3572 sibi
310 3503 399 3571 data:
433 3504 571 3588 ideoque
600 3504 783 3590 speraverit
813 3505 954 3589 aliquem
982 3503 1086 3588 precis
1136 3506 1224 3589 ipsos
1252 3516 1369 3589 pacato
1398 3525 1468 3570 esse
1490 3517 1523 3572 et
1551 3527 1665 3574 securo
1695 3510 1821 3576 animo:
1852 3512 1904 3579 vel
1931 3510 2016 3596 quod
2044 3513 2111 3577 illis

111 3612 188 3656 suae
210 3592 374 3658 fructum:
399 3611 543 3678 pungere
565 3599 674 3656 tamen
697 3612 772 3658 suos
795 3591 879 3656 filios
901 3590 1020 3668 voluit,
1050 3596 1088 3655 ut
1139 3590 1217 3658 bene
1236 3599 1270 3657 et
1291 3590 1431 3657 feliciter
1453 3611 1522 3658 esse
1545 3596 1747 3677 pronunciet.
1780 3597 1857 3664 Huc
1876 3597 2007 3681 quidem
2025 3598 2111 3664 redit

111 3678 267 3744 maiorem
305 3678 464 3744 haberent
495 3677 605 3743 fratris
634 3678 685 3742 sui
718 3695 839 3745 curam.
883 3675 965 3742 Fuit
998 3676 1086 3741 enim
1136 3697 1273 3758 summa,
1295 3698 1361 3742 non
1383 3697 1456 3742 esse
1477 3679 1614 3744 timendi
1632 3701 1774 3762 causam,
1797 3683 1874 3766 quie
1891 3705 1943 3750 res
1960 3684 2110 3768 ipsorum

110 3760 188 3831 haec
212 3785 280 3830 uon
305 3763 450 3849 vulgaris
473 3761 718 3842 commendatio,
741 3784 842 3848 quum
864 3761 1015 3828 viderent
1031 3783 1087 3846 pa·
1136 3764 1219 3829 bene
1251 3763 1403 3830 habeant.
1449 3761 1536 3844 Quia
1567 3772 1678 3831 autem
1711 3767 1904 3834 humanitus
1937 3770 2009 3834 lieri
2042 3789 2110 3834 non

111 3857 193 3914 trem
222 3849 335 3916 dolore
363 3869 496 3934 prorsus
525 3849 706 3916 confectum
728 3859 761 3915 et
789 3850 857 3916 fere
890 3847 1085 3926 exanimem,
1135 3860 1278 3932 poterat,
1307 3856 1344 3915 ut
1372 3849 1513 3932 pretium
1542 3851 1658 3933 tritici,
1692 3851 1775 3937 quod
1803 3854 1840 3919 in
1869 3855 1970 3921 saccis
1999 3855 2109 3920 fuerat

110 3933 213 4002 donec
247 3935 352 4001 filium
386 3935 560 4001 Beniamin
594 3935 722 4000 salvum
762 3937 928 4018 reciperet.
983 3933 1086 4000 Varie
1135 3944 1319 4019 repertum,
1359 3935 1549 4016 solvissent,
1587 3937 1648 4003 hoc
1682 3939 1745 4003 Dei
1778 3940 1903 4024 gratiae
1942 3939 2108 4006 adscribit.

109 4028 219 4087 tamen
252 4021 334 4087 haec
361 4022 463 4086 verba
491 4022 685 4104 interpretes
713 4029 891 4104 exponunt.
942 4018 1086 4101 Quidam
1136 4019 1295 4102 Quamvis
1327 4023 1415 4087 enlm
1448 4030 1529 4088 tune
1561 4023 1596 4087 in
1629 4023 1752 4090 mundo
1784 4046 1865 4091 vera
1898 4026 2012 4112 religio
2040 4026 2108 4091 iere

108 4116 227 4188 putant
256 4128 330 4172 eum
361 4107 530 4190 conqueri,
560 4107 644 4191 quod
675 4126 762 4172 nunc
788 4107 824 4171 in
852 4115 957 4172 totum
987 4105 1085 4170 orbus
1135 4107 1298 4173 exstincta
1321 4117 1416 4188 esset,
1434 4107 1538 4174 voluit
1559 4110 1772 4176 tamenDeus
1794 4131 1923 4195 semper
1945 4113 1980 4176 in
2002 4111 2108 4177 homi·

108 4193 175 4258 fiat.
223 4193 311 4259 Aliis
335 4192 465 4259 videtur
485 4193 540 4258 hic
562 4213 633 4259 esse
655 4213 779 4273 seusus,
805 4193 887 4258 nihil
910 4211 1005 4277 posse
1029 4191 1084 4255 de·
1135 4215 1215 4258 num
1237 4191 1387 4259 cordibus
1415 4193 1556 4277 aliquam
1583 4191 1734 4261 bonitatis
1757 4218 1834 4264 suae
1857 4198 2005 4262 notitiam
2029 4198 2107 4263 hae·

109 4280 209 4344 terius
234 4279 391 4358 accidere,
415 4301 456 4344 ex
474 4299 538 4362 quo
556 4278 675 4362 Ioseph
693 4277 841 4364 perdidit,
864 4299 962 4363 quem
979 4278 1085 4343 omni·
1135 4300 1223 4358 rere,
1246 4289 1282 4345 ut
1304 4289 1414 4346 essent
1434 4279 1684 4347 inexcusabiles.
1729 4281 1817 4348 Hinc
1839 4283 1962 4349 factum
1985 4294 2046 4361 est,
2071 4291 2107 4348 ut

108 4361 168 4430 bus
202 4363 419 4448 praelerebat.
472 4365 539 4430 Alii
566 4365 682 4431 volunt
717 4363 878 4449 duplicem
912 4364 1084 4430 orbitatem
1136 4373 1254 4430 natura
1287 4365 1367 4433 duce
1407 4363 1555 4430 divinum
1596 4367 1784 4433 vocaverint
1816 4369 1978 4435 increduli
2011 4371 2120 4435 omue'

106 4453 224 4533 notari,
250 4470 288 4516 ac
310 4451 339 4517 si
361 4451 510 4518 dixisset:
535 4450 640 4518 (laroc
663 4449 786 4516 duobus
809 4450 898 4532 filiis,
920 4471 1007 4516 nune
1029 4470 1084 4515 eos
1133 4453 1354 4535 praestantius
1375 4451 1507 4517 bonum.
1540 4452 1643 4518 Porro
1664 4454 1741 4536 quia
1761 4455 1808 4521 sic
1830 4455 2014 4520 invaluerat
2036 4477 2106 4521 cor·

105 4537 227 4603 tertius
268 4545 431 4621 sequetur.
485 4535 574 4618 Quid
607 4545 715 4602 autem
748 4537 776 4601 si
814 4537 1084 4620 interpretemur:
1135 4539 1260 4622 ruptio,
1294 4544 1331 4603 ut
1352 4537 1493 4623 singulis
1515 4538 1669 4622 gentibus
1691 4538 1831 4604 hberum
1855 4548 1941 4606 esset
1962 4538 2107 4606 diversos

104 4621 214 4688 Video
244 4623 323 4707 quid
353 4635 471 4708 agatur
503 4643 648 4701 meeum,
682 4642 742 4706 ego
774 4644 847 4688 sum
881 4623 1085 4689 miserrimus
1134 4624 1239 4691 colere
1270 4621 1361 4689 deos:
1395 4632 1585 4707 procurator
1614 4624 1729 4690 domus
1757 4625 1877 4710 Ioseph
1905 4625 2029 4707 Deum,
2051 4627 2106 4709 qui

105 4729 226 4774 senex:
252 4709 402 4788 domum,
425 4730 508 4795 quae
530 4731 636 4794 nuper
680 4707 813 4792 opulosa
836 4717 916 4788 erat,
938 4708 1006 4772 fere
1028 4708 1083 4772 de·
1134 4711 1250 4775 colitur
1272 4731 1292 4775 a
1312 4709 1389 4775 filiis
1411 4709 1524 4789 Iacob,
1555 4710 1595 4776 ab
1623 4709 1717 4775 idolis
1738 4711 1910 4798 Aegyptiis
1941 4711 2105 4778 discernit.

104 4803 229 4860 sertam
254 4795 366 4862 video:
389 4803 427 4861 ut
447 4795 481 4860 in
504 4816 624 4882 genere
668 4794 792 4879 eplcret
816 4815 851 4861 se
873 4793 992 4859 nudari
1014 4813 1083 4858 em·
1134 4795 1316 4862 Probabilis
1351 4805 1461 4862 tamen
1500 4797 1684 4862 coniectura
1723 4813 1789 4877 eat,
1828 4797 1936 4882 aliquo
1975 4797 2106 4881 pietatis

102 4881 203 4947 nibus
234 4880 328 4961 filiis,
364 4904 427 4946 non
456 4880 496 4947 de
525 4889 619 4967 parte
648 4881 753 4947 solum
782 4881 943 4964 loquatur.
995 4879 1085 4944 (lon-
1133 4890 1233 4967 gustu
1270 4883 1358 4948 hunc
1397 4882 1564 4947 hominem
1603 4881 1704 4948 fuisse
1744 4882 1915 4950 imbutum.
1975 4883 2106 4951 Scimus

103 4966 218 5032 silium
250 4987 347 5050 porro
370 4967 439 5033 eius
460 4969 538 5047 fuit,
567 4968 698 5034 iniicere
720 4966 796 5032 filiis
822 4965 1084 5046 sollicitudinem,
1133 4976 1255 5053 quanta
1287 4966 1390 5032 fuerit
1421 4967 1530 5052 gentis
1561 4967 1650 5034 illius
1689 4972 1890 5052 arrogantia,
1929 4975 1968 5034 ut
2000 4978 2106 5036 totum

103 5073 168 5136 quo
199 5053 319 5119 maiori
341 5053 407 5119 fide
428 5061 460 5125 et
482 5053 588 5120 studio
610 5055 644 5119 in
668 5074 765 5119 suum
793 5052 935 5118 officium
958 5051 1084 5118 incum-
1134 5053 1292 5119 mundum
1315 5053 1349 5117 in
1373 5052 1507 5120 deorum
1530 5051 1620 5119 cultu
1642 5052 1788 5137 desipere
1818 5063 1960 5139 putaret.
2005 5055 2105 5140 Ergo,

101 5139 237 5205 berent.
1135 5139 1198 5205 uisi
1231 5139 1347 5205 melius
1381 5138 1502 5223 aliquid
1536 5137 1717 5219 didicisset,
1751 5162 1920 5224 nunquam
1952 5141 2106 5228 dignatus

193 5227 249 5291 16.
273 5223 318 5289 Et
344 5225 427 5289 dicit
448 5227 605 5309 maestae
632 5225 743 5292 doinus
769 5245 854 5290 atae.
897 5223 988 5288 Hinc
1010 5244 1082 5307 per·
1134 5227 1216 5290 foret
1246 5235 1336 5290 tanto
1364 5226 1486 5292 honere
1515 5225 1595 5290 alios
1626 5247 1721 5308 quam
1756 5228 1880 5312 patriae
1910 5247 1988 5294 suae
2017 5228 2104 5293 deos.

98 5312 247 5395 spicitur
269 5311 435 5377 fraternus
457 5313 586 5378 animus
607 5310 743 5396 Ioseph,
768 5330 955 5394 quanquam
977 5310 1082 5376 incer·
1134 5310 1264 5376 Deinde
1283 5311 1475 5378 miraculum
1489 5333 1552 5376 non
1571 5309 1725 5378 adscribit
1738 5313 1924 5378 Deotcrrae
1937 5313 2105 5394 Ohanean,
