5022 6192
387 443 429 508 23
1048 439 1420 515 COMMENTARIUS
1441 441 1492 508 IN
1512 439 1725 510 aunuum.
2330 442 2374 506 24

383 628 557 712 splendore
578 627 741 694 fruamur:
772 635 913 714 quantae
939 629 1187 714 ingratitudinis
1209 629 1292 696 foret
1313 629 1354 694 ad
1405 629 1468 695 fuit
1497 630 1598 695 veluti
1627 627 1793 711 scaturigo
1819 628 1919 693 totius
1948 626 2072 692 mundi.
2126 627 2262 694 Oreavit
2294 649 2373 714 ergo

382 715 487 797 ipsam
510 715 742 798 experientiam
765 715 854 781 ultro
871 714 1068 780 connivere?
1098 715 1169 780 Non
1188 724 1240 780 est
1255 716 1356 800 igitur
1406 714 1498 780 Deus
1512 713 1664 780 balaenas
1686 723 1719 779 st
1741 714 1881 796 reliquos
1903 714 2020 796 pisces:
2043 733 2109 778 non
2131 715 2217 796 quod
2238 715 2373 779 initium

382 800 467 882 quod
489 799 593 866 Mosis
610 801 807 884 imperitiam
827 799 954 866 rideant
968 801 1076 884 arguti
1100 801 1256 878 homines,
1279 802 1356 883 quia
1404 800 1577 867 creationis
1599 797 1835 865 numerandum
1856 801 1900 866 sit
1921 799 1961 865 ab
1982 819 2021 864 eo
2043 809 2207 866 momento
2228 803 2373 883 quofor·

380 883 495 950 lunam
522 885 600 950 facit
626 884 806 950 secundnm
834 886 1013 952 luminare:
1041 905 1148 969 neque
1177 886 1263 951 enim
1294 905 1354 952 nos
1404 905 1492 951 mum
1514 887 1687 970 accipiunt:
1715 885 1771 950 sed
1801 885 1875 966 qnia
1898 885 1933 948 in
1956 885 2109 951 universo
2130 905 2264 968 corpore
2286 885 2374 968 quod

380 970 416 1034 in
438 969 563 1037 coelum
592 978 722 1046 evocat,
752 969 809 1036 sed
837 979 967 1036 tantum
996 973 1149 1055 proponit
1172 992 1255 1056 quae
1277 979 1354 1036 ante
1403 992 1446 1036 ex
1468 971 1571 1036 nihilo
1593 973 1716 1036 factum
1733 976 1783 1036 est
1799 970 2017 1036 continentur.
2048 970 2102 1035 Ita
2118 969 2222 1054 quoad
2240 973 2375 1054 speeies,
2507 959 2508 966 ἵ

379 1056 487 1122 oculos
507 1062 631 1142 patent.
675 1055 828 1122 Habeant
858 1056 918 1121 sibi
948 1057 1101 1140 astrologi
1124 1057 1271 1122 altiorem
1295 1077 1353 1121 no-
1402 1057 1508 1122 forma
1543 1067 1670 1122 tantum
1705 1055 1853 1122 accessit:
1887 1054 1944 1121 sed
1974 1057 2095 1120 meane
2128 1055 2231 1122 nihilo
2264 1058 2376 1122 minus

379 1141 501 1206 titiam:
537 1143 663 1207 interea
698 1143 755 1224 qui
790 1162 811 1206 a
838 1143 917 1206 luna
947 1143 1131 1228 percipiunt
1157 1152 1352 1209 nocturnum
1404 1163 1480 1207 vere
1501 1141 1620 1207 dicitur
1642 1143 1741 1206 totius
1764 1150 1797 1204 et
1819 1141 1971 1224 partium.
2001 1140 2068 1206 Ubi
2090 1143 2144 1207 vul
2170 1162 2188 1206 ο
2211 1151 2299 1207 cetos
2321 1143 2375 1206 vel

377 1226 594 1310 splendorem,
623 1237 846 1312 coarguuntur
873 1227 946 1309 ipso
966 1249 1027 1294 usu
1049 1248 1222 1312 perversae
1243 1229 1351 1312 ingra-
1402 1237 1473 1293 cete
1495 1227 1618 1313 legunt,
1641 1248 1706 1292 non
1727 1225 1813 1291 mals
1835 1233 1963 1292 vertere
1984 1225 2070 1311 (meo
2088 1161 2219 1310 quibem
2239 1227 2374 1313 iudicio)

376 1311 539 1386 titudinis,
561 1313 623 1378 nisi
646 1312 710 1377 Dei
729 1313 978 1379 beneficentiam
1000 1325 1187 1398 agnoscant.
1402 1313 1515 1379 liceret
1535 1314 1695 1379 thuanus:
1717 1331 1795 1376 nam
1815 1313 1886 1377 voci
1911 1310 2082 1377 hebraicae
2103 1312 2278 1396 respondet
2298 1312 2374 1379 tha-

463 1397 504 1461 In
526 1398 707 1464 duriciam.
751 1398 827 1463 Non
858 1397 1011 1464 adscribit
1038 1401 1098 1464 soli
1120 1409 1154 1464 et
1175 1400 1273 1462 lunae
1295 1398 1351 1462 do-
1401 1399 1514 1463 ninim.
1561 1398 1670 1480 Quum
1701 1397 1787 1473 dicit,
1809 1417 1910 1480 optas
1927 1397 2037 1478 fecisse
2055 1402 2185 1480 reptare,
2209 1401 2317 1483 pergit
2338 1402 2374 1464 in

376 1483 516 1547 minium
545 1481 631 1565 quod
659 1504 701 1548 ex
723 1482 786 1549 Dei
814 1485 952 1568 imperio
981 1485 1156 1568 quidquam
1179 1483 1232 1549 vol
1254 1484 1350 1549 mini·
1400 1483 1655 1550 commendanda
1675 1482 1768 1548 verbi
1789 1481 1942 1562 efficacia,
1963 1482 2048 1565 quod
2066 1491 2158 1548 tanta
2174 1485 2374 1568 promptitu-

374 1588 464 1633 mum
495 1567 631 1634 delibet:
660 1569 716 1633 sed
745 1568 821 1652 quia
849 1568 899 1635 sol
936 1568 1069 1634 dimidio
1101 1569 1181 1635 coeli
1213 1569 1350 1635 circuitu
1401 1569 1477 1636 dine
1499 1589 1600 1653 aquae
1622 1567 1810 1645 exaudiunt,
1841 1577 1878 1632 ιιι
1895 1577 2042 1633 mortuae
2063 1569 2097 1632 in
2116 1590 2153 1635 se
2169 1570 2249 1653 ipsis
2279 1572 2371 1636 vivos

376 1651 463 1717 diem
485 1653 656 1737 gubernat,
680 1661 713 1718 et
734 1663 862 1720 noctem
885 1655 1027 1721 vicissim
1051 1655 1138 1733 luna,
1162 1653 1234 1719 ideo
1255 1674 1349 1739 prae-
1401 1654 1505 1721 foetus
1534 1653 1641 1720 subito
1669 1652 1836 1718 ebulliant.
1890 1652 2083 1736 Quanquam
2116 1653 2189 1738 plus
2218 1658 2376 1737 exprimit

374 1737 535 1805 facturam
557 1737 622 1804 illis
644 1739 802 1805 attribuit.
843 1740 915 1805 Imo
937 1740 1035 1804 talem
1058 1740 1146 1804 huno
1168 1761 1238 1806 esse
1258 1741 1348 1824 prin·
1400 1740 1527 1818 Moses,
1556 1739 1698 1823 quotidie
1720 1739 1843 1805 scilicet
1862 1759 1903 1804 ex
1925 1739 2017 1820 aquis
2039 1739 2198 1804 scaturire
2220 1741 2374 1806 innume·

375 1825 518 1907 cipetum
530 1825 784 1902 meminerimus,
806 1834 844 1889 nt
867 1824 1142 1890 solnibilnminus
1159 1826 1204 1890 sit
1225 1845 1349 1905 servus
1401 1846 1454 1891 ros
1476 1827 1595 1909 pisces,
1624 1827 1700 1908 quia
1729 1844 1857 1907 semper
1885 1825 1994 1908 vigeat
2015 1824 2070 1890 ille
2091 1824 2157 1890 Dei
2178 1846 2286 1890 senno
2309 1849 2374 1910 quo

376 1917 469 1975 utet
495 1909 576 1974 luna
605 1910 733 1976 ancilla.
776 1909 910 1975 Interea
937 1911 1079 1976 facessat
1100 1911 1248 1976 Platonis
1270 1909 1350 1976 deli·
1400 1911 1499 1977 semel
1523 1910 1556 1975 id
1578 1910 1754 1975 mandavit.

376 1995 482 2095 rium,
497 1997 550 2078 qui
573 1994 676 2094 stellis
703 1997 864 2094 rationem
885 2009 1094 2096 mentemque
1110 1996 1244 2081 affingit
1277 1995 1351 2064 Hac
1486 1995 1794 2077 carlemannus
1846 1991 1935 2096 Qnid
1959 1995 2067 2095 valeat
2095 1997 2157 2062 ista
2179 1996 2374 2078 benedictio,

375 2081 743 2232 :tfflllllsttttlt
757 2080 1252 2250 ‘tlttllttlttttltt
1274 2081 1352 2251 {ll
1401 2081 1664 2250 :latita
1693 2079 2376 2249 ltttnltttttttttttlttt

375 2251 449 2316 illos
477 2251 577 2316 habet
603 2251 707 2317 veluti
734 2250 880 2317 addictos
905 2251 966 2318 sibi
989 2253 1129 2339 aurigas,
1160 2253 1217 2335 qui
1239 2253 1350 2318 lumen
1401 2260 1568 2336 expetunt.
1612 2251 1783 2318 Benedicit
1811 2270 1888 2336 ergo
1917 2271 2016 2332 quum
2039 2254 2153 2336 augeri
2175 2263 2208 2317 et
2229 2275 2375 2320 creseere

375 2336 542 2403 advehant
564 2337 702 2419 tempori
724 2357 916 2422 congruum.
1401 2339 1505 2402 iubet:
1528 2338 1590 2402 hoc
1612 2347 1672 2414 est,
1695 2335 1946 2402 foecunditatem
1970 2337 2036 2402 illis
2059 2339 2158 2403 verbo
2179 2359 2239 2404 suo
2260 2339 2373 2405 infun-

462 2422 513 2486 20.
543 2419 663 2504 Rapere
689 2421 813 2504 sociata
846 2443 947 2504 oquae
969 2421 1085 2504 reptile.
1139 2421 1204 2489 Die
1237 2424 1351 2507 quinto
1401 2421 1458 2488 dit.
1504 2421 1569 2490 Sed
1588 2421 1719 2488 videtur
1738 2423 1888 2506 ineptum
1909 2421 2082 2505 essequod
2103 2423 2196 2489 Deus
2217 2426 2376 2508 pisceset

376 2517 526 2574 creantur
549 2524 626 2572 aves
644 2515 678 2571 et
699 2508 812 2590 pisces.
846 2507 990 2573 Additur
1011 2507 1075 2574 Dei
1097 2507 1287 2587 benedictio,
1316 2519 1352 2576 ut
1402 2507 1532 2592 reptilia
1553 2507 1743 2590 alloquitur:
1773 2507 1966 2591 respondeo,
1993 2529 2058 2572 non
2081 2509 2182 2573 alium
2203 2511 2305 2576 fuisse
2327 2513 2377 2576 lo-

376 2591 517 2659 sobolem
545 2613 587 2656 ex
616 2612 651 2657 se
673 2602 853 2676 procreent.
891 2592 968 2660 Alia
995 2593 1049 2660 hic
1071 2603 1122 2660 ost
1144 2597 1351 2678 propagatio-
1402 2593 1521 2676 quendi
1549 2593 1682 2659 modum
1717 2613 1815 2675 quam
1850 2612 1912 2675 quo
1944 2593 2051 2676 potuit
2082 2594 2233 2680 intelligi.
2288 2597 2377 2662 Nam

374 2679 428 2744 nis
449 2679 532 2744 ratio
553 2697 651 2761 quum
671 2680 707 2743 in
718 2677 830 2744 herbis
851 2686 886 2744 et
894 2678 1079 2745 arboribus:
1101 2699 1178 2745 nam
1199 2680 1245 2745 ibi
1264 2681 1350 2746 fruc-
1402 2683 1470 2744 vim
1500 2680 1594 2744 verbi
1622 2698 1704 2761 quae
1732 2678 1856 2744 diremu
1883 2677 1947 2743 init
1972 2677 2013 2743 ad
2062 2680 2153 2760 isoes
2181 2701 2250 2746 non
2273 2681 2378 2748 fnisse

378 2764 520 2829 tifieandi
543 2765 637 2848 vigor
658 2764 692 2829 in
710 2765 843 2848 plantis,
861 2764 1067 2848 germinandi
1089 2765 1125 2831 in
1146 2767 1280 2844 semine,
1298 2766 1351 2833 hie
1400 2765 1582 2842 evanidam,
1605 2765 1865 2848 experimentum
1892 2764 1999 2846 ipsum
2050 2773 2134 2831 ocet:
2163 2769 2242 2848 quin
2265 2769 2377 2850 potins

376 2860 485 2914 autem
509 2850 685 2932 generatio.
715 2849 788 2916 Hoc
805 2857 917 2915 umen
939 2851 1060 2914 rationi
1082 2849 1213 2916 videtur
1233 2871 1349 2936 parum
1401 2858 1557 2934 concepta
1573 2853 1608 2915 in
1626 2869 1740 2915 eorum
1758 2860 1877 2914 natura
1901 2849 2025 2916 radices
2046 2853 2114 2936 egit
2137 2872 2220 2934 quae
2244 2854 2377 2919 assidue

376 2943 642 3012 consentaneum,
674 2933 759 3018 quod
781 2953 858 3000 aves
879 2935 979 3001 refert
999 2935 1158 3020 prodiisse
1180 2957 1222 3001 ex
1244 2937 1349 3020 aquis:
1397 2936 1603 3003 fructificant

374 3019 512 3102 ideoque
541 3020 581 3085 ab
609 3018 797 3086 bominibus
824 3021 952 3086 nasutis
981 3021 1137 3106 arripitur
1164 3021 1205 3087 ad
1227 3023 1350 3089 calum·
1486 3021 1537 3088 24.
1563 3019 1721 3086 Producat
1741 3025 1833 3086 terro
1873 3019 2051 3087 Descendit
2071 3020 2113 3085 ad
2135 3029 2265 3088 sextum
2287 3022 2376 3088 diem

374 3107 475 3171 niam.
509 3105 634 3169 Verum
656 3106 784 3172 etiamsi
806 3106 898 3171 nulla
919 3107 983 3172 alia
1004 3108 1087 3172 ratio
1109 3115 1272 3174 constaret
1287 3109 1349 3176 nisi
1401 3127 1466 3192 qno
1487 3113 1596 3173 creata
1616 3114 1695 3171 sunt
1716 3105 1880 3186 animalia,
1902 3115 1936 3170 et
1958 3105 2074 3171 deinde
2094 3105 2200 3172 homo.
2245 3109 2376 3174 Produ-

375 3190 462 3276 qnod
484 3191 530 3256 ite
549 3191 621 3256 Deo
645 3190 779 3338 placuit,
802 3209 910 3257 annon
932 3190 1066 3258 decebat
1093 3213 1153 3258 nos
1174 3194 1244 3258 eius
1265 3193 1350 3259 iudi·
1401 3201 1463 3270 cat,
1486 3192 1601 3276 inquit,
1624 3200 1713 3256 terra
1733 3192 1931 3256 animantes:
1959 3191 2015 3258 sed
2045 3192 2133 3257 undo
2154 3193 2223 3258 vita
2244 3203 2377 3260 mortuo

374 3277 424 3343 cio
441 3276 644 3361 acquiescere
689 3277 759 3342 flur
778 3277 808 3342 ei
829 3277 944 3360 quiex
962 3277 1066 3342 nihilo
1083 3278 1244 3343 mundum
1262 3301 1351 3346 crea·
1401 3279 1586 3344 elemento'f
1630 3276 1721 3360 Ergo
1751 3298 1817 3343 non
1846 3277 1956 3342 minus
1976 3279 2011 3341 in
2034 3277 2096 3343 hac
2118 3289 2211 3360 parte
2231 3281 2378 3347 miracu-

372 3363 433 3441 vit,
456 3381 522 3427 non
543 3359 653 3432 licebit
674 3380 750 3426 aves
771 3383 813 3428 ex
835 3383 919 3446 aqua
938 3361 1097 3430 educere?
1118 3363 1165 3429 Iit
1185 3364 1273 3449 quid,
1294 3367 1351 3431 ob-
1401 3364 1470 3430 lum
1492 3383 1590 3447 quam
1612 3363 1641 3428 si
1662 3361 1755 3428 Deus
1783 3382 1894 3428 creare
1922 3383 1964 3427 ex
1986 3362 2089 3428 nihilo
2111 3365 2269 3446 coepisset
2290 3387 2377 3449 quae

374 3468 474 3527 scaro,
498 3447 597 3512 habet
617 3445 788 3513 absurdius
809 3444 900 3532 origo
922 3448 1033 3514 avium
1054 3468 1096 3514 ex
1119 3470 1221 3532 aqua,
1251 3471 1350 3534 quarn
1400 3471 1442 3516 ex
1464 3457 1553 3514 terra
1573 3447 1704 3531 prodire
1723 3448 1824 3514 iubet.
1853 3447 1922 3514 Nec
1939 3468 2018 3512 vero
2035 3469 2079 3514 ex
2098 3460 2184 3514 terra
2200 3453 2377 3518 materiam

374 3535 457 3601 lucis
479 3553 521 3598 ex
543 3531 709 3600 tenebris?
753 3532 842 3616 Ergo
870 3533 926 3618 qni
955 3535 1096 3600 creatori
1123 3536 1169 3601 sic
1198 3546 1350 3618 proterve
1400 3535 1510 3614 sumit,
1539 3535 1632 3618 quasi
1660 3531 1820 3618 indigeat,
1849 3532 1908 3599 sed
1928 3542 1967 3599 ut
1982 3533 2100 3598 melius
2121 3536 2283 3601 consociet
2303 3537 2377 3602 sin·

373 3620 544 3699 insultant,
566 3617 705 3686 iudicem
724 3627 916 3703 exspectent
931 3621 986 3702 qui
1008 3639 1064 3685 eos
1081 3620 1116 3684 in
1138 3620 1278 3686 nihilum
1298 3643 1349 3688 re-
1399 3621 1494 3706 gnlaa
1530 3619 1645 3684 mundi
1678 3629 1790 3703 partes
1825 3640 1898 3685 cum
1932 3619 2002 3702 ipso
2030 3619 2195 3685 universo.
2248 3621 2378 3702 Quaeri

373 3704 472 3790 digat.
524 3703 722 3787 Quanquam
759 3703 961 3789 siphysiois
990 3705 1172 3771 rationibus
1200 3727 1349 3792 pugnan-
1399 3716 1510 3771 tamen
1538 3715 1645 3788 potest
1677 3725 1738 3770 cur
1769 3725 1835 3771 non
1872 3707 1926 3770 hio
1955 3724 2081 3788 quoque
2112 3703 2376 3773 benedictionem

374 3791 454 3856 dum
481 3789 541 3870 sit,
575 3809 690 3873 aquam
728 3791 849 3854 scimus
885 3790 953 3856 aeri
982 3790 1088 3874 magis
1117 3791 1249 3857 affinem
1279 3813 1349 3859 esse
1399 3811 1492 3857 suam
1512 3789 1682 3872 adiungat:
1704 3789 1893 3874 respondeo,
1915 3790 2000 3876 quod
2019 3809 2119 3874 supra
2135 3793 2170 3854 in
2193 3793 2292 3856 simili
2315 3814 2376 3860 ex-

374 3895 474 3960 quam
501 3875 546 3940 sit
573 3885 670 3940 terra.
722 3872 790 3941 Sed
819 3873 999 3942 audiendus
1027 3885 1078 3942 est
1105 3877 1213 3960 potius
1237 3876 1349 3944 doctor
1399 3877 1517 3962 pressit
1554 3876 1684 3952 Moses,
1730 3877 1784 3942 hic
1819 3883 1947 3960 quoque
1986 3875 2246 3942 subaudiendum
2290 3899 2376 3961 esso,

373 3961 493 4039 Moses,
522 3961 578 4044 qui
607 3982 648 4026 ex
677 3961 935 4027 consideratione
967 3982 1100 4046 operum
1129 3961 1195 4028 Dei
1223 3983 1283 4030 nos
1313 3966 1348 4029 in
1400 3963 1528 4028 tametsi
1550 3962 1591 4026 ad
1613 3960 1751 4026 verbum
1769 3981 1834 4027 non
1857 3969 1991 4046 repetat.
2022 3961 2107 4028 Dico
2129 3970 2306 4046 praeterea,
2331 3965 2377 4030 ad

374 4044 622 4112 admirationem
661 4064 776 4128 rapere
814 4046 925 4112 voluit.
988 4047 1033 4112 Et
1070 4067 1150 4114 sane
1184 4047 1348 4117 Dominus
1399 4068 1469 4113 eam
1499 4066 1569 4113 rem
1602 4047 1780 4113 notandam
1812 4049 1960 4113 sufficere
1996 4045 2082 4130 quod
2120 4047 2214 4112 iuxta
2246 4051 2376 4132 species

372 4132 522 4218 quamvis
551 4139 687 4197 naturae
714 4141 809 4196 autor
838 4133 890 4208 sit,
920 4133 1056 4198 minime
1084 4140 1194 4198 tamma
1216 4135 1253 4199 in
1276 4157 1347 4202 cre·
1399 4132 1529 4200 condita
1555 4132 1656 4198 fnisse
1686 4131 1843 4198 animalia
1870 4133 1980 4199 Moses
2008 4133 2123 4198 refert:
2155 4153 2232 4197 nam
2263 4134 2377 4202 distri·

373 4215 458 4282 ando
481 4216 602 4281 mundo
631 4225 784 4282 naturam
806 4217 920 4283 ducem
947 4228 1104 4302 sequutus
1125 4230 1190 4283 est:
1212 4219 1270 4284 sed
1291 4241 1347 4304 po-
1398 4219 1488 4284 butio
1510 4218 1590 4283 haec
1611 4217 1733 4300 aliquid
1753 4217 1869 4284 stabile
1891 4219 1957 4284 iam
1974 4239 2084 4284 secum
2107 4218 2265 4285 trahebat.
2299 4221 2377 4287 imo

375 4303 442 4366 tius
468 4321 506 4366 aa
528 4303 693 4385 potentiae
719 4323 798 4368 suae
819 4303 1014 4369 documenta
1031 4303 1127 4369 edere
1143 4303 1249 4370 voluit
1264 4326 1348 4390 quae
1399 4304 1507 4388 colligi
1546 4303 1623 4369 inde
1655 4311 1763 4386 potest
1801 4304 1939 4389 singulis
1978 4302 2172 4368 animalibus
2210 4304 2375 4372 inclusam

373 4408 432 4453 nos
455 4387 489 4450 in
512 4396 566 4452 stu
610 4407 681 4453 rem
703 4396 865 4471 cogerent.
1395 4391 1497 4456 baisse
1525 4389 1677 4455 sobolem.
1727 4388 1892 4469 Quorsum
1919 4390 2006 4454 enim
2028 4389 2161 4472 species,
2191 4390 2256 4456 nisi
2278 4402 2315 4455 ut
2337 4413 2376 4458 se

461 4473 513 4538 21.
570 4473 721 4538 tormuit.
752 4471 927 4539 Suboritur
948 4471 1002 4538 hic
1020 4474 1165 4556 quaestio
1187 4494 1229 4540 ex
1249 4477 1348 4544 verbo
1398 4473 1568 4541 individua
1589 4475 1771 4560 generatim
1792 4473 2030 4558 multiplicent?

374 4556 516 4624 creandi.
569 4557 668 4623 Prius
697 4558 783 4624 enim
815 4579 856 4623 ex
885 4557 988 4623 nihilo
1013 4558 1134 4625 factum
1157 4581 1228 4626 esse
1249 4581 1348 4626 mun·
1485 4561 1671 4626 Iumentum.
1696 4558 1838 4642 Quidam
1856 4581 1896 4626 ex
1907 4558 2068 4626 Hebraeis
2089 4560 2175 4626 inter
2185 4561 2380 4629 iumentum

375 4645 453 4708 dum
475 4642 718 4722 contendimus,
748 4644 825 4728 quia
849 4661 978 4710 creatus
1007 4654 1106 4710 esset:
1128 4667 1215 4712 nuuc
1237 4657 1348 4713 autom
1399 4655 1433 4713 et
1455 4645 1593 4712 bestium
1613 4654 1723 4711 terrae
1750 4647 1797 4712 sio
1818 4645 2034 4731 distinguunt,
2056 4645 2198 4711 utillud
2219 4648 2264 4712 sit
2285 4649 2379 4731 qnod

395 4749 458 4793 uas
479 4748 521 4793 ex
545 4728 609 4795 alia
630 4729 768 4794 materia
788 4731 981 4808 formantur,
1004 4730 1113 4796 Moses
1135 4730 1213 4796 dicit
1235 4733 1347 4799 creari.
1398 4731 1501 4798 herba
1530 4731 1690 4814 pasoitur:
1718 4731 1838 4798 bestias
1867 4741 1977 4798 autem
2006 4740 2114 4798 terrae
2141 4741 2261 4798 vocant
2287 4754 2379 4817 qnae

374 4749 441 4895 Qui
464 4813 577 4879 dicunt
597 4835 673 4880 vere
696 4823 728 4880 et
745 4814 876 4900 proprie
898 4825 1022 4880 creatos
1044 4837 1115 4883 essa
1136 4817 1249 4900 pisces,
1270 4819 1349 4902 quia
1399 4838 1530 4885 carnem
1572 4815 1754 4883 comedunt.
1822 4817 1924 4900 Atqui
1957 4817 2122 4882 Dominus
2162 4817 2260 4899 paulo
2298 4831 2380 4902 post

374 4919 477 4983 aquae
499 4897 590 4964 nullo
612 4899 709 4965 modo
732 4898 773 4966 ad
790 4899 1005 4984 procreandos
1026 4901 1113 4985 ipsos
1134 4901 1269 4970 idoneae
1290 4925 1347 4988 ap·
1397 4905 1545 4986 utrisque
1573 4921 1778 4968 communem
1810 4924 1851 4968 ex
1873 4901 1983 4970 herbis
2003 4904 2182 4987 pastionem
2205 4905 2378 4988 assignat:

373 4993 493 5067 tneque
520 4985 652 5066 fuerint,
679 4983 763 5050 nibil
791 5005 891 5071 quam
912 4985 1068 5070 effugium
1091 5007 1129 5052 ca
1153 4994 1239 5054 tant:
1270 5010 1349 5055 nam
1399 4998 1432 5055 et
1459 4987 1579 5073 passim
1609 4989 1641 5052 in
1671 4989 1843 5073 scripturis
1879 4988 2141 5054 animadvertere
2168 4988 2259 5070 licet,
2289 4989 2379 5058 duas

373 5069 499 5135 interea
520 5079 622 5135 staret
641 5069 734 5150 illud,
761 5071 932 5138 materiam
957 5073 1099 5156 priorem
1164 5071 1172 5087 '
1208 5093 1240 5150 a,
1262 5075 1349 5160 quod
1398 5076 1479 5142 istas
1505 5093 1601 5140 voces
1631 5073 1793 5140 confundi.
1850 5073 1920 5158 Ego
1948 5095 2028 5140 voro
2056 5095 2124 5140 non
2149 5074 2259 5140 dubito
2292 5079 2379 5158 quin

373 5155 468 5221 verbi
490 5157 671 5240 proprietas
692 5176 760 5222 non
782 5157 935 5224 admittit.
986 5155 1059 5242 llgo
1089 5178 1167 5224 vero
1197 5156 1239 5224 ad
1267 5180 1349 5245 opus
1399 5161 1523 5236 Moses,
1612 5165 1722 5242 tquam
1759 5159 1933 5225 behemoth
1962 5160 2203 5240 nominaverat,
2230 5161 2379 5230 alterurn

375 5239 438 5306 diei
461 5241 568 5324 quinti
590 5262 656 5308 non
679 5241 842 5326 restringo
861 5241 1075 5308 creationem:
1097 5241 1155 5310 sed
1176 5245 1284 5328 potius
1306 5268 1349 5312 ex
1399 5265 1518 5313 nomen
1536 5245 1692 5329 ponioris
1710 5245 1923 5328 expositionis
1939 5264 2039 5312 causa
2056 5245 2224 5311 addiderit
2257 5245 2378 5330 Rapti-

373 5324 430 5391 illa
456 5326 590 5392 informi
618 5340 652 5394 et
679 5328 816 5396 confusa
841 5347 948 5395 massa
976 5327 1118 5412 pendere
1147 5327 1235 5408 dico,
1264 5351 1348 5416 quae
1399 5331 1444 5397 lia
1463 5329 1518 5396 hio
1538 5329 1686 5414 intellige
1707 5349 1792 5413 quae
1813 5331 1977 5398 terrestris
1998 5337 2075 5396 sunt
2095 5342 2241 5398 namrae
