4962 6192
370 382 436 448 em
1026 378 1397 447 concurramus
1419 383 1467 450 m
1490 379 1705 448 onnnsm.
2312 380 2372 444 ers
2477 351 2478 360 '

373 583 407 636 ct
424 567 617 637 incredulos.
652 567 812 650 Quamvis
830 569 918 634 enim
936 588 1003 633 non
1025 568 1185 634 iuraverit
1205 568 1347 648 Pharao,
1399 583 1431 638 et
1461 569 1596 637 silentes
1620 570 1661 636 ad
1694 568 1859 636 ferendam
1889 568 2096 638 durissimam
2123 568 2318 636 servitutem
2340 591 2371 635 so

374 657 466 722 nefas
489 668 598 721 tamon
621 655 683 721 sibi
706 676 776 720 esse
800 653 887 720 ducit
917 653 1014 720 fidem
1038 655 1078 720 ab
1106 653 1210 718 altero
1237 653 1345 718 datam
1399 665 1562 742 pararent.

374 762 433 808 suo
456 741 593 826 imperio
616 741 741 807 violari.
786 740 895 807 Hodie
918 749 1028 806 autem
1050 741 1097 806 sio
1114 737 1276 805 exstincta
1297 747 1346 804 est
1485 743 1537 810 15.
1569 739 1613 808 Et
1650 742 1796 808 ciderunt
1831 743 1949 825 fratres
1982 739 2104 824 Ioseph.
2160 740 2225 807 Hie
2262 749 2372 808 narrat
2477 773 2478 776 ¹

373 827 409 894 in
432 825 554 892 mundo
577 827 641 892 Dei
674 827 874 912 reverentia,
909 836 947 892 ut
975 826 1041 892 lere
1071 848 1130 909 pro
1159 847 1249 890 mero
1276 825 1346 891 ioco
1399 829 1508 896 Moses
1530 829 1615 894 filios
1634 827 1731 894 Iacob
1754 835 1982 912 postmortem
2004 827 2106 911 patris
2129 828 2244 892 anxios
2265 828 2370 909 luisse,
2477 827 2478 850 ¹

375 913 496 978 ducant
534 913 682 978 homines
723 914 806 978 ultro
846 914 990 994 citroque
1023 911 1083 977 sub
1116 912 1179 977 Dei
1216 912 1347 976 nominc
1399 938 1441 986 ne
1459 913 1578 999 loseph
1600 913 1778 980 vindictam
1800 913 1911 980 illatae
1933 915 1994 980 srbr
2018 912 2156 978 rnruriec
2179 923 2369 995 reposceret.

374 998 497 1065 fallere.
548 997 616 1065 Sed
649 1009 716 1064 tam
749 998 902 1064 effraenis
932 999 1065 1062 licentia
1094 996 1158 1062 Dei
1190 996 1346 1064 iudicium
1398 1000 1494 1066 Unde
1522 1007 1631 1065 autem
1660 998 1713 1063 hie
1742 1010 1864 1078 metus,
1893 999 1957 1064 nisi
1985 1001 2060 1081 quia
2088 1019 2129 1064 ex
2151 1019 2210 1064 suo
2240 1001 2370 1082 1ngonio
2477 1047 2478 1068 ι

374 1105 442 1149 non
470 1085 604 1168 impune
633 1085 784 1168 effugiet,
814 1085 907 1151 euius
930 1083 1028 1150 iudex
1050 1086 1179 1149 futurus
1201 1095 1251 1148 est
1277 1083 1347 1166 ipse
1399 1108 1473 1152 eum
1497 1083 1690 1152 aestimant?
1710 1083 1806 1167 Quod
1829 1094 1896 1149 tam
1915 1083 2107 1167 placabilem
2125 1087 2252 1168 experti
2271 1095 2370 1166 erant,

374 1170 516 1236 Pharao.
1399 1193 1496 1238 verae
1518 1192 1597 1255 erga
1614 1172 1724 1236 Deum
1742 1170 1854 1253 pietati
1872 1190 1941 1234 non
1959 1170 2117 1248 tribuunt,
2141 1193 2201 1238 neo
2218 1179 2370 1254 reputant

462 1256 490 1321 7.
509 1256 553 1321 Et
569 1257 707 1322 ascendit
725 1255 848 1339 Ioseph.
883 1255 1098 1339 Prosequitur
1115 1253 1225 1320 Moses
1244 1261 1346 1318 totam
1398 1257 1564 1342 singulare
1586 1278 1656 1322 csse
1678 1256 1812 1338 spiritus
1830 1257 1967 1322 donum:
1990 1258 2069 1339 quin
2089 1257 2196 1339 potius
2219 1255 2370 1322 divinant

373 1342 561 1425 sepulturae
591 1343 778 1420 historiam,
802 1343 858 1406 ubi
881 1341 965 1425 quod
988 1340 1100 1408 scribit
1121 1338 1161 1403 de
1182 1340 1274 1406 luctu
1297 1361 1346 1404 re·
1399 1345 1467 1408 solo
1489 1343 1592 1426 patris
1619 1352 1767 1424 respectu
1784 1342 1952 1408 hactenus
1981 1343 2080 1408 luisse
2107 1342 2305 1422 cohibitum,
2335 1352 2369 1408 ut

373 1439 495 1494 novato
518 1437 586 1492 tam
609 1449 628 1492 a
649 1428 767 1511 Ioseph
792 1436 823 1490 et
852 1429 1007 1492 iratribus
1030 1447 1128 1508 quam
1151 1424 1191 1489 ab
1215 1431 1347 1510 Acgyp-
1400 1427 1628 1493 tantummodo
1646 1427 1804 1492 ultionem
1823 1427 1978 1494 differret.
2009 1429 2112 1510 Atqui
2130 1439 2197 1493 tam
2216 1450 2369 1511 perverso

374 1513 446 1593 tiis,
476 1514 611 1580 minime
630 1513 716 1596 opud
740 1535 797 1579 nos
820 1514 925 1578 instar
954 1513 1087 1596 regulae
1111 1511 1218 1576 valere
1241 1509 1345 1576 debet.
1399 1513 1518 1580 iudicio
1541 1535 1694 1598 magnam
1723 1513 1877 1578 iniuriam
1901 1514 1931 1578 ei
1953 1513 2094 1592 ¹faciunt,
2123 1514 2179 1598 qui
2202 1522 2268 1579 tam
2292 1514 2368 1580 libe·

374 1599 505 1666 Scimus
534 1601 621 1664 enim
651 1601 726 1682 quia
759 1620 927 1682 nunquam
956 1599 1019 1664 sibi
1049 1597 1234 1662 moderatur
1261 1617 1346 1677 caro,
1398 1601 1510 1665 raliter
1532 1621 1588 1664 ees
1611 1597 1796 1680 tractando,
1829 1601 1976 1665 animum
2004 1621 2100 1665 suum
2129 1600 2221 1665 omni
2243 1600 2318 1665 odio
2340 1611 2369 1666 ct

372 1684 523 1752 homines
554 1692 623 1750 tum
652 1685 791 1750 dolendo
813 1699 881 1750 tum
912 1683 1082 1768 gaudendo
1110 1684 1176 1748 fere
1203 1703 1346 1765 peceare.
1399 1685 1630 1750 malevolentia
1651 1705 1771 1768 purum
1794 1695 1932 1752 testatus
1954 1694 2032 1750 erat.
2077 1685 2117 1750 In
2139 1684 2248 1750 Deum
2273 1689 2368 1752 ctiam

373 1771 443 1836 Nec
466 1792 542 1837 vero
565 1772 713 1836 excusari
744 1780 850 1853 potest
879 1774 1099 1834 tumultuosus
1128 1769 1184 1832 ille
1214 1769 1345 1845 clamor,
1398 1771 1562 1837 redundat
1584 1792 1659 1855 pars
1680 1770 1834 1849 iniuriae,
1864 1772 1955 1838 ouius
1980 1781 2051 1836 rata
2078 1772 2184 1855 gratia
2204 1772 2237 1836 in
2260 1771 2368 1837 modo·

373 1876 470 1939 quem
488 1857 600 1922 mirati
618 1865 694 1922 sunt
713 1857 775 1922 loci
793 1856 928 1922 incolae.
962 1856 1007 1920 Et
1025 1875 1208 1938 quanquam
1228 1854 1347 1936 loseph
1399 1857 1524 1922 ratione
1563 1856 1683 1939 Ioseph
1723 1857 1897 1923 enituerat.
1958 1854 2025 1923 Sed
2063 1857 2140 1924 hino
2179 1857 2368 1942 colligimus,

373 1951 500 2026 septem
523 1943 694 2010 continuos
716 1942 858 2026 lugendo
876 1941 946 2006 dies
963 1949 1088 2007 rectum
1107 1943 1205 2004 finem
1224 1940 1346 2004 habue-
1399 1945 1502 2010 caecis
1532 1942 1761 2026 punctionibus
1790 1942 1912 2008 turbari
1940 1941 2044 2009 malas
2072 1943 2309 2020 conscientias,
2336 1955 2370 2008 ιιι

374 2027 418 2091 rit
451 2026 670 2111 propesitum,
705 2029 785 2094 vitio
816 2035 925 2094 tamen
956 2048 1021 2092 non
1048 2027 1153 2092 caruit
1185 2047 1345 2090 excessus.
1399 2029 1433 2094 in
1457 2030 1544 2094 clara
1564 2029 1634 2094 luce
1657 2029 1849 2111 impingant.
1894 2028 2028 2095 Fratres
2054 2050 2129 2094 suos
2150 2037 2245 2094 reatu
2266 2029 2369 2095 absol·

373 2113 488 2196 Neque
512 2125 620 2179 tamen
643 2114 699 2180 abs
717 2135 753 2178 re
776 2115 880 2179 voluit
898 2112 1061 2178 Dominus
1084 2121 1150 2176 tam
1171 2112 1347 2176 honorifice
1399 2123 1494 2180 verat
1515 2113 1648 2196 Ioseph:
1674 2115 1738 2196 ipsi
1761 2123 1870 2178 cutem
1892 2114 2033 2180 stimulis
2055 2115 2178 2196 peccati
2201 2115 2368 2198 exagitan-

372 2199 472 2264 funus
495 2198 556 2266 hoe
574 2199 744 2266 celebrari:
769 2221 966 2285 magnopore
984 2201 1070 2264 euim
1089 2198 1238 2261 interluit
1256 2197 1348 2280 quasi
1400 2209 1470 2280 tur,
1499 2209 1535 2265 ut
1558 2200 1619 2266 sibi
1646 2209 1763 2282 sponte
1793 2199 1905 2265 inlecti
1934 2201 2010 2266 sint.
2055 2200 2168 2284 Neque
2199 2202 2288 2266 enim
2316 2221 2369 2285 per

373 2285 512 2352 sublime
530 2286 724 2368 trophaeum
743 2286 833 2370 erigi,
852 2284 939 2370 quod
954 2283 1142 2349 memoriam
1161 2283 1237 2349 fidei
1250 2283 1347 2352 Iacob
1400 2307 1454 2352 eos
1476 2287 1566 2352 stetit
1588 2285 1762 2369 quominus
1784 2305 1931 2368 poenam,
1955 2307 2037 2369 quae
2055 2289 2191 2352 remissa
2208 2297 2289 2365 erat,
2312 2287 2370 2353 sibi

374 2370 415 2436 ad
438 2383 585 2454 posteros
610 2394 710 2454 usque
729 2373 974 2436 transmitteret.
1012 2369 1048 2436 Si
1066 2369 1148 2435 olam
1167 2379 1200 2433 et
1222 2367 1347 2452 plebeio
1399 2379 1618 2440 accerserent:
1659 2371 1736 2454 quia
1774 2372 1891 2436 merito
1925 2371 2065 2438 ulcerari
2099 2371 2208 2455 potuit
2239 2373 2368 2440 animus

374 2477 464 2522 more
483 2457 599 2522 luisset
615 2458 772 2540 sepultus,
792 2457 941 2541 protinus
959 2457 1121 2521 exstincta
1140 2465 1226 2519 esset
1247 2455 1345 2518 lama:
1399 2458 1518 2540 loseph
1541 2458 1672 2522 illorum
1695 2456 1884 2523 diffidentia.
1918 2455 2007 2538 Quid
2028 2459 2113 2522 enim
2133 2458 2196 2524 hoc
2216 2459 2278 2526 sibi
2301 2459 2368 2524 vult

374 2563 462 2609 nunc
484 2564 579 2620 vero,
602 2543 665 2608 nisi
688 2543 764 2608 data
786 2563 882 2624 opera
906 2543 1102 2620 caecutiant,
1131 2541 1259 2606 assidue
1280 2541 1346 2607 illis
1399 2545 1482 2627 quod
1512 2544 1612 2608 vitam
1636 2541 1739 2608 biset
1762 2551 1811 2608 tor
1839 2544 1908 2608 eius
1936 2543 2177 2610 misericordiae
2207 2543 2366 2623 debentes,

373 2639 449 2694 ante
468 2629 577 2694 oeulos
597 2637 747 2694 versatur
765 2629 873 2714 pobile
891 2628 1121 2711 spectaculum,
1144 2627 1229 2709 quod
1252 2647 1345 2711 spem
1398 2629 1504 2696 adhuc
1523 2629 1666 2718 maligne
1677 2625 1862 2711 suspectum
1881 2629 2026 2696 habent?
2045 2630 2115 2696 Nee
2133 2641 2244 2694 tamen
2259 2629 2367 2695 dubito

372 2713 584 2780 baereditatis
608 2716 786 2796 promissae
809 2715 933 2779 loveat:
962 2713 1119 2778 vexillum
1143 2713 1234 2795 quasi
1258 2733 1345 2778 eree·
1398 2716 1477 2798 quin
1490 2715 1616 2798 pridem
1633 2714 1948 2798 resipuissentasuo
1966 2715 2103 2782 scelere:
2123 2715 2179 2782 sed
2192 2717 2269 2798 quia
2287 2717 2367 2780 forte

372 2811 442 2865 tum
476 2812 618 2867 cernunt
650 2802 777 2866 futurae
817 2800 1018 2865 liberationis
1053 2799 1109 2865 ubi
1147 2797 1345 2883 completum
1398 2800 1544 2867 nondum
1568 2801 1647 2866 satis
1674 2801 1807 2886 purgati
1835 2810 1945 2881 erant,
1975 2802 2031 2866 tali
2060 2802 2225 2868 anxietate
2246 2810 2280 2865 et
2303 2823 2367 2866 mo-

372 2886 471 2950 luerit
500 2897 637 2970 tempur.
683 2885 795 2968 Quare
823 2907 889 2951 non
911 2893 978 2950 tam
1002 2885 1056 2950 bio
1078 2885 1274 2968 spectandus
1296 2895 1347 2949 est
1397 2887 1492 2952 lestis
1514 2886 1658 2970 torqueri
1677 2907 1792 2970 passus
1810 2895 1859 2952 est
1877 2884 2050 2966 Dominus,
2073 2896 2111 2952 ut
2129 2887 2202 2952 aliis
2219 2888 2367 2973 exemplo

372 2971 479 3038 honor
500 2973 620 3038 mortui
639 2994 736 3056 quam
757 2974 906 3039 vivorum
929 2971 1063 3036 utilitas.
1099 2970 1171 3034 Imo
1188 2968 1344 3054 Aegyptii
1397 2982 1521 3052 essent,
1555 2972 1676 3038 malam
1709 2971 1937 3039 conscientiam
1967 2972 2031 3039 sibi
2063 2994 2134 3039 esso
2166 2974 2366 3040 carnificem:

372 3057 480 3141 ignari
516 3058 593 3140 quid
623 3061 739 3140 agant,
770 3059 871 3123 lacem
901 3057 1090 3140 praeferunt
1111 3055 1271 3122 Israelitis
1304 3054 1345 3121 ad
1398 3057 1531 3136 deinde,
1561 3067 1597 3124 ut
1624 3079 1706 3123 novo
1729 3059 1843 3141 eulpae
1865 3079 1944 3123 suae
1967 3080 2066 3124 sensu
2088 3080 2143 3126 eos
2164 3060 2365 3126 humiliaret:

371 3144 550 3208 tenendum
575 3145 751 3210 vocationis
774 3143 903 3208 divinae
924 3163 1071 3208 cursum:
1106 3141 1191 3207 idem
1220 3141 1344 3208 faciunt
1397 3167 1473 3209 nam
1502 3165 1602 3227 quum
1632 3144 1726 3209 fratri
1749 3165 1783 3210 sc
1805 3144 1961 3210 obnoxios
1983 3145 2118 3224 sistant,
2146 3145 2284 3212 coeleste
2307 3145 2367 3211 Dei

373 3229 574 3309 Chananaoi,
593 3229 670 3296 dum
689 3229 795 3296 locum
813 3250 899 3295 novo
916 3231 1048 3294 nomine
1065 3227 1248 3292 illustrant:
1267 3247 1344 3292 nam
1398 3229 1555 3310 tribunal,
1578 3229 1641 3294 nisi
1663 3229 1737 3313 plus
1760 3251 1855 3312 quam
1879 3230 2001 3313 stupidi
2025 3231 2109 3308 sint,
2133 3230 2282 3297 oblivisci
2304 3253 2366 3296 non

372 3313 449 3381 bine
468 3315 655 3382 factumest
674 3325 711 3382 ut
733 3316 892 3382 recentior
914 3315 1041 3399 vigeret
1063 3311 1185 3398 agnitio
1208 3312 1345 3380 foederis
1397 3317 1481 3382 lieet.
1519 3314 1674 3394 Quotidie
1696 3312 1843 3382 videmus
1860 3315 1990 3400 impleri
2012 3316 2097 3400 quod
2116 3315 2196 3383 dicit
2214 3316 2367 3383 Salomon

369 3399 518 3468 Domini.
1398 3401 1509 3488 (Prov.
1528 3401 1579 3478 28,
1600 3400 1641 3488 1),
1660 3409 1696 3466 ιιι
1707 3401 1831 3468 seilicet
1847 3401 1978 3486 impius,
1995 3403 2128 3468 nemine
2146 3411 2367 3486 persequente,

459 3488 509 3553 14.
533 3486 577 3554 Et
604 3507 749 3554 reversas
777 3492 821 3554 est
843 3485 963 3569 Ioseph.
1009 3484 1204 3569 Quanquam
1228 3484 1346 3568 Ioseph
1398 3489 1517 3572 fugiat:
1548 3485 1606 3554 sed
1629 3489 1676 3552 ita
1699 3485 1790 3554 Deus
1811 3485 1852 3552 ad
1874 3487 2075 3554 reddendam
2104 3490 2264 3555 rationem
2286 3491 2366 3574 lugi·

371 3582 405 3639 et
427 3574 544 3658 reliqui
567 3573 671 3640 multa
692 3574 829 3656 pignora
850 3573 883 3637 in
903 3577 1053 3658 Aegypto
1076 3572 1286 3654 reliquerant,
1308 3580 1347 3636 ut
1398 3575 1484 3639 tivos
1505 3573 1602 3658 cogit.
1649 3572 1816 3656 Cuperent
1837 3571 1955 3657 supino
1975 3595 2034 3643 sue
2057 3583 2187 3658 torpore
2209 3584 2276 3642 tam
2298 3577 2368 3641 Deo

370 3662 494 3726 reverti
515 3679 646 3726 neeesse
665 3656 773 3738 fuerit,
799 3659 952 3726 credibile
971 3669 1080 3723 tamen
1099 3668 1149 3723 est
1166 3658 1270 3740 magis
1281 3655 1347 3722 Dei
1398 3681 1496 3743 quam
1522 3657 1712 3724 hominibus
1740 3657 1893 3724 illudere:
1924 3668 1957 3725 ct
1986 3661 2214 3728 obstinationis
2241 3663 2367 3740 callum,

371 3747 502 3813 oraculo
526 3745 604 3811 illue
626 3745 726 3810 fuisse
749 3753 915 3810 retractos.
958 3744 1072 3826 Neque
1094 3744 1181 3808 enim
1202 3765 1346 3826 unquam
1398 3756 1558 3828 quantum
1579 3745 1615 3810 in
1633 3766 1668 3810 se
1686 3755 1744 3822 cst,
1767 3743 1917 3810 cordibus
1939 3747 2008 3812 suis
2030 3746 2212 3813 obducunt:
2234 3749 2367 3825 interea,

372 3833 520 3916 permisit
538 3831 629 3896 Deus
647 3830 757 3896 sedern
776 3832 908 3896 arbitrio
927 3851 985 3896 suc
1004 3829 1139 3914 eligere:
1159 3826 1215 3893 scd
1234 3850 1345 3910 quem·
1399 3831 1504 3897 velint
1532 3830 1651 3906 nolint,
1681 3829 1847 3913 trepidant
1869 3829 1909 3895 ad
1940 3832 2114 3915 strepitum
2136 3834 2205 3898 lolii
2227 3832 2367 3900 cadentis

373 3918 548 3984 admodum
579 3918 670 3999 prius
693 3917 878 3993 Abraham,
901 3917 995 3981 Isaac
1022 3923 1056 3980 et
1083 3915 1181 3980 Iacob
1208 3915 1345 3980 eircum-
1399 3916 1506 4004 (Levi.
1534 3917 1592 3992 26,
1620 3914 1691 4003 36),
1721 3937 1763 3982 ne
1792 3916 1854 3982 Dei
1888 3916 2044 3984 iudicium
2079 3917 2207 3985 aboleat
2237 3939 2367 3986 securus

373 4016 501 4088 egerat,
531 4004 579 4068 ita
606 4024 719 4067 eorum
748 4002 833 4068 lilios
855 4002 889 4068 in
912 4012 1000 4067 terra
1022 4002 1134 4067 Gosen
1156 4000 1249 4065 velut
1271 4022 1346 4067 ean·
1399 4003 1506 4069 earnis
1538 4013 1656 4085 torpor.
1712 4001 1806 4066 Nihil
1838 4002 2017 4086 tranquilla
2050 4012 2160 4071 mente
2196 4005 2368 4090 optabilius

373 4090 464 4157 cellis
493 4089 637 4155 inclusos
667 4089 781 4153 tenuit.
826 4089 893 4153 Nec
923 4108 1001 4153 vero
1030 4085 1163 4152 dubium
1194 4095 1243 4150 est
1269 4088 1347 4170 quin
1400 4097 1462 4154 cst:
1485 4088 1546 4153 hoo
1563 4088 1721 4171 singulari
1741 4089 1834 4166 bone,
1857 4090 1941 4171 quod
1964 4088 2004 4154 ab
2026 4090 2178 4157 omnibus
2198 4091 2367 4175 expetitur,

372 4175 476 4242 saneti
499 4183 610 4256 patres
631 4175 798 4240 oraculum
821 4173 919 4252 illud,
947 4173 1033 4256 quod
1056 4193 1126 4255 cap.
1151 4171 1201 4248 15,
1225 4173 1266 4236 13
1289 4172 1347 4238 ha·
1400 4175 1477 4240 dnm
1500 4175 1672 4240 sceleratos
1694 4175 1804 4256 privat
1825 4172 1932 4252 Deus,
1956 4173 1997 4240 ad
2019 4175 2240 4260 integritatem
2261 4177 2367 4242 colen-

374 4261 519 4339 buimus,
559 4259 645 4326 fideli
685 4259 831 4326 custodia
871 4267 1038 4324 servatum
1072 4261 1177 4323 instar
1213 4259 1347 4342 pretiosi
1400 4260 1546 4325 damnes
1564 4261 1691 4326 invitat.
1721 4259 1922 4326 Praesertim
1941 4282 2030 4340 vero,
2049 4283 2148 4346 quum
2168 4261 2368 4346 patriarchae

374 4347 519 4412 thesauri
541 4346 617 4411 filiis
640 4345 839 4428 reliquerint.
873 4344 1026 4410 Redeunt
1042 4344 1144 4429 igitur
1162 4345 1195 4408 in
1214 4343 1347 4429 Aegyp·
1399 4347 1467 4412 iam
1499 4347 1548 4410 sui
1581 4345 1713 4412 sceleris
1744 4346 1946 4428 poenitentia
1978 4347 2102 4426 affecti,
2136 4359 2209 4431 post
2235 4349 2366 4432 longum

373 4442 444 4500 tum
473 4453 538 4496 non
567 4441 695 4498 tantum
725 4433 888 4514 praesenti
919 4432 1110 4496 necessitate
1139 4431 1258 4506 coacti,
1292 4431 1348 4496 sed
1401 4441 1510 4496 tamen
1549 4440 1677 4516 tompus
1717 4440 1783 4496 tam
1823 4429 1949 4497 duriter
1991 4435 2229 4518 expergeficnt,
2274 4453 2367 4499 nemo

374 4521 450 4602 quia
479 4521 592 4602 iugum
622 4518 685 4583 Dei
714 4539 813 4582 manu
847 4517 1028 4584 cervicibus
1061 4515 1129 4581 suis
1160 4517 1347 4598 impositum
1401 4527 1548 4582 nostrum
1577 4517 1638 4584 sibi
1665 4517 1850 4600 indulgeat:
1884 4517 1940 4584 sed
1968 4539 2003 4584 se
2032 4519 2168 4602 quisque
2199 4521 2369 4604 diligenter

374 4613 526 4670 excutere
548 4604 598 4669 fas
620 4624 686 4668 nou
708 4615 765 4670 est.
803 4602 899 4683 Quod
919 4604 946 4668 si
966 4625 1033 4667 nou
1056 4622 1168 4667 onrnes
1186 4602 1349 4668 Dominus
1401 4605 1579 4682 examinet,
1613 4625 1654 4668 ne
1687 4603 1868 4687 hypocrisis
1899 4624 2019 4670 areana
2050 4605 2120 4671 irae
2153 4606 2217 4672 Dei
2247 4607 2368 4690 spicula

374 4691 560 4756 voluntario
594 4687 748 4772 obsequio
781 4689 949 4754 devinctos
975 4690 1037 4755 sibi
1060 4687 1191 4766 habuit,
1223 4701 1349 4754 mentes
1401 4691 1490 4755 intus
1518 4690 1642 4755 foveat:
1672 4691 1728 4754 sed
1758 4688 1908 4756 cordibus
1929 4691 2048 4756 nostris
2070 4691 2113 4756 ad
2134 4691 2294 4775 liquidum
2316 4691 2366 4756 ds·

375 4786 487 4840 temen
509 4775 669 4841 continuit
689 4776 825 4841 occultis
847 4774 999 4856 habenis,
1022 4796 1062 4839 ne
1085 4796 1119 4840 se
1142 4775 1205 4840 alio
1228 4774 1348 4840 subdu·
1399 4775 1532 4840 iaceatis
1554 4775 1711 4860 affulgeat
1737 4774 1831 4841 beata
1858 4797 1940 4860 pax,
1970 4775 2023 4842 oui
2045 4775 2152 4842 locum
2174 4777 2294 4862 duplex
2316 4798 2368 4844 cor

375 4873 503 4928 corant:
526 4883 631 4943 neque
654 4871 763 4926 tamen
786 4860 873 4926 aliud
892 4862 1049 4928 coniicere
1067 4860 1142 4926 lieet
1161 4880 1257 4943 quam
1278 4862 1349 4927 eius
1401 4883 1465 4926 non
1487 4860 1643 4927 coneedit.
1689 4861 1780 4926 Haeo
1802 4861 1900 4926 etiam
1921 4862 2009 4927 iusta
2030 4881 2155 4928 merces
2181 4886 2235 4932 eos
2255 4881 2367 4930 omncs

376 4949 494 5013 timere
517 4948 616 5013 luisse
639 4956 795 5024 retentos,
818 4969 860 5012 ne
883 4948 922 5013 de
945 4948 1118 5031 tyrannica
1140 4949 1349 5030 oppressione
1400 4957 1512 5011 manet
1534 4947 1589 5028 qui
1613 4947 1653 5012 ad
1674 4947 1781 5012 Deum
1803 4947 1929 5014 sincere
1951 4959 1984 5012 et
2007 4969 2048 5012 ox
2069 4950 2178 5014 anime
2200 4972 2263 5015 non
2285 4969 2368 5015 aocc-

376 5032 550 5112 admoniti,
585 5053 668 5115 quae
702 5033 857 5113 instabat,
892 5055 964 5098 eam
998 5035 1141 5118 effugere
1173 5041 1347 5098 tentarent.
1402 5035 1501 5109 (lunt,
1532 5041 1569 5098 ut
1591 5055 1626 5098 se
1655 5031 1697 5096 ad
1727 5032 1867 5098 hominis
1897 5033 2044 5098 mortalis
2072 5034 2228 5100 iudicium
2253 5036 2367 5102 sistere

376 5118 508 5185 Scimus
530 5139 596 5184 non
619 5119 666 5185 ita
687 5130 859 5184 mansueto
882 5119 983 5185 fuisse
1005 5120 1145 5202 ingenio,
1169 5117 1248 5200 quin
1272 5119 1347 5183 sub·
1401 5127 1568 5202 cogantur.
1614 5118 1725 5198 Quare
1753 5139 1819 5182 non
1841 5119 1905 5183 alia
1928 5129 1976 5186 est
2004 5120 2103 5199 ratio,
2132 5143 2215 5203 quae
2240 5143 2300 5186 nos
2321 5123 2365 5186 in·

377 5205 453 5270 inde
493 5215 606 5270 eontra
653 5206 775 5270 leviora
813 5226 914 5271 onera
954 5206 1170 5271 calcitrarent.
1238 5202 1348 5286 Quare
1401 5203 1589 5287 quietudine
1619 5206 1757 5285 eximat,
1787 5205 1850 5270 nisi
1879 5215 1915 5270 ut
1944 5227 2018 5271 cum
2040 5207 2111 5272 Deo
2136 5207 2307 5274 redeamus
2336 5207 2366 5268 in

375 5291 525 5373 specialis
548 5290 609 5356 hae
629 5290 665 5356 iu
687 5301 779 5375 parte
802 5313 856 5358 eos
878 5292 992 5374 religio
1013 5286 1151 5370 domuit,
1180 5298 1219 5354 ιιι
1247 5290 1349 5374 quieti
1401 5293 1550 5375 gratiam.
1585 5290 1657 5356 Hoc
1675 5289 1854 5357 remedium
1872 5291 2019 5375 quisquis
2037 5304 2231 5374 contemnet,
2245 5294 2367 5360 invitus
2475 5327 2476 5330 ¹
