5022 6192
134 425 174 489 89
790 425 1161 494 COMMENTARIUS
1185 428 1234 492 IN
1256 427 1470 496 GENCSIN.

133 615 273 682 solidam
296 615 339 682 sit
361 614 446 698 quod
464 615 589 682 volant.
632 615 857 702 Hieronymus
879 617 987 696 vertit,
1009 616 1105 683 Reoi-
1267 688 1273 700 ,
1312 658 1320 700 ·.
1334 657 1623 674 ············
1648 619 1714 675 haec
1733 621 1801 674 ultio
1819 620 1892 690 quod
1909 638 1939 676 se
2097 681 2102 694 ,

134 701 218 784 pies:
245 701 434 785 intelligens
463 700 572 767 Deum
598 701 779 768 mercedem
806 703 996 786 promittere
1023 721 1107 785 puro
1265 687 1353 768 ¹¹²d¹P⁰
1371 705 1452 771 ”⁰³¹9
1463 705 1562 744 ΜΒ
1577 689 1728 772 suscipitur
1731 727 1737 752 ⁸
1756 691 1881 792 improtp
1899 692 2021 760 q⁰⁸ml¹⁸

134 794 168 852 et
185 787 332 870 legitime
351 787 462 868 cultui,
479 787 608 870 qualem
631 788 741 872 exigit.
786 787 946 854 Recitatis
968 787 1107 853 aliorum
1183 807 1184 812 ¹
1260 765 1349 826 Μ’
1365 757 1467 811 l⁸u⁸⁰¹⁸
1484 763 1620 829 mmm
1637 765 1734 812 '¹⁰⁸“l
1751 759 1879 828 urnam.)

133 873 322 953 sententiis,
351 895 439 940 nuuc
475 871 556 937 mihi
589 873 685 939 liceat
712 874 858 957 proferre
880 873 966 956 quod
988 873 1104 938 melius
1158 873 1225 940 Sed
1264 874 1410 958 loquutic
1456 878 1558 944 Masis
1600 876 1800 962 singularem
1844 879 2010 964 energiam
2054 900 2133 945 ccu-

133 958 311 1025 oonvenire
337 957 454 1026 iudico.
506 957 617 1023 Primo
647 959 783 1025 verbum
812 973 890 1028 ncta)
914 957 1104 1024 tantundem
1158 961 1257 1024 tinet:
1277 961 1406 1028 Cubare
1425 962 1545 1029 dicitur
1562 974 1740 1046 peccatum,
1761 962 1818 1029 sed
1841 964 1881 1029 ad
1904 965 2003 1030 fores:
2025 987 2135 1049 neque

134 1043 332 1128 valebatque
350 1043 502 1127 acceptio,
520 1045 944 1127 opponiturquereieotioni.
978 1043 1107 1109 Deinde
1159 1047 1247 1110 enim
1269 1047 1421 1130 protinus
1441 1046 1553 1116 iudicii
1575 1056 1667 1115 metu
1689 1057 1859 1131 torquetur
1885 1058 2047 1133 peccator,
2071 1049 2129 1117 sed

134 1129 265 1214 quando
289 1127 328 1195 de
349 1150 386 1194 re
406 1131 551 1196 subiecta
573 1130 714 1196 habetur
733 1150 855 1210 sermo,
878 1130 918 1194 de
939 1129 1107 1196 sacrifieiis
1159 1152 1370 1215 quascunque
1396 1143 1502 1216 potest
1530 1133 1658 1200 delitias
1687 1155 1857 1200 accersens
1894 1135 1936 1201 ad
1962 1159 1996 1202 se
2019 1137 2129 1203 tallon-

135 1215 258 1281 dictnm
290 1216 504 1299 interpretor,
537 1215 622 1300 quod
655 1217 747 1282 Dens
779 1216 837 1281 illa
866 1215 1022 1298 suscipiet
1051 1213 1106 1280 ubi
1160 1217 1248 1296 dum,
1266 1219 1359 1301 quasi
1380 1220 1414 1284 in
1438 1219 1539 1286 libero
1561 1221 1667 1303 spatio
1691 1219 1893 1300 obambulet,
1916 1222 1981 1288 imo
2003 1222 2131 1290 lascivit

134 1303 196 1366 rite
228 1300 338 1366 oblata
364 1302 493 1367 fuerint.
548 1304 739 1386 Agnoscunt
770 1301 941 1368 hebraicae
974 1301 1107 1385 linguae
1159 1313 1315 1386 tanquam
1348 1306 1384 1369 in
1417 1307 1521 1390 pratis
1557 1307 1719 1371 amoenis:
1742 1305 1797 1372 sed
1820 1328 1920 1389 quum
1943 1307 1983 1372 ad
2007 1311 2132 1374 exitum

134 1388 232 1470 periti
264 1386 347 1451 nihil
380 1387 433 1454 hic
466 1408 536 1453 esse
568 1388 621 1454 rel
649 1397 814 1469 coactum,
848 1388 899 1452 vel
922 1408 942 1451 a
963 1387 1107 1472 genuina
1159 1391 1306 1469 venitur,
1340 1390 1408 1456 illic
1439 1402 1616 1474 peccatum
1649 1392 1806 1470 occurrit,
1840 1413 1916 1458 suas
1979 1395 2132 1460 excubias

134 1474 226 1538 verbi
254 1473 492 1557 significatione
523 1481 693 1538 remotum.
736 1473 810 1539 Iam
837 1473 908 1556 ipsa
929 1475 977 1538 rei
1007 1473 1106 1538 series
1159 1493 1275 1558 agens:
1294 1485 1371 1542 tunc
1389 1476 1643 1560 deprehenditur
1661 1477 1866 1556 conscientia,
1886 1498 2021 1560 quaese
2039 1481 2135 1563 prius

134 1558 250 1624 eedem
280 1581 340 1625 nos
369 1559 474 1624 ducit:
497 1558 582 1640 qood
611 1559 806 1641 pronunciet
826 1559 919 1626 Deus
940 1557 1106 1641 repudiari
1156 1561 1295 1627 solutam
1314 1563 1457 1644 putabat,
1470 1573 1503 1627 et
1522 1562 1666 1646 duplices
1683 1583 1795 1628 morae
1813 1585 1935 1647 poenas
1953 1564 2062 1631 solvit.

132 1645 303 1724 sacrificia,
326 1653 360 1710 et
377 1645 470 1728 quasi
489 1644 592 1720 abiioi‚
611 1655 649 1709 ut
671 1645 795 1710 nullius
812 1644 907 1728 pretii
929 1646 1005 1727 sint,
1028 1642 1106 1708 dum
1244 1645 1288 1710 Et
1308 1649 1351 1714 ad
1372 1653 1400 1712 te
1420 1649 1479 1714 erit
1500 1649 1655 1730 appetitas
1675 1649 1751 1714 aaa.
1796 1647 1922 1714 Omnes
1944 1651 2009 1716 scre
2031 1651 2132 1718 iuter·

130 1751 306 1816 perperam
336 1731 535 1796 offeruntur:
563 1739 748 1813 susceptum
771 1750 851 1795 vcro
872 1731 929 1808 iri,
952 1738 990 1794 ut
1013 1737 1107 1814 grata
1158 1741 1266 1814 pretes
1283 1733 1324 1798 ad
1343 1739 1510 1816 peccatum
1533 1735 1690 1813 referunt,
1710 1743 1891 1818 putantque
1907 1734 1968 1802 hac
1990 1735 2132 1803 admem-

132 1819 201 1883 sint
228 1815 367 1899 bonique
389 1813 513 1896 odoris,
539 1816 567 1882 si
593 1837 676 1900 pura
698 1819 740 1881 sit
762 1825 794 1881 et
823 1815 969 1900 legitima
994 1836 1104 1880 eorum
1158 1818 1248 1882 tione
1272 1818 1415 1884 cohiberi
1440 1840 1560 1902 pravas
1588 1818 1754 1898 libidines,
1784 1841 1866 1902 quae
1894 1819 2036 1886 hominis
2061 1824 2131 1888 ani·

131 1902 262 1968 oblatio.
319 1902 415 1967 Nunc
447 1909 595 1967 tenemus
634 1922 731 1984 qoam
764 1902 885 1967 iniuste
917 1908 1106 1970 succenseat
1158 1924 1250 1968 mum
1278 1904 1455 1970 sollicitant
1482 1924 1520 1970 ao
1542 1905 1723 1988 impellunt.
1768 1905 1858 1990 Ergo
1876 1908 2054 1973 secundum
2078 1929 2133 1975 eos

131 1987 219 2054 Cain
252 2010 318 2053 non
358 1987 472 2053 haberi
506 1987 573 2055 suis
606 1988 772 2054 sacrificiis
811 1988 983 2067 honorem,
1024 2006 1106 2070 quae
1158 1989 1234 2054 talis
1256 1990 1319 2054 erit
1348 2011 1480 2056 seusus:
1504 1989 1542 2056 Si
1564 2001 1732 2073 peccatum
1754 1992 1895 2076 insurgit
1918 2001 1954 2057 ut
1976 2003 2008 2059 te
2030 1993 2131 2060 subii-

131 2074 226 2140 Deus
259 2073 363 2139 obviis
392 2072 544 2138 manibus
572 2073 737 2158 suscipere
765 2083 899 2157 paratus
921 2084 987 2150 est,
1010 2072 1106 2137 modo
1157 2075 1231 2152 ciat,
1254 2096 1314 2140 cur
1334 2074 1493 2160 indulges,
1516 2097 1555 2142 ac
1573 2097 1638 2141 non
1655 2077 1760 2160 magis
1778 2077 1905 2143 laboras
1927 2079 1963 2142 in
1985 2100 2023 2145 eo
2045 2080 2132 2144 cohi·

129 2161 249 2226 vitiosa
271 2179 341 2225 esse
363 2158 521 2224 desinant.
566 2157 674 2225 Simul
696 2173 806 2225 tamen
835 2158 992 2225 memoria
1014 2178 1103 2241 repe·
1159 2159 1264 2226 bendo
1293 2171 1326 2224 et
1354 2160 1554 2226 fraenando?
1583 2163 1690 2227 Tuum
1720 2163 1808 2228 enim
1836 2172 1908 2228 erat
1930 2163 2077 2244 domare,
2100 2171 2132 2230 et

131 2245 269 2310 tendum
303 2245 387 2328 quod
415 2246 506 2327 prius
536 2242 620 2324 dixi,
648 2247 862 2328 praecipuum
884 2243 966 2309 bene
987 2240 1105 2328 agendi
1158 2246 1199 2311 ad
1228 2244 1418 2327 obsequium
1447 2267 1561 2330 cogere
1582 2267 1662 2330 quos
1690 2249 1792 2314 sentis
1814 2250 1886 2314 Deo
1907 2251 2131 2336 immorigeros

131 2341 232 2415 caput
251 2351 331 2410 esse,
350 2339 387 2395 ut
404 2331 451 2413 pii
468 2330 600 2396 Christo
617 2331 795 2396 mediatore
812 2330 897 2410 freti,
914 2339 946 2394 at
964 2329 1106 2412 gratuita
1159 2342 1191 2396 at
1215 2331 1353 2398 rebelles
1385 2353 1456 2398 esse
1481 2334 1514 2396 in
1549 2352 1646 2398 carne
1679 2343 1736 2399 tua
1770 2335 1915 2401 affectus.
1972 2334 2038 2402 Sed
2071 2357 2130 2420 ego

130 2417 396 2482 reconciliatione
422 2437 481 2499 per
509 2417 616 2499 ipsum
639 2427 747 2499 parta,
771 2417 909 2492 sincere,
932 2425 964 2479 et
985 2412 1106 2496 absque
1158 2418 1274 2483 Mosen
1297 2438 1429 2500 prorsus
1451 2415 1541 2482 aliud
1564 2417 1650 2483 velle
1667 2418 1815 2484 arbitror.
1850 2418 1975 2485 Omitto
1993 2421 2077 2504 quod
2095 2422 2130 2486 in

130 2503 207 2568 fuco
227 2503 336 2568 Deum
359 2502 464 2568 colere
482 2501 645 2568 studeant.
690 2502 806 2584 Itaque
823 2502 887 2566 duo
908 2502 972 2566 ista
994 2509 1105 2564 mutuo
1159 2503 1310 2570 hebraico
1337 2503 1462 2585 peccati
1492 2504 1640 2582 nomine,
1671 2505 1846 2589 apponitur
1873 2505 2005 2570 feminei
2032 2528 2130 2590 gene·

130 2589 220 2654 inter
242 2610 278 2654 se
303 2609 390 2652 nexu
412 2587 601 2666 cohaerent,
622 2588 709 2670 quod
734 2588 860 2664 fideles,
884 2586 1010 2670 quoties
1032 2604 1105 2668 pro·
1158 2590 1204 2654 ris
1227 2599 1319 2654 nota:
1343 2588 1424 2654 haec
1453 2599 1562 2653 autem
1592 2589 1729 2655 relativa
1752 2590 1814 2655 duo
1842 2591 2021 2658 masculina
2044 2601 2129 2658 sunt.

131 2675 237 2740 deunt
259 2674 295 2738 in
316 2674 380 2738 Dei
402 2683 628 2757 conspectum,
651 2673 720 2738 sola
744 2673 869 2740 Christi
891 2673 996 2756 gratia
1018 2692 1104 2737 com·
1158 2674 1256 2740 Certo
1273 2675 1384 2740 Moses
1417 2693 1485 2738 non
1508 2673 1548 2738 de
1580 2675 1701 2740 scelere
1731 2676 1802 2758 ipso
1837 2677 1977 2762 proprie,
2009 2677 2129 2744 sedda

131 2757 281 2838 mandet,
303 2758 459 2824 abstersis
480 2780 594 2825 corum
617 2759 783 2826 sordibus:
807 2769 840 2824 et
863 2768 972 2824 tamen
994 2776 1105 2822 veram
1158 2760 1254 2844 culpa
1280 2779 1362 2842 qnae
1391 2758 1468 2824 inde
1489 2759 1708 2838 contrahitur,
1731 2774 1764 2826 et
1790 2773 1884 2827 reatu
1913 2763 1991 2846 agit.
2036 2763 2131 2830 Nunc

130 2844 240 2912 cordis
262 2844 452 2910 munditiem
475 2846 553 2910 illuc
575 2846 724 2910 afferant.
1158 2844 1318 2929 quomodo
1341 2844 1441 2911 verba
1462 2844 1543 2910 haec
1564 2847 1773 2924 convenient,
1799 2846 1863 2912 Suc
1884 2853 1912 2912 te
1933 2849 1993 2914 erit
2012 2850 2131 2930 appeti-

218 2929 264 2996 at
285 2932 316 2995 si
337 2951 398 2996 aaa
418 2931 490 2997 bene
517 2932 625 3015 eperia.
670 2931 724 2996 Ex
753 2929 889 2996 adverso
910 2927 1107 3012 pronunciat
1158 2938 1208 2996 tas
1229 2931 1322 2996 eiua?
1344 2929 1520 2996 Caeterum
1541 2952 1607 2996 non
1624 2931 1723 3015 longa
1745 2932 1938 2998 refutatione
1956 2955 2037 3018 opus
2058 2936 2130 3015 erit,

129 3015 225 3082 Deus
254 3015 443 3082 horribilem
473 3020 669 3082 senteutiam
695 3014 855 3082 adversus
875 3015 967 3092 Cain,
986 3015 1015 3078 si
1036 3013 1106 3076 ani·
1158 3017 1212 3082 ubi
1235 3036 1428 3100 germanum
1458 3035 1591 3082 sensum
1619 3016 1794 3099 protulero.
1838 3018 1954 3084 Potius
1975 3018 2057 3084 mihi
2079 3021 2128 3084 vi·

128 3123 224 3167 mum
246 3101 281 3165 in
304 3101 429 3167 malitia
457 3103 615 3181 obstinet,
645 3103 770 3184 sibique
798 3102 970 3185 indulgeat
990 3101 1025 3163 in
1047 3118 1106 3164 suo
1157 3103 1254 3168 detur
1275 3122 1346 3168 esse
1368 3101 1567 3185 obiurgatio,
1591 3122 1654 3185 qua
1676 3103 1768 3168 Deus
1796 3104 1932 3185 impium
1964 3106 2129 3172 hominem

128 3189 223 3253 vitio.
257 3187 320 3252 Est
341 3199 449 3252 autem
468 3188 564 3253 valde
582 3186 765 3271 emphatica
783 3187 901 3252 oratio:
925 3185 1106 3269 quiaDeus
1157 3187 1406 3272 ingratitudinis
1423 3186 1608 3266 insimulat,
1631 3188 1715 3270 quod
1737 3209 1795 3271 pro
1818 3189 1920 3254 nihilo
1943 3188 2041 3256 ducat
2061 3193 2128 3274 pri-

127 3294 197 3338 nou
221 3270 317 3338 modo
340 3272 460 3338 refellit
478 3275 632 3339 iniustam
651 3273 896 3356 querimoniam,
919 3271 976 3337 sed
998 3278 1105 3336 osten·
1157 3273 1381 3357 mogeniturae
1398 3271 1565 3339 honorem.
1610 3272 1656 3338 Ut
1672 3273 1809 3357 quisque
1826 3284 1974 3340 nostrum
1998 3277 2129 3343 maiori·

109 3359 181 3424 dit
203 3359 287 3422 nihil
309 3357 379 3422 fore
401 3359 463 3440 ipsi
485 3360 569 3426 Cain
590 3359 696 3443 magis
719 3356 893 3424 adversum
912 3377 1009 3441 quam
1032 3375 1104 3437 pro·
1158 3359 1219 3424 bus
1239 3360 1302 3425 Dei
1319 3358 1484 3424 boneficiis
1511 3365 1648 3425 ornatus
1672 3367 1731 3437 est,
1750 3359 1814 3426 nisi
1836 3369 1983 3426 autorem
2005 3363 2128 3442 gratiae

127 3445 242 3528 prium
270 3452 436 3526 peccatum
468 3444 552 3526 qaod
585 3445 676 3510 intus
708 3444 782 3510 alit:
816 3445 861 3510 sic
893 3442 1047 3508 brevibus
1072 3447 1105 3505 et
1156 3446 1209 3512 eui
1231 3443 1405 3510 obstrictus
1427 3453 1477 3508 est
1504 3443 1684 3526 impensius
1706 3444 1811 3510 colere
1833 3445 1980 3526 studeat,
2012 3448 2127 3532 impie·

127 3529 270 3597 concisis
288 3529 398 3596 verbis
416 3530 548 3611 stringit
565 3529 731 3594 hominem
748 3530 896 3613 impium,
920 3537 956 3594 ut
976 3526 1104 3592 nullum
1156 3539 1256 3596 tatem
1279 3549 1372 3596 suam
1389 3529 1507 3612 prodit.
1552 3529 1664 3610 Quum
1688 3530 1773 3596 Abel
1802 3530 1896 3596 fratri
1924 3532 2128 3614 posthabitus

127 3617 291 3700 effugium
313 3615 475 3681 inveniat:
499 3637 536 3681 ae
559 3616 587 3680 si
610 3615 745 3682 diceret:
768 3615 861 3680 Nihil
883 3623 941 3680 tua
962 3612 1104 3678 obstina-
1156 3616 1250 3697 foret,
1272 3614 1436 3680 studiosus
1453 3623 1563 3680 tamen
1586 3613 1731 3681 cratDei
1748 3616 1861 3682 cultor.
1885 3618 2128 3702 Primogenitus

126 3703 221 3768 tione
245 3701 387 3783 proficis,
410 3722 486 3765 narn
509 3713 547 3766 ut
568 3701 651 3765 nihil
673 3702 734 3767 tibi
756 3702 798 3769 sit
818 3720 950 3766 mecum
971 3697 1103 3782 negotii,
1156 3721 1235 3766 vero
1258 3700 1432 3785 neglectim
1455 3711 1488 3766 et
1514 3700 1714 3766 defunctorie
1741 3701 1865 3769 colebat
1886 3703 2013 3782 Deum,
2035 3705 2128 3771 cuius

126 3797 302 3872 peecatum
338 3795 430 3852 tuum
465 3786 548 3851 nihil
576 3786 788 3852 relaxationis
817 3785 924 3862 dabit,
957 3785 1038 3868 quin
1072 3792 1104 3847 te
1156 3787 1312 3852 beneficio
1339 3788 1375 3851 in
1404 3795 1532 3850 tantam
1562 3785 1754 3869 dignitatem
1792 3799 2000 3871 pervenerat:
2029 3803 2127 3874 atque

125 3876 252 3940 acriter
273 3872 425 3955 exagitet,
447 3882 671 3956 persequatur,
693 3882 819 3956 urgeat,
838 3891 943 3954 neque
960 3871 1104 3954 patiatur
1155 3875 1201 3938 ita
1219 3881 1389 3956 paccatum
1406 3873 1476 3937 eius
1498 3871 1674 3953 amplificat
1696 3873 1796 3950 Deus,
1818 3874 1904 3957 quod
1925 3895 1991 3940 non
2012 3875 2127 3942 saltem

125 3959 224 4024 elabi.
277 3956 365 4024 Hinc
394 3959 540 4040 sequitur
569 3979 635 4022 non
665 3960 760 4024 modo
787 3957 925 4037 frustra,
947 3955 1103 4038 nulloque
1156 3959 1304 4024 imitetur
1336 3958 1486 4034 fratrem,
1515 3977 1612 4039 quem
1639 3964 1677 4021 ut
1707 3958 1811 4041 gradu
1843 3958 1994 4035 honoris,
2027 3963 2127 4027 itaet
2179 3996 2184 4005 ·

124 4047 278 4129 profectu
308 4064 383 4108 enm
411 4044 620 4122 tumultuari,
641 4045 698 4110 sed
727 4045 817 4108 intus
846 4043 976 4127 proprio
1005 4061 1103 4105 sensu
1156 4045 1276 4128 pietate
1308 4042 1404 4127 longe
1437 4063 1593 4125 superare
1626 4040 1790 4108 debuerat.
1846 4045 1947 4111 Porro
1982 4045 2127 4129 loquutio

125 4131 237 4196 teneri
266 4149 372 4206 reum,
401 4130 526 4204 etiamsi
561 4129 671 4195 nullus
703 4138 841 4196 accuset.
897 4127 983 4192 Nam
1016 4126 1103 4210 quod
1155 4139 1206 4195 est
1227 4129 1388 4195 Hebraeis
1416 4129 1511 4206 trita,
1541 4128 1722 4211 appetitum
1750 4129 1886 4196 minoris
1908 4130 1949 4196 ad
1979 4153 2052 4196 eum
2076 4154 2126 4198 re·

125 4217 266 4295 dieitur,
289 4226 459 4297 peccatum
482 4213 523 4280 ad
546 4217 630 4281 fores
652 4217 783 4295 cubare,
805 4213 847 4280 ad
868 4215 1007 4280 interius
1029 4235 1103 4278 con·
1154 4216 1278 4298 spicere
1300 4215 1392 4280 cuius
1414 4213 1551 4278 arbitrio
1573 4212 1736 4280 subiectus
1759 4224 1819 4280 est.
1852 4214 1906 4280 Ita
1928 4215 1968 4280 de
1990 4216 2125 4282 muliere

124 4303 289 4369 scientiae
316 4300 472 4366 iudicium
494 4299 652 4378 refertur,
674 4301 760 4386 quod
790 4299 953 4365 homiuem
973 4299 1102 4364 convio—
1155 4301 1238 4365 dixit
1259 4300 1370 4365 Moses
1390 4297 1480 4450 lgfflp'
1503 4298 1533 4376 3,
1558 4297 1628 4384 16),
1659 4300 1744 4382 qaod
1766 4301 1836 4366 eius
1857 4301 2021 4383 appetitus
2042 4314 2127 4368 esset

125 4403 201 4452 tum
224 4387 275 4452 sui
298 4387 419 4468 peccati
438 4383 580 4469 audique
598 4388 765 4452 obsessum
784 4386 913 4468 premit.
957 4385 1103 4468 Fingant
1154 4386 1196 4450 ad
1230 4386 1346 4452 virum.
1422 4385 1568 4450 aeriliter
1599 4399 1707 4450 autem
1747 4386 1913 4468 ineptiunt
1947 4387 2004 4468 qui
2038 4386 2126 4453 hunc

123 4474 207 4540 licet
229 4471 322 4554 impii
343 4469 453 4536 Deum
475 4473 509 4536 in
540 4472 627 4538 coelo
649 4481 792 4556 torpere,
815 4473 979 4537 luctentur
1000 4488 1102 4552 quan·
1154 4472 1261 4537 locam
1290 4479 1443 4553 torquent
1472 4469 1512 4535 ad
1547 4471 1751 4555 probandum
1779 4471 1918 4537 liberum
1942 4470 2123 4537 arbitrium.

125 4567 202 4625 tum
225 4569 364 4641 possunt
384 4558 418 4622 in
442 4556 628 4640 repellendo
648 4558 757 4624 iudicii
787 4557 877 4623 illius
899 4569 1006 4622 metu:
1029 4574 1103 4639 pec·
1155 4557 1240 4622 Nam
1263 4567 1300 4622 ut
1321 4555 1434 4622 demus
1455 4555 1553 4620 officii
1570 4556 1621 4622 sui
1640 4555 1722 4620 Cain
1741 4559 1874 4637 moueri,
1892 4567 1929 4621 ut
1946 4556 2126 4642 subigendo

125 4655 240 4710 catum
272 4652 381 4708 wmeu
411 4642 533 4710 invitos
558 4655 590 4710 et
611 4645 790 4729 fugitantes
811 4642 949 4708 subinde
977 4641 1018 4706 ad
1044 4641 1102 4706 tri·
1155 4655 1286 4728 peccato
1305 4642 1484 4720 incumbat,
1507 4640 1597 4705 unlla
1618 4653 1729 4706 tamen
1750 4641 1826 4706 inde
1855 4641 1995 4708 hominis
2020 4643 2125 4710 virtus

126 4729 233 4796 bnual
256 4726 338 4793 illud
364 4729 522 4808 retrahet,
546 4731 599 4794 oui
617 4751 653 4795 se
679 4729 860 4796 subducere
887 4728 995 4794 eonati
1016 4737 1101 4793 sunt.
1155 4730 1298 4808 elicitur,
1331 4729 1407 4811 quia
1434 4737 1558 4791 certum
1582 4737 1632 4792 est
1653 4747 1718 4791 non
1747 4725 1842 4792 aliter
1868 4748 1966 4811 quam
1989 4729 2124 4811 spiritus

128 4815 231 4897 Quod
273 4833 315 4878 ne
358 4816 503 4896 prolenis
547 4815 679 4899 quidem
720 4815 907 4882 hominibus
952 4815 1102 4899 ignotum
1155 4817 1258 4881 sancti
1281 4815 1386 4898 gratia
1408 4812 1597 4877 mortificari
1626 4812 1761 4876 affectus
1782 4813 1903 4892 earnis,
1926 4834 1968 4877 ne
1989 4833 2123 4896 praeva-

126 4904 234 4968 fuisse
263 4907 427 4964 testantur
455 4900 560 4966 editae
587 4900 628 4966 ab
655 4901 721 4968 illis
750 4920 862 4967 voces:
885 4921 945 4966 nec
968 4900 1102 4966 dubium
1155 4900 1255 4966 leant.
1308 4899 1378 4963 Nec
1403 4911 1491 4964 certe
1529 4897 1655 4980 quoties
1681 4899 1843 4980 praecepit
1873 4897 1995 4980 aliquid
2023 4900 2123 4978 Deus,

127 5001 199 5068 est,
221 5006 320 5068 quum
344 4985 458 5052 dicunt
479 4987 709 5053 conscientiam
734 4986 824 5052 mille
846 4987 977 5051 testium
999 4985 1104 5050 instar
1155 4989 1242 5052 vires
1263 4984 1304 5050 ad
1326 4982 1561 5066 praestandum
1591 4983 1683 5048 uobis
1708 4994 1882 5067 suppetere
1903 4983 2123 5069 colligendum

126 5094 219 5148 esse,
243 5072 433 5136 saevissimo
459 5073 604 5138 carnifici
633 5093 705 5137 eam
735 5081 941 5156 comparant:
975 5070 1102 5137 nullum
1156 5080 1221 5137 ast:
1255 5071 1334 5153 quin
1370 5071 1477 5154 potius
1509 5066 1684 5133 tenendum
1714 5081 1764 5133 est
1784 5069 1961 5154 Augustini
1991 5069 2124 5151 dietum,

126 5180 205 5225 esse
228 5156 362 5243 gravius
384 5158 436 5222 vel
457 5159 612 5238 atrocius,
633 5179 731 5241 qnam
758 5156 846 5242 quod
867 5157 942 5223 inde
964 5156 1104 5221 sentitur
1155 5157 1208 5222 Da
1230 5154 1313 5239 quod
1336 5155 1436 5233 iubes,
1455 5163 1488 5218 et
1508 5154 1583 5220 iube
1603 5153 1688 5236 quod
1711 5152 1801 5220 velis.

127 5253 352 5318 tormentum,
381 5243 459 5324 quin
490 5243 583 5309 Dens
615 5245 773 5310 eiusmodi
805 5244 1022 5310 confessiones
1046 5263 1103 5306 ex·
1155 5277 1359 5290 ---—

125 5331 300 5416 presserit.
342 5327 456 5394 Prima
477 5341 526 5394 est
548 5328 670 5415 (iuquit
690 5327 870 5416 Iuvenalis)
1223 5344 1252 5413 1)
1271 5341 1394 5398 taceant.
1415 5341 1471 5396 Sat.
1490 5338 1582 5394 1111.
1601 5339 1619 5394 2
1636 5355 1674 5411 sq.
