4988 6192
358 433 423 496 411
1018 428 1389 500 COMMENTARIUS
1412 431 1463 498 IN
1485 430 1700 498 GENESIN.
2292 435 2353 500 412

359 623 1149 800 athaffitltttttffitttttt.
1163 618 1334 770 imit
1383 618 2353 792 titt·,ititthltsstttttttt'ttstl

359 789 526 888 pratibus..
560 787 686 887 Inhoo
706 787 838 868 quidem
860 801 1078 887 conveniunt,
1106 788 1194 855 idem
1224 791 1333 856 valere
1384 791 1511 873 gumiae
1537 810 1643 875 poena
1668 789 1709 855 ad
1736 797 1882 872 posteros
1914 798 2069 856 exstaret.
2120 790 2188 856 Neo
2220 789 2353 860 dubium

361 887 418 944 'liz
440 895 478 942 ao
500 895 529 940 sr
550 873 688 939 dixisset
709 873 794 939 Lea:
818 872 923 938 Vemt
949 871 1104 940 felrortas:
1133 874 1191 940 sed
1220 875 1275 941 alii
1297 890 1333 944 'u
1384 883 1435 942 est
1455 876 1536 961 quin
1557 875 1708 944 simultas
1728 875 1794 942 ista
1815 875 2006 955 domestim,
2029 876 2095 942 imo
2116 875 2237 942 hostile
2259 877 2352 944 dissi·

360 968 480 1048 putant
510 961 659 1025 faustum
688 979 760 1024 esse
791 958 881 1025 Iovis
911 957 1016 1024 sidus:
1051 959 1106 1023 alii
1128 960 1334 1027 Meronrium
1384 961 1491 1040 dium,
1521 971 1633 1036 saneto
1661 962 1732 1028 viro
1760 981 1918 1044 magnum
1946 960 2091 1026 dolorem
2112 971 2145 1026 et
2173 963 2352 1030 erueiatum

358 1049 507 1129 fingunt:
530 1045 588 1112 alii
608 1044 786 1112 seeundam
807 1044 983 1110 fortunam.
1028 1043 1206 1112 Adducunt
1226 1046 1334 1112 Isaiae
1383 1047 1548 1114 attulerit:
1582 1045 1639 1112 sed
1671 1045 1745 1112 ideo
1777 1067 1813 1112 ee
1846 1045 1986 1112 distrahi
2017 1045 2110 1112 videt
2141 1047 2176 1112 in
2207 1045 2352 1116 diversm

359 1131 603 1284 εοκῗςὲἐιᾶιῗιιῦ
625 1131 775 1282 quintugr
788 1151 862 1281 ἔαρ.
881 1130 972 1281 ιὼΙῖΙ
991 1131 1048 1196 ubi
1065 1129 1221 1282 halbemug:
1243 1131 1334 1282 Ottife-
1384 1140 1508 1288 pffl’
1531 1132 1608 1284 guia
1627 1131 1807 1281 appingalis
1829 1131 1951 1198 vinouli
1972 1132 2134 1198 unitatem
2154 1145 2287 1214 praeter
2306 1136 2353 1202 ius

360 1241 424 1284 run
567 1237 708 1282 1amen.
769 1236 891 1282 eoon
926 1237 1004 1282 xus
1048 1236 1150 1282 roe
1294 1239 1403 1284 use
1511 1237 1688 1284 aruerr.

360 1306 402 1371 de
423 1302 555 1371 eoelesti
575 1302 708 1380 militia,
740 1301 793 1367 vel
821 1300 979 1368 falsorum
1001 1238 1135 1367 thuim
1156 1238 1335 1370 turbhoboo
1472 1304 1523 1368 17.
1545 1239 1722 1369 Eahudioit
1741 1300 1832 1368 Deua
1848 1302 1956 1368 Lenem
2000 1301 2136 1370 Diserte
2162 1304 2273 1388 posuit
2295 1305 2353 1372 hoo

358 1389 479 1456 debere
506 1387 649 1472 intelligi
678 1386 835 1454 ostendit:
864 1388 941 1470 quia
966 1407 1045 1452 mox
1074 1388 1223 1472 sequitur
1249 1387 1335 1472 qnod
1385 1389 1512 1470 Moses,
1537 1398 1576 1453 ιιι
1596 1389 1737 1454 sommus
1759 1407 1858 1474 quam
1885 1387 2095 1473 indulgenter
2116 1391 2221 1473 egerit
2241 1389 2354 1455 Domi·

360 1475 467 1543 stellis
494 1473 680 1553 immolent,
711 1492 907 1557 mensasque
935 1473 1097 1557 impleant
1124 1474 1335 1540 multitudine
1384 1495 1449 1540 nus
1470 1495 1545 1542 oum
1564 1473 1624 1539 illa
1640 1473 1746 1552 domo.
1782 1471 1865 1556 Quis
1881 1474 1971 1541 enim
1987 1483 2128 1558 putaret,
2151 1473 2232 1540 dum
2245 1475 2353 1542 odiose

361 1560 516 1628 deorum:
547 1579 653 1643 poena
681 1557 814 1624 demum
842 1557 1031 1637 subiicitur,
1060 1559 1147 1642 quod
1167 1561 1261 1627 siouti
1283 1560 1335 1624 in·
1385 1561 1488 1626 sorori
1509 1581 1588 1626 suae
1609 1567 1711 1644 negat
1731 1560 1802 1625 Lea
1822 1559 1952 1627 fruetus
1974 1580 1993 1624 a
2015 1579 2116 1642 puero
2136 1559 2302 1634 oollaetoe,
2323 1569 2354 1626 et

356 1657 494 1732 gentem
510 1664 685 1710 numerum
703 1643 838 1709 deorum
856 1643 1067 1725 fabricarunt,
1085 1645 1133 1710 ita
1149 1644 1337 1712 numerabit
1385 1645 1447 1711 hoo
1468 1645 1574 1729 pretio
1595 1656 1725 1712 nootem
1747 1644 1856 1710 mariti
1877 1653 2052 1726 mereatur,
2072 1643 2178 1710 ullum
2198 1666 2271 1712 esse
2289 1667 2354 1728 pre

357 1753 418 1799 eos
440 1731 611 1797 Dominus.
656 1727 754 1810 Quod
775 1729 816 1795 ad
844 1740 1049 1813 praesentem
1070 1730 1179 1797 looum
1200 1741 1336 1815 speetat,
1385 1731 1478 1799 oibus
1506 1730 1638 1798 laeum?
1669 1729 1835 1796 Admonet
1863 1730 1967 1815 igitur
1987 1730 2097 1796 Moses
2125 1730 2199 1797 istis
2228 1731 2352 1798 deliotis

361 1816 448 1884 nihil
469 1817 581 1882 minus
610 1815 775 1899 probabile
804 1825 855 1880 est
883 1835 983 1897 quam
1004 1816 1110 1881 Leam
1132 1817 1259 1902 magioa
1279 1837 1336 1882 su·
1386 1817 1517 1883 veniam
1546 1815 1649 1882 fuisse
1678 1814 1805 1895 datam,
1833 1825 1872 1880 ut
1892 1816 2057 1882 Dominus
2085 1836 2167 1898 opus
2194 1837 2293 1883 suum
2320 1816 2353 1880 in

360 1903 553 1990 per-stitione
575 1898 732 1966 extollere
752 1899 842 1967 Iovis
863 1900 954 1967 sidus
975 1902 1012 1965 in
1029 1900 1094 1966 Doi
1116 1902 1231 1982 lotum,
1254 1922 1336 1984 quae
1386 1912 1480 1968 tanta
1511 1902 1703 1968 infirmitate
1736 1899 1900 1985 eomplere
1938 1922 2004 1967 non
2038 1899 2183 1968 desierit.
2235 1900 2355 1968 Insoite

360 1989 478 2058 saltem
495 1987 693 2071 prinoipium
709 1985 793 2050 illud
812 1986 982 2065 retinebat,
1005 1985 1131 2070 abeno
1145 1986 1217 2053 Deo
1235 1989 1336 2053 fluere
1386 2008 1466 2054 vero
1488 1987 1559 2053 Lea
1580 1985 1666 2070 qnod
1687 1985 1793 2052 filium
1815 1986 1878 2052 sibi
1898 1985 2012 2052 datum
2033 1973 2156 2069 peoeati
2176 1987 2356 2060 mereedem

360 2073 630 2161 propagationem
653 2071 789 2142 humani
811 2071 950 2157 generis.
987 2071 1092 2138 Miror
1113 2072 1212 2138 etiam
1233 2075 1336 2138 inter-
1386 2093 1458 2140 esse
1479 2074 1588 2140 iaetat.
1631 2073 1717 2139 Nam
1739 2070 1838 2138 fidem
1867 2071 2049 2139 violaverat
2073 2073 2179 2138 saneti
2207 2073 2355 2156 ooniugii,

360 2173 471 2246 protes
503 2158 544 2224 de
576 2177 736 2242 prospera
766 2158 898 2222 fortuna
931 2156 992 2223 hoe
1032 2159 1194 2242 antipate,
1233 2179 1335 2242 quum
1386 2179 1489 2242 quum
1509 2177 1631 2224 novem
1652 2157 1803 2241 pellioem
1823 2169 2003 2241 opponeret
2023 2159 2127 2224 sorori
2147 2177 2236 2224 auae.
2277 2158 2356 2224 uan-

361 2247 472 2313 Mosee
493 2243 588 2320 infra,
611 2241 754 2327 eap.49,
778 2241 819 2308 19
841 2244 875 2307 in
898 2243 1097 2308 eontrarium
1119 2264 1252 2310 sensum
1276 2264 1336 2310 nos
1386 2255 1458 2310 tum
1480 2264 1558 2310 vero
1586 2243 1720 2309 abesta
1747 2243 1951 2309 oonfessione
1979 2242 2110 2328 eulpae,
2143 2253 2180 2308 ut
2206 2243 2355 2309 meritum

360 2331 468 2398 duest.
513 2328 628 2412 Neque
650 2328 739 2393 enim
763 2326 940 2413 quadraret
968 2327 1085 2395 allusio
1106 2350 1204 2413 quam
1226 2329 1334 2413 ponit:
1386 2349 1485 2396 suum
1501 2327 1676 2412 praedioet
1709 2327 1832 2395 Fateor
1849 2327 1972 2411 aliquid
1989 2327 2092 2395 fuisse
2108 2328 2241 2394 eoloris:
2264 2329 2357 2413 signi·

360 2417 515 2483 amaea
534 2434 606 2480 eum
625 2413 759 2494 menda,
781 2414 845 2479 nisi
866 2411 1040 2481 eonsilium
1050 2414 1139 2480 Leae
1161 2414 1279 2481 fuisset
1295 2413 1336 2479 de
1386 2416 1464 2481 fleat
1493 2415 1581 2480 enim
1611 2435 1676 2480 non
1706 2423 1773 2479 tam
1806 2413 1943 2480 libidine
1964 2433 2000 2480 se
2021 2413 2063 2480 ad
2090 2413 2287 2500 zelotypiam
2307 2435 2356 2480 ao-

361 2504 505 2570 filiorum
532 2509 642 2565 turma
670 2497 731 2564 sibi
759 2499 926 2584 gratulari.
969 2499 1058 2565 Nam
1088 2521 1189 2585 quum
1211 2501 1335 2583 sesqui·
1385 2501 1490 2579 eendi,
1514 2520 1615 2582 quam
1631 2496 1748 2583 pudioo
1765 2519 1885 2579 amore,
1908 2500 1985 2584 quia
2005 2499 2162 2566 familiam
2180 2519 2309 2585 augere,
2325 2507 2356 2564 et

362 2589 467 2655 altera
488 2595 582 2670 parte
603 2585 752 2666 superior
778 2594 879 2662 esset,
913 2583 1079 2668 praedioat
1100 2605 1136 2651 se
1157 2585 1278 2651 habere
1299 2587 1336 2650 in
1386 2585 1545 2653 honestae
1580 2583 1837 2651 mamistamilies
1868 2585 2012 2650 offioium
2044 2593 2211 2668 praestare
2242 2586 2356 2670 oupiat

361 2671 606 2822 magnammgile
639 2669 769 2820 lihim
821 2667 918 2752 Quod
946 2690 982 2736 se
1007 2669 1137 2820 felicem
1169 2670 1336 2822 1¹⁵³·ssth
1388 2669 1456 2771 Sed
1477 2671 1628 2820 quaginta
1636 2671 1814 2820 t{qlrnoaoiosuls
1835 2670 1880 2736 sit
1906 2669 2172 2822 praetextngtoeltrie
2192 2669 2281 2822 affid
2300 2669 2357 2735 ho·

361 2778 574 2910 ltltlndexfusrit
588 2774 1039 2908 paemffiitgsnrsufltapopqrtg
1073 2777 1266 2909 lhlillranrthusa
1285 2778 1337 2907 het
1386 2776 1675 2929 fflprotafatio.
1705 2775 2248 2926 eEnrrhtffisshnhhusemmphho
2263 2776 2359 2908 maltha

361 2930 476 3010 honor,
498 2947 599 3013 quum
616 2926 772 2993 mortales
789 2927 927 3011 insignit
943 2926 1035 2994 Deus
1052 2947 1144 2994 eaoro
1161 2937 1336 3012 parentum
1387 2926 1555 2995 sumendo.
1599 2925 1703 3011 quue
1722 2947 1761 2993 eo
1780 2927 1889 3012 magis
1913 2925 2096 2994 notandum
2116 2935 2182 3007 est,
2204 2925 2288 3012 quod
2311 2926 2358 2993 vi·

365 3014 479 3094 timlo,
512 3023 546 3078 et
573 3032 632 3096 per
660 3031 715 3080 eos
743 3011 926 3079 humanum
954 3033 1059 3096 genus
1086 3012 1128 3079 ad
1159 3015 1337 3099 imaginem
1387 3015 1471 3080 tium
1499 3013 1562 3080 hoo
1587 3013 1625 3077 in
1652 3012 1775 3078 mundo
1801 3013 1900 3080 nimis
1931 3021 2114 3098 grassatur,
2146 3019 2187 3078 ut
2218 3012 2359 3098 gratuita

362 3121 457 3168 suam
479 3097 646 3166 eonditum
667 3118 748 3182 prop
812 3107 837 3163 ι.
1386 3099 1453 3167 Dei
1473 3099 1559 3164 dona
1579 3096 1642 3164 sibi
1663 3098 1701 3163 in
1722 3098 1905 3164 mer-oedem
1926 3096 2077 3164 homines
2098 3097 2270 3181 deputant:
2294 3099 2359 3162 imo

451 3185 502 3251 14.
531 3182 576 3250 Et
602 3183 741 3250 eurreoit
895 3233 903 3248 .
955 3182 1098 3250 Videtur
1126 3185 1163 3249 in
1194 3184 1337 3268 speeiem
1387 3185 1488 3251 etiam
1508 3185 1633 3251 iaotent
1650 3204 1710 3250 sua
1728 3185 1855 3262 merita,
1877 3185 1933 3251 ubi
1950 3184 2013 3250 Dei
2035 3182 2136 3251 verbo
2154 3183 2359 3251 damnantur.

362 3271 447 3339 levis
475 3279 509 3336 et
534 3268 670 3354 puerilis
698 3289 769 3336 esse
797 3269 959 3351 narratio,
986 3268 1073 3354 quod
1101 3291 1184 3354 puer
1210 3269 1337 3337 fruetus
1387 3270 1431 3337 In
1452 3281 1544 3336 sexto
1565 3269 1634 3334 filio
1662 3270 1779 3353 purius
1800 3291 1838 3336 ao
1859 3271 1982 3338 reotius
2010 3270 2162 3335 aestimat
2182 3268 2249 3335 Dei
2268 3269 2360 3336 boni·

498 3375 582 3508 as
610 3355 1338 3508 amorraeorum
1386 3354 2362 3524 m...

363 3528 470 3595 noetis
501 3527 599 3593 unius
631 3526 850 3592 oonoubitum.
901 3525 1058 3597 Oontinet
1084 3537 1194 3593 mmen
1221 3525 1337 3592 utilem
1387 3527 1477 3594 enim
1496 3526 1588 3611 prius
1609 3544 1684 3591 oum
1709 3545 1748 3591 ee
1768 3525 1953 3593 habitabat:
1981 3525 2122 3593 Raoheli
2147 3535 2259 3593 tanmn
2288 3526 2361 3610 plus

364 3614 555 3681 doetrinam.
599 3609 730 3679 Soimus
759 3611 983 3696 quemstulte
1011 3613 1201 3696 superbiant
1221 3611 1338 3678 Iudaei
1387 3613 1468 3679 satis
1489 3610 1653 3691 addietus,
1680 3632 1801 3697 magna
1822 3633 1864 3678 ex
1885 3619 1979 3696 parte
2007 3611 2135 3679 alienus
2156 3621 2230 3678 erat
2252 3610 2293 3679 ab
2316 3610 2362 3678 al·

364 3701 400 3766 in
421 3697 610 3766 extollendo
625 3696 734 3782 gentis
750 3717 830 3762 suaa
847 3697 987 3781 origine:
1009 3698 1069 3763 vix
1090 3698 1179 3764 enim
1201 3697 1234 3763 di
1282 3718 1338 3763 au·
1387 3707 1466 3765 tera.
1509 3695 1648 3764 Liberos
1670 3703 1782 3763 autem
1802 3699 1858 3782 qui
1879 3699 1915 3762 in
1935 3697 2081 3782 legitimo
2113 3698 2190 3766 oeni
2236 3699 2267 3765 io
2288 3716 2362 3764 nae·

364 3795 695 3937 ffiffimoemqoge
719 3803 770 3932 ἐξ
796 3781 905 3932 Αᾶιὲιιι
932 3781 1062 3932 οιΠΝοῖ
1092 3804 1168 3934 οιὲιιι
1203 3782 1339 3934 redonis
1388 3791 1535 3934 enaturd,i
1554 3782 1725 3932 tsooiandis
1757 3788 1933 3867 parentum
1965 3783 2086 3854 animis
2117 3783 2196 3850 vino
2231 3803 2252 3849 a
2282 3801 2362 3862 esse,

508 3889 685 3935 roem.
781 3887 836 3934 oer
890 3887 1039 3934 exoeun
1100 3889 1211 3935 arum
1253 3890 1264 3934 1
1311 3891 1339 3934 ι·
1412 3890 1480 3935 rrus
1535 3888 1705 3934 onmes.

366 3966 450 4034 tate,
477 3889 517 4020 ιξι
536 3889 663 4018 Ιὲιιιιιιιι
689 3961 829 4020 testatur
850 3951 960 4040 (Rom.
983 3953 1014 4033 9,
1036 3889 1164 4040 5)psed
1186 3954 1249 4021 hoo
1265 3889 1339 4020 hhn
1388 3890 1411 3955 p
1474 3954 1527 4020 21.
1549 3952 1594 4020 m
1607 3959 1718 4038 pauo
1739 3955 1861 4036 popae
1884 3953 1996 4036 filium.
2041 3953 2197 4020 Nesoitur
2217 3974 2260 4020 an
2282 3955 2364 4022 alias

366 4042 515 4107 referunt
542 4040 614 4105 Deo
644 4047 822 4122 aooeptum.
867 4036 978 4120 Quare
1004 4038 1083 4106 data
1108 4061 1207 4124 opera
1234 4040 1339 4107 voluit
1388 4061 1515 4124 quoque
1536 4039 1621 4106 filies
1641 4037 1921 4106 habueritlaoob:
1944 4041 2161 4124 nequeenim
2182 4041 2365 4125 seripturae

367 4126 505 4211 spiritus
526 4123 749 4210 arrogantiam
770 4123 862 4189 illam
882 4124 1073 4206 retundere,
1102 4147 1204 4210 quum
1225 4145 1339 4191 eorum
1388 4126 1535 4192 insolens
1567 4133 1617 4191 est
1646 4145 1747 4208 quum
1779 4125 1987 4210 genealogias
2023 4135 2188 4204 temneat,
2225 4126 2365 4193 feminas

367 4231 472 4298 genus
511 4209 682 4292 desoripsit
711 4230 731 4274 a
767 4230 826 4276 suo
865 4209 999 4277 exordio
1037 4219 1106 4276 tam
1143 4211 1268 4277 humile
1306 4220 1340 4277 et
1389 4212 1555 4292 omittere,
1577 4230 1661 4295 quae
1681 4211 1850 4294 proprium
1873 4230 1992 4278 nomen
2013 4231 2082 4278 non
2102 4212 2286 4290 sustinent,
2309 4209 2366 4280 sed

367 4298 539 4364 abiectum.
589 4295 705 4379 Neque
732 4295 820 4361 enim
840 4294 895 4362 hio
916 4295 1024 4361 nobile
1045 4294 1213 4362 theatmm
1272 4296 1340 4377 ‘'t,
1388 4298 1494 4364 latent
1515 4295 1575 4364 sub
1597 4296 1744 4364 virorum
1765 4294 1891 4362 umbra
1933 4294 2068 4363 Interea
2089 4297 2219 4381 siquid
2240 4318 2365 4365 memo-

366 4382 402 4448 in
424 4402 488 4464 quo
506 4401 541 4448 ee
562 4388 738 4460 ostentent,
759 4379 817 4448 sed
838 4401 893 4448 eos
914 4381 1102 4462 humilians,
1123 4382 1265 4468 gratiam
1310 4383 1341 4450 ei
1388 4392 1465 4450 ratu
1486 4381 1623 4466 dignum
1641 4381 1835 4465 quibusdam
1855 4382 1988 4448 feminis
2010 4381 2182 4462 aooiderit,
2212 4383 2366 4470 speoialis

368 4467 503 4547 attollit,
535 4465 622 4551 quod
654 4467 823 4533 eoelesiam
855 4487 949 4533 suam
977 4466 1127 4534 eduxerit
1155 4490 1199 4534 ex
1225 4468 1338 4535 nihilo.
1390 4489 1503 4536 earum
1521 4469 1560 4534 lit
1580 4469 1712 4548 mento,
1734 4466 1820 4551 quod
1837 4468 1874 4533 in
1891 4468 1983 4535 Dina
2001 4476 2137 4552 propter
2159 4479 2295 4554 raptum
2314 4469 2367 4556 (da

367 4552 537 4637 Quantum
561 4551 602 4617 ad
624 4552 766 4636 speeiem
792 4551 919 4621 huntus
944 4554 1101 4638 pertinet,
1129 4553 1216 4620 nihil
1235 4553 1340 4620 habeo
1390 4575 1454 4640 quo
1471 4564 1584 4638 postea
1600 4551 1740 4640 dioetur)
1759 4553 1868 4621 looum
1878 4554 1993 4621 habet:
2010 4553 2069 4621 sed
2085 4557 2240 4638 quoniam
2249 4567 2367 4639 postea

367 4638 455 4724 quod
476 4659 535 4723 pro
555 4647 644 4704 oerto
665 4638 810 4703 afferam.
846 4637 1056 4705 Odoriierum
1076 4638 1208 4724 quidem
1228 4639 1340 4721 fuisse,
1390 4639 1564 4724 indignum
1592 4639 1740 4706 iudioent
1760 4639 1822 4704 filii
1842 4638 1958 4720 Iaoob,
1986 4647 2024 4706 ut
2050 4661 2143 4706 soror
2163 4642 2200 4706 iu
2222 4641 2368 4709 alienam

367 4746 410 4791 ex
433 4723 559 4790 Oantie.
583 4743 652 4807 oap.
676 4724 706 4803 7,
735 4723 776 4788 13
798 4723 978 4808 oolligitur:
1008 4725 1085 4807 quie
1113 4735 1224 4792 tamen
1245 4747 1340 4792 man-
1389 4737 1520 4812 gentem
1543 4723 1702 4804 abnubat,
1725 4726 1765 4790 de
1786 4723 1859 4792 aliis
1878 4737 1988 4792 autem
2010 4725 2140 4794 filiabus
2151 4726 2264 4794 Moses
2282 4727 2368 4794 nihil

368 4809 525 4894 diagorae
545 4828 659 4875 omnes
679 4818 824 4889 vertunt,
846 4831 885 4875 ea
907 4809 947 4876 da
964 4829 1001 4875 re
1023 4830 1088 4876 non
1106 4811 1209 4895 litigo.
1389 4811 1556 4889 meminit,
1586 4809 1640 4876 vel
1663 4810 1749 4894 quod
1771 4810 1914 4877 elooatae
1936 4811 2059 4876 sintin
2081 4819 2169 4878 terra
2192 4813 2367 4892 chanaan,

455 4893 506 4960 15.
530 4893 570 4959 N
638 4895 697 4962 uid
718 4913 840 4976 ponere
868 4895 1014 4978 estquod
1035 4895 1201 4963 abeamus
1224 4898 1338 4965 mmm.
1390 4899 1444 4965 vel
1464 4899 1500 4964 in
1522 4900 1712 4982 Aegyptum
1735 4895 1866 4964 duotae:
1889 4896 2057 4981 probabile
2078 4907 2129 4964 est
2150 4898 2256 4966 solam
2281 4899 2368 4964 hano

367 4981 460 5080 Plus·
482 4913 691 5079 mgimum
717 4979 893 5056 laetoribus
921 4981 1075 5080 relinquit
1103 4982 1213 5049 Moses
1241 5003 1339 5066 quam
1390 4985 1421 5050 ei
1442 4983 1544 5050 fuisse
1566 4997 1687 5048 natam
2455 4990 2461 5002 '

367 5065 479 5135 verbis
507 5074 685 5148 exprimat,
717 5085 837 5151 nempe
858 5066 997 5134 assidms
1020 5067 1285 5136 eontentionibus
1306 5078 1341 5135 et
1474 5070 1526 5136 22.
1555 5067 1599 5134 et
1629 5067 1811 5135 reeordatus
1841 5072 1886 5134 est
1911 5066 2003 5134 Deras
2038 5067 2196 5140 Raoltelis.
2249 5070 2368 5154 Quum

368 5151 492 5302 iurgiisl
507 5150 672 5301 refertam}1
691 5151 790 5219 lirisse
819 5152 953 5254 domum
980 5152 1081 5218 illam.
1124 5152 1339 5222 Stomaohose
1389 5154 1474 5221 nihil
1500 5155 1592 5254 prius
1621 5154 1675 5220 vel
1701 5153 1864 5253 posterius
1886 5154 1929 5219 sit
1955 5174 2067 5221 eoram
2085 5157 2175 5256 Deo,
2204 5157 2369 5260 υπῌαριι

369 5237 1243 5403 ἰὲἒὲιιῬἜὶἻιιῖι“ἓῖἒιιι“ἒέῗιέἒι“ἒῗξὲιωὲ
1268 5250 1340 5424 tt}
1388 5261 1470 5410 {tt
1488 5238 1981 5408 tltlttt‘attttffiti
1995 5250 2370 5411 ,attam
