5000 6208
123 432 184 498 249
776 429 1146 499 COMMENTARIUS
1167 430 1216 497 IN
1239 431 1453 500 GMNESIN.
2047 425 2112 494 250

124 621 192 686 tulit
212 619 371 704 butyrum,
399 626 425 684 et
447 620 509 698 luo,
536 619 716 685 etoitulum
738 637 828 700 quem
849 624 1036 700 passast:
1062 623 1091 684 et
1142 618 1302 684 Iebooom:
1325 619 1363 684 Si
1382 621 1517 701 forsitan
1534 621 1652 686 inventi
1666 620 1783 702 suerint
1800 617 1846 682 ibi
1886 619 1893 633 '
1919 617 2000 683 ’11111
2017 623 2045 684 ot
2065 618 2113 683 di-

119 708 226 794 possuit
246 712 318 773 oute
339 726 406 771 eos:
435 707 550 787 etipse
578 704 679 770 studui
706 704 797 770 iaetu
818 723 869 770 eos
887 705 944 770 sub
972 703 1090 783 arbore,
1141 706 1202 770 ait:
1225 704 1297 770 Nou
1317 706 1497 786 disperdam
1512 712 1641 790 propter
1657 705 1776 788 oipiuti.
1813 704 1864 769 32.
1943 703 2040 769 out.-
2063 703 2113 768 Ne

122 800 151 859 et
165 794 366 858 mundarunt.
401 789 431 856 9.
450 790 495 857 Et
515 791 662 856 diruunt
677 789 720 855 ud
737 809 820 854 euna
848 787 908 856 Ubi
924 795 969 855 est
987 786 1092 854 Serui
1140 809 1224 855 uuae
1244 791 1288 855 sit
1309 793 1361 856 iro
1382 790 1521 857 Domino
1542 812 1624 870 uteo,
1652 796 1681 855 et
1701 791 1814 872 loquor
1834 789 2043 856 tautummodo
2064 809 2113 853 se-

122 900 201 945 uuor
220 875 364 944 tuom
384 877 484 942 duit.-
506 875 592 955 Eoae,
613 877 650 940 iu
669 875 873 942 tabernaculo.
911 875 961 942 10.
979 874 1024 940 ut
1044 874 1092 939 di·
1140 877 1217 941 mel:
1240 875 1277 941 Si
1297 877 1433 958 terrimo
1457 877 1575 942 usaue·
1600 876 1720 958 fuerint
1741 876 1787 941 ibi
1814 875 1939 941 dmm?
1965 874 2114 940 etdiuit:

121 967 184 1031 xit:
207 963 396 1028 Reoeeteado
416 967 555 1027 reuertar
571 962 614 1027 od
630 967 659 1026 te
675 963 843 1027 secuudum
862 967 983 1044 tempus
1002 961 1091 1037 aue,
1143 961 1215 1027 Noa
1230 961 1413 1042 disperdam
1424 968 1554 1045 propter
1569 963 1679 1029 decem.
1714 962 1766 1027 33.
1785 959 2115 1043 superexaltum

122 1057 247 1128 decue,
274 1048 364 1130 filius
390 1049 453 1111 erit
477 1044 583 1112 Surule
608 1049 700 1111 emori
728 1054 807 1111 tuoe.
854 1047 960 1113 uorat
988 1051 1092 1112 auen
1140 1048 1263 1129 quaudo
1282 1047 1388 1129 finiuit
1407 1048 1492 1132 loqui
1513 1049 1556 1114 od
1577 1047 1757 1127 nuatum,
1779 1052 1807 1112 u
1826 1046 1992 1113 Abrabam
2011 1065 2113 1111 rouer-

121 1134 267 1202 uudiebot
297 1134 333 1198 ia
364 1133 441 1198 ostio
469 1133 668 1212 toberuuouti,
700 1133 781 1214 quod
813 1138 879 1198 erut
907 1138 982 1214 post
1011 1151 1090 1198 eum
1140 1133 1562 1200 suedodloaemsuuut

123 1223 171 1287 11.
199 1220 245 1285 Et
273 1218 436 1284 Abrabam
463 1225 492 1282 et
521 1217 625 1283 Sarub
651 1224 740 1283 aaut
765 1238 851 1284 senes
879 1224 908 1284 et
930 1221 1092 1302 provectae

121 1309 248 1382 aetatis,
282 1305 474 1386 desierume
505 1323 570 1368 esse
601 1305 666 1385 ipsi
700 1302 807 1369 Sarute
837 1305 891 1370 oia
922 1304 1092 1370 secuudum
1229 1305 1257 1370 1.
1281 1303 1325 1368 Et
1351 1306 1442 1371 usus
1470 1310 1514 1371 eet
1541 1304 1592 1370 ult
1621 1302 1745 1370 Iebooo.
1790 1303 1957 1370 Insertum
1987 1313 2037 1369 est
2064 1302 2112 1368 di-

120 1393 273 1458 mulieres.
319 1390 369 1454 12.
394 1389 482 1454 Risit
506 1407 577 1471 erqo
601 1387 707 1454 810111
733 1387 818 1455 intro
844 1409 924 1468 sese,
954 1388 1090 1467 duodo,
1142 1400 1238 1458 aetna
1256 1389 1376 1467 Moses,
1398 1400 1510 1473 postea
1532 1410 1646 1456 rursus
1668 1391 1856 1474 apparuisse
1875 1388 1983 1454 Deum
2007 1388 2113 1454 Abra·

117 1484 283 1562 postquam
311 1477 402 1541 senui
422 1476 482 1539 erit
503 1475 583 1539 mibi
603 1474 769 1555 uoluptas?
791 1480 819 1540 et
839 1476 984 1541 domiuus
1005 1493 1093 1539 metu
1142 1474 1220 1541 bae:
1244 1498 1287 1542 an
1309 1476 1451 1559 priorem
1475 1476 1645 1541 historiam
1668 1485 1855 1554 numeneus,
1877 1475 1958 1541 uliae
1979 1476 2115 1541 oiroum·

119 1564 231 1630 sereuit.
277 1562 327 1627 13.
351 1561 395 1625 Et
425 1560 507 1625 diuit
528 1559 642 1624 Iedooo
667 1561 709 1624 ad
728 1559 909 1626 Atratum.-
944 1560 984 1626 Ue
1014 1560 1092 1642 quid
1142 1561 1280 1628 stantius
1302 1563 1476 1645 exprimat,
1498 1582 1636 1646 quarum
1659 1561 1804 1627 nondum
1826 1561 1914 1628 lauta
1930 1569 2001 1626 erat
2022 1581 2114 1626 men-

119 1651 194 1716 risit
217 1647 339 1727 Sorai,
359 1646 502 1712 diceudo:
525 1645 611 1710 Num
639 1648 732 1710 etiam
753 1667 822 1712 uere
839 1647 969 1728 parium
990 1650 1019 1710 et
1038 1661 1092 1728 epo
1142 1648 1198 1712 tio.
1243 1647 1328 1712 Mihi
1358 1659 1465 1713 tamen
1499 1649 1589 1731 prius
1620 1647 1704 1712 illud
1733 1647 1839 1732 magis
1869 1647 1990 1729 planet,
2028 1645 2112 1730 quod

118 1733 237 1802 senui?
282 1734 332 1798 14.
357 1732 522 1812 Numquid
538 1730 562 1817 ¹)
590 1731 792 1796 abscondetur
811 1753 834 1797 o
856 1732 972 1797 Iebooo
999 1731 1091 1812 quid·
1143 1734 1236 1798 Deue
1257 1735 1342 1798 servi
1365 1733 1417 1798 sui
1439 1735 1585 1798 animum
1608 1753 1694 1798 nova
1715 1733 1841 1798 visione
1861 1732 2115 1812 confirmaverit,

118 1819 240 1905 pum?
272 1821 314 1885 ud
341 1821 627 1900 temporetam
653 1816 696 1880 ud
719 1823 747 1881 te
777 1817 946 1883 sewardum
974 1821 1093 1900 ternpus
1143 1819 1228 1885 sieut
1249 1818 1323 1884 aliis
1344 1818 1481 1884 subinde
1503 1829 1601 1902 atque
1623 1819 1695 1883 aliie
1724 1816 1930 1884 adminioulis
1952 1839 2033 1902 opus
2055 1816 2114 1882 ha·

117 1911 210 1983 auae,
232 1911 261 1971 et
281 1905 346 1988 ipsi
369 1901 474 1968 Sorai
495 1904 555 1970 erit
573 1901 670 1983 lilius.
713 1901 762 1968 15.
784 1903 827 1967 Et
846 1899 1093 1986 sequestrat
1144 1904 1199 1969 bet
1220 1915 1407 1970 sanatorum
1431 1904 1519 1971 tides.
1563 1905 1651 1970 Fieri
1675 1905 1773 1970 etiam
1796 1911 1904 1988 potest
1925 1913 1961 1969 ut
1982 1903 2018 1968 in
2040 1923 2115 1987 gra-

119 1992 266 2059 dieendo:
285 1990 356 2055 Nou
374 1989 445 2066 risi,
463 1989 540 2070 quio
555 1989 669 2053 timuit.
699 1987 745 2053 ut
759 1989 858 2054 diait:
877 1988 1092 2070 Nequaquam,
1144 1991 1223 2055 tiam
1246 1989 1349 2056 Sarae
1371 1991 1509 2074 repetita
1530 1991 1629 2055 fuerit
1650 1991 1828 2073 promissio.
1866 1988 1956 2070 Quid
1973 1989 2001 2056 si
2023 1989 2115 2054 Deus

118 2080 198 2162 quoia
218 2077 330 2142 risisti.
376 2073 494 2140 111111
521 2079 723 2140 resumerent
743 2075 815 2139 iude
835 2075 911 2153 uiri,
941 2080 970 2138 et
990 2093 1091 2155 reape-
1144 2075 1206 2142 hoe
1231 2074 1327 2141 modo
1356 2076 1482 2160 gratiae
1515 2076 1774 2160 magnitudinem
1803 2095 1919 2140 ornare
1953 2074 2114 2140 voluerit?

117 2171 232 2230 aarum
259 2167 368 2228 eontra
394 2161 508 2242 faeiem
536 2157 663 2224 Sedom:
690 2166 719 2225 et
740 2158 903 2226 Abrabam
931 2159 996 2224 shut
1021 2179 1093 2224 eum
1143 2162 1258 2244 Neque
1286 2163 1374 2226 enim
1402 2161 1436 2227 id
1466 2162 1545 2227 satis
1577 2162 1749 2246 magnifiee
1777 2181 1836 2244 pro
1865 2160 2026 2244 dignitate
2055 2181 2114 2226 ex-

116 2253 163 2317 eis
184 2253 221 2312 ut
241 2247 402 2314 deduceret
421 2265 479 2310 eos.
525 2246 575 2310 1t.
601 2244 689 2310 Tune
712 2245 828 2310 Ieltouo
845 2246 942 2310 didit:
964 2248 1019 2310 Au
1040 2265 1093 2328 eqo
1143 2247 1215 2312 tolli
1236 2258 1351 2330 potest,
1373 2247 1458 2330 quod
1482 2249 1683 2330 promittitur
1705 2246 1806 2324 Isaeo,
1833 2267 1873 2310 er
1896 2267 1961 2329 quo
1982 2245 2115 2311 tandem

117 2335 219 2402 celabo
249 2331 412 2398 Atratus
437 2331 518 2412 quod
544 2350 597 2414 epo
625 2330 734 2407 sario?
777 2331 826 2396 18.
856 2331 901 2396 Et
927 2329 1093 2395 Abrabam
1144 2333 1266 2399 mundo
1308 2331 1467 2418 affulgeat
1505 2332 1684 2416 redemptio
1723 2341 1756 2397 et
1795 2333 1892 2398 salus.
1948 2330 2116 2414 Quidquid

116 2423 178 2487 erit
200 2421 236 2484 iu
262 2423 381 2503 pentem
407 2437 555 2501 moqoum
574 2420 603 2482 et
621 2417 747 2497 forum,
778 2423 806 2482 et
831 2416 1004 2482 benedicent
1030 2416 1093 2481 sibi
1143 2418 1260 2484 horum
1283 2418 1340 2498 sit,
1367 2418 1517 2484 videmus
1539 2419 1637 2484 luisse
1665 2439 1798 2484 eausam
1819 2439 1879 2484 our
1898 2419 2018 2482 iterum
2041 2437 2117 2500 pro·

115 2509 151 2572 iu
172 2525 210 2572 eo
232 2507 456 2586 manupastus
478 2507 586 2568 terroe.
628 2500 677 2568 19.
700 2502 782 2585 Quia
803 2503 876 2568 aovi
896 2521 983 2566 aem:
1000 2521 1092 2584 prop
1143 2507 1262 2570 missus
1279 2505 1378 2569 luerit
1397 2504 1497 2570 Isaeo.
1533 2505 1585 2570 De
1602 2525 1680 2570 voee
1703 2503 1832 2569 Mamre
1849 2503 1991 2569 diximus
2013 2505 2118 2586 eapite

115 2598 202 2658 meu
218 2590 393 2673 praeripiet
410 2587 493 2669 filiis
512 2590 597 2666 suis,
620 2594 649 2653 et
667 2588 775 2654 doruui
799 2607 875 2653 aeae
895 2592 969 2669 post
988 2607 1036 2666 ee,
1065 2592 1094 2650 et
1144 2590 1269 2657 deoimo
1291 2590 1397 2656 tertio.
1431 2589 1621 2656 Verisimile
1644 2600 1695 2655 aet
1716 2589 1783 2656 illie
1809 2590 1907 2655 luisse
1929 2597 2118 2673 qneraatnm

115 2676 289 2744 custodient
308 2676 394 2739 oium
415 2672 561 2752 Iehoooe,
588 2678 623 2738 ut
640 2674 939 2756 facientiuetitium
959 2678 988 2738 et
1007 2673 1091 2738 iudi·
1143 2675 1199 2742 ubi
1230 2684 1365 2759 propter
1397 2676 1458 2742 looi
1490 2674 1753 2742 eommoditatam
1787 2675 1986 2742 habitaverit
2011 2675 2117 2740 Abra·

115 2767 219 2842 dum,
245 2765 280 2826 ut
308 2761 410 2825 uenire
436 2760 536 2841 faeiat
558 2759 674 2825 Ielrooo
700 2779 797 2842 super
818 2758 983 2825 Abrabam
1010 2759 1092 2841 quod
1144 2761 1232 2827 ham.

115 2851 266 2930 ioqruutm
294 2851 340 2910 eat
371 2865 466 2925 asper
497 2865 576 2909 eum,
631 2845 682 2912 20.
714 2845 827 2927 Itaque
858 2845 940 2910 diuit
961 2843 1093 2910 Ielsooa:
1229 2848 1259 2913 2.
1280 2846 1323 2912 111
1344 2867 1407 2914 eeoe
1427 2851 1491 2914 tres
1511 2847 1583 2912 viri.
1623 2846 1820 2930 Priusquam
1843 2845 1885 2912 ad
1909 2847 2121 2930 praeeipuam

117 2935 248 3001 Clamor
271 2930 381 2997 Sedom
402 2936 429 2994 et
451 2929 615 2996 Homorub
635 2936 713 2996 certe
737 2931 962 3012 adepturos
982 2935 1041 3007 est,
1064 2938 1093 2994 et
1144 2941 1243 3017 eaput
1271 2932 1447 2999 deseendat
1476 2933 1602 3007 Mosae.
1632 2934 1738 2998 sanati
1765 2932 1832 2997 viri
1863 2931 2120 3018 hospitalitatem

109 3024 275 3104 pensatum
292 3037 398 3082 eorum
414 3016 520 3097 utique
536 3023 740 3100 apparatum
757 3021 802 3081 est
822 3015 920 3081 valde.
960 3016 1012 3081 21.
1029 3014 1093 3081 Do-
1144 3020 1239 3084 nobis
1261 3018 1428 3085 describit:
1453 3039 1490 3083 ue
1512 3017 1646 3102 angelos
1669 3019 1818 3083 nominat
1839 3019 1936 3099 viros,
1957 3020 2034 3101 quia
2054 3017 2117 3083 hn-

114 3106 266 3173 seeudom
286 3123 383 3181 uuae,
408 3102 557 3168 etuidebo
582 3122 624 3167 au
653 3104 820 3168 secuudum
839 3101 1004 3168 clamorem
1024 3104 1093 3166 eius
1143 3107 1249 3171 manis
1270 3104 1458 3187 oorporibus
1479 3106 1585 3169 induti
1609 3125 1674 3168 non
1701 3102 1788 3169 aliud
1812 3124 1889 3187 pree
1910 3125 1945 3170 so
1967 3102 2114 3168 ferebant

115 3193 174 3276 qui
197 3191 279 3255 vertit
300 3189 342 3253 od
363 3208 427 3267 me,
448 3188 580 3270 feceriut
598 3190 898 3265 unumunurm,
923 3189 1002 3252 etsi
1020 3207 1090 3264 nou,
1142 3212 1238 3274 quam
1261 3212 1297 3256 se
1324 3191 1472 3256 homines
1499 3211 1580 3256 esse.
1624 3189 1727 3273 quue
1752 3191 1875 3256 fautum
1896 3198 1947 3256 ost
1967 3189 2114 3256 oonsulto

114 3280 230 3344 seiont
273 3272 390 3340 22111
418 3278 573 3338 renuunt
597 3293 631 3338 ee
655 3274 727 3339 iude
752 3275 817 3339 oiri
836 3279 866 3338 et
887 3279 1093 3356 paruarum
1142 3286 1182 3341 ut
1202 3297 1256 3342 eos
1278 3287 1432 3359 tanquam
1455 3276 1603 3342 homines
1624 3277 1803 3359 exeipieus,
1829 3277 1997 3343 oaritatem
2018 3295 2114 3340 suam

115 3365 151 3429 iu
185 3361 314 3427 Sedom:
342 3361 410 3440 ipse
437 3379 508 3424 uero
536 3358 700 3425 Atratum
732 3359 833 3426 adium
858 3358 960 3425 stetu
987 3376 1093 3424 mrum
1142 3363 1304 3447 probaret.
1355 3362 1468 3444 Neque
1497 3364 1585 3426 enim
1614 3363 1735 3427 nostris
1762 3362 1892 3442 offioiis,
1924 3381 2007 3444 quae
2036 3381 2115 3426 vera

115 3449 247 3514 Iebooo.
282 3446 334 3511 23.
358 3445 403 3510 Ε1
422 3445 548 3510 occessit
565 3444 736 3521 nauum,
757 3445 904 3511 eddidit:
927 3443 1093 3526 Numquid
1142 3457 1220 3514 suut
1245 3448 1391 3513 ueritatis
1419 3445 1629 3527 dounmenta,
1665 3448 1815 3532 indigent
1842 3448 1960 3531 angeli.
2010 3447 2114 3511 Porro

114 3536 216 3602 eliam
245 3531 407 3613 disperdes
437 3531 555 3596 iustum
586 3550 657 3596 mm
686 3531 810 3612 impio?
862 3530 913 3596 24.
947 3529 984 3594 Si
1012 3530 1093 3612 sorte
1142 3533 1348 3617 hospitalitas
1369 3534 1406 3597 in
1427 3534 1493 3597 illie
1522 3535 1731 3616 praecipuum
1761 3533 1869 3599 losum
1892 3535 1962 3598 iure
1979 3533 2112 3611 obtinet,

112 3621 243 3704 fuerint
274 3617 501 3700 quinquaqinta
529 3617 606 3682 iusti
626 3618 712 3681 iutro
743 3618 911 3695 oioitotem,
940 3614 1093 3697 numquid
1142 3621 1218 3705 quia
1246 3641 1312 3685 non
1341 3619 1488 3703 vulgaris
1515 3627 1565 3683 est
1593 3619 1715 3697 virtue,
1744 3619 1860 3685 iuvare
1889 3618 2037 3683 homines
2062 3618 2113 3681 in-

113 3708 215 3774 etium
233 3703 401 3786 disperdes,
420 3707 524 3766 etuou
535 3721 649 3783 porres
658 3701 855 3784 hropropler
864 3703 1093 3786 qseiuqeeaqiutu
1141 3705 1305 3789 eognitos,
1327 3703 1485 3788 aquibus
1507 3702 1590 3768 nihil
1612 3704 1952 3787 speraturmereedis.
1997 3702 2113 3770 Solent

112 3794 219 3858 iustos
241 3791 298 3871 qui
318 3794 389 3853 suad
416 3789 503 3853 iutro
530 3788 624 3853 eom?
667 3788 718 3854 25.
740 3788 833 3854 Atat
852 3788 910 3853 tibi
929 3793 965 3852 ut
989 3786 1093 3869 fotius
1141 3793 1229 3856 enim
1252 3790 1487 3873 utplurimum
1511 3789 1677 3869 homines,
1707 3811 1807 3873 quum
1834 3791 1907 3856 aliis
1929 3811 1965 3854 se
1985 3790 2113 3872 impen-

112 3876 289 3944 seoundum
309 3894 374 3938 reru
395 3873 489 3952 boue,
517 3878 551 3936 ut
571 3875 653 3938 mori
671 3877 776 3956 focius
802 3875 920 3938 iustum
939 3893 1009 3938 oum
1030 3874 1092 3937 im·
1142 3875 1238 3952 dunt,
1266 3889 1399 3942 mutuas
1427 3877 1514 3941 vices
1542 3887 1688 3958 oaptare:
1720 3877 1777 3959 qui
1799 3886 1908 3941 autem
1930 3874 2113 3958 hospitibus

107 3967 180 4046 pio,
204 3967 233 4026 et
253 3961 296 4026 sit
314 3961 420 4025 iratus
440 3960 521 4024 stau
547 3959 683 4041 irnpius:
708 3960 789 4025 ebat
809 3959 881 4034 tibi.
903 3979 946 4025 ou
967 3959 1023 4040 qui
1043 3959 1092 4022 iu-
1141 3973 1176 4027 at
1202 3961 1391 4028 hominibus
1422 3962 1598 4044 inoognitie
1629 3959 1788 4045 benignus
1818 3972 1880 4041 est,
1913 3963 2056 4046 gratuito
2077 3979 2113 4026 se

112 4052 180 4117 deu
209 4051 255 4111 est
282 4047 383 4110 mauis
409 4049 510 4109 terroe
537 4065 598 4110 uon
629 4046 724 4128 fuoiet
750 4045 927 4111 iudicium?
968 4043 1020 4109 26.
1049 4043 1094 4108 Et
1140 4048 1309 4114 liberalem
1339 4067 1409 4112 essa
1436 4047 1561 4131 probat.
1614 4045 1725 4127 Quare
1759 4067 1823 4112 non
1843 4061 1973 4130 ¹parum
2008 4044 2113 4110 landis

113 4131 346 4200 diuitIeboua:
364 4130 402 4195 Si
418 4132 610 4196 iuoeueroiu
623 4131 734 4196 Sodom
750 4133 977 4215 quirequeqiuto
994 4131 1093 4195 iustos
1141 4143 1287 4199 meretur
1317 4132 1471 4198 Abrahae
1509 4133 1711 4212 humanitas,
1751 4133 1836 4216 quod
1870 4132 2018 4198 homines
2050 4131 2113 4196 sibi

112 4224 206 4288 iutra
228 4218 396 4317 ciuitatum,
412 4217 622 4316 puroamntoti
642 4217 704 4282 loeo
720 4222 848 4299 propter
869 4237 928 4316 eos:
974 4216 1030 4316 2⁷¹.
1049 4215 1093 4281 Et
1141 4220 1287 4304 ignotos,
1309 4240 1330 4285 a
1351 4219 1469 4301 quibus
1492 4217 1574 4283 nihil
1596 4216 1743 4318 benelioii
1761 4227 1944 4318 aesopum,
1971 4226 2005 4283 et
2026 4216 2113 4317 unde

112 4301 1093 4487 aestumatissimus
1141 4301 2114 4475 111“;11.11“1111.11110“1111111111

112 4478 240 4560 fueriut
260 4474 298 4539 de
318 4478 545 4555 qusaquuqmtu
565 4475 659 4539 iustis
679 4475 829 4556 quiaque,
857 4475 1011 4556 numquid
1027 4474 1092 4539 dte-
1141 4478 1285 4544 oessitati
1306 4484 1517 4542 suoourreret.
1555 4473 1655 4540 Videt
1675 4475 1777 4540 lassos
1795 4495 1835 4540 ex
1858 4476 1984 4552 itinere,
2005 4471 2113 4539 oalore

107 4563 233 4646 perdes
245 4563 372 4641 propter
389 4559 525 4640 quiaque
542 4564 637 4624 totam
657 4559 836 4626 ciuitatem?
857 4565 886 4624 et
901 4560 999 4625 dixit:
1018 4560 1092 4625 Nou
1142 4562 1241 4627 etiam
1270 4561 1432 4628 oonteotos
1454 4581 1524 4626 esee
1546 4582 1611 4625 non
1634 4559 1776 4625 dubitat:
1806 4570 1936 4644 reputat
1958 4560 2111 4625 infestum

112 4645 303 4728 disperdam
333 4645 365 4710 si
395 4645 538 4710 inuenero
568 4644 613 4710 ibi
643 4647 853 4730 quoodropioto
883 4650 911 4710 et
946 4646 1090 4728 quinque.
1142 4648 1320 4714 viatoribus
1342 4647 1405 4711 diei
1427 4655 1571 4730 tempus:
1595 4646 1693 4710 solari
1714 4646 1817 4729 igitur
1834 4655 1867 4711 et
1889 4645 1999 4710 levare
2021 4645 2112 4727 eupit

114 4734 171 4801 29.
196 4731 239 4795 Et
261 4729 386 4796 addidit
413 4728 514 4796 adhue
535 4737 570 4795 ut
590 4731 764 4812 loqueretur
783 4733 826 4797 ud
846 4751 924 4810 euru,
947 4731 1092 4797 etdieit:
1141 4735 1197 4817 qui
1219 4733 1265 4799 eie
1293 4733 1451 4797 laborant.
1495 4731 1543 4802 Et
1563 4740 1650 4797 uerte
1671 4733 1741 4815 ipse
1763 4741 1899 4797 naturae
1924 4750 2040 4796 soneus
2061 4732 2111 4796 iu·

115 4821 157 4885 Si
180 4819 263 4898 forte
294 4817 412 4880 tauma
435 4815 557 4897 fuerint
584 4817 629 4882 ibi
649 4815 885 4899 quosquos?
929 4815 974 4881 Et
992 4817 1092 4882 dieii:
1140 4817 1265 4886 vandoe
1286 4818 1429 4884 maxime
1457 4836 1529 4882 esee
1557 4815 1700 4900 hospites
1728 4816 1843 4883 dietat:
1872 4817 1936 4883 nisi
1958 4837 2018 4882 nos
2039 4835 2112 4882 eae

115 4905 197 4972 Non
215 4902 337 4984 forium
354 4907 484 4984 propter
504 4903 723 4987 quadruplata.
768 4901 820 4967 30.
842 4901 886 4966 Et
913 4902 1012 4967 didit:
1042 4902 1092 4967 Ne
1141 4926 1199 4972 aue
1221 4924 1312 4970 amor
1333 4903 1437 4969 nostri
1458 4901 1500 4968 ad
1521 4903 1722 4968 meroenaria
1742 4905 1850 4986 potine
1871 4903 1978 4969 oih'oia
1998 4902 2113 4986 impel-

113 5009 206 5056 uuao
226 4987 269 5053 sit
289 4988 343 5051 iro
363 4986 501 5052 Dorniuo
521 5006 599 5064 meo,
620 4993 649 5052 et
670 4987 797 5070 loquor:
819 4987 857 5052 Si
875 4988 954 5069 forte
974 4989 1092 5054 uvat
1140 4991 1231 5058 leret.
1270 4989 1363 5056 Nulli
1384 4990 1470 5055 enim
1493 4987 1716 5055 miserioordia
1737 4999 1771 5054 st
1792 4987 1915 5054 auxilio
1937 4988 2110 5073 digniores,

111 5075 243 5162 suerint
259 5071 304 5137 soi
325 5071 483 5156 uipiuffl
502 5071 546 5137 Et
565 5074 662 5139 dieii:
684 5073 756 5138 Nou
771 5073 890 5156 [urum
905 5075 936 5138 si
950 5074 1093 5140 invenero
1142 5097 1239 5161 quam
1269 5097 1349 5160 qnos
1381 5073 1524 5142 vidimus
1553 5085 1619 5139 tam
1652 5075 1766 5140 amieis
1797 5094 1895 5158 quam
1927 5074 2112 5139 domestiois

112 5163 163 5228 soi
187 5159 328 5243 triptota
363 5157 415 5223 31.
439 5156 484 5222 Et
504 5158 602 5224 didit:
623 5159 716 5238 Eeoe,
738 5178 821 5225 uuae
840 5159 925 5240 ooepi
944 5158 1029 5240 loqui
1049 5159 1093 5225 ud
1141 5161 1319 5228 eommodis
1350 5159 1492 5226 destitui.
1543 5160 1659 5244 ltaque
1687 5169 1720 5226 et
1752 5172 1900 5226 sanetum
1928 5161 1963 5224 in
1996 5159 2111 5244 primis

112 5280 326 5294 —----
1143 5247 1223 5314 olim
1245 5247 1391 5313 habitum
1410 5246 1474 5311 fuit
1490 5247 1544 5310 ius
1567 5246 1698 5329 hospitii
1718 5248 1803 5330 apud
1826 5266 1939 5311 omnes
1960 5247 2108 5328 populos:

190 5345 223 5414 1)
239 5343 277 5398 ta
292 5345 791 5414 numerumnunerum
810 5347 871 5401 erit
1143 5352 1203 5398 nee
1229 5331 1383 5417 probrum
1409 5331 1513 5398 ullum
1541 5333 1646 5416 magis
1674 5332 1864 5399 detestabile
1891 5352 1986 5416 quam
2010 5329 2111 5410 ἄξενον
