5000 6208
394 422 456 486 ree
1015 505 1021 514 ⁵
1047 415 1416 484 eeuuannxarus
1438 417 1489 482 us
1506 415 1720 483 ensesue
2315 417 2376 480 reo

392 608 587 674 mediocrem
615 614 694 672 tunc
716 605 815 670 fnisse
837 604 1004 670 hominurn
1027 615 1164 681 statum,
1190 614 1228 671 ut
1250 606 1276 671 si
1300 605 1355 687 qui
1408 626 1471 669 nus
1499 606 1597 669 fuerit
1624 604 1780 682 Nemrod,
1808 627 1907 689 quum
1936 605 2084 689 sequenti
2114 605 2243 670 taudem
2271 608 2377 689 eapite

392 696 465 760 aliis
488 703 691 777 praeessent,
712 713 777 756 uon
800 705 908 755 tamen
932 691 1192 770 dominarentur,
1216 713 1274 756 nee
1295 691 1357 755 sibi
1409 690 1559 755 subiiciat
1580 691 1688 756 Moses
1715 693 1877 772 inceptam
1908 692 1976 757 illic
2004 692 2103 757 fuisse
2133 693 2265 766 turrim,
2294 713 2379 774 qnae

391 781 516 864 regium
550 779 721 860 imperium
753 794 934 856 sumerent,
969 778 1025 842 sed
1058 776 1215 858 dignitate
1249 777 1359 858 aliqua
1408 797 1528 840 nemen
1546 798 1565 840 a
1582 776 1705 860 linguis
1722 778 1863 843 confusis
1880 780 1993 843 sortita
2010 792 2068 842 est.
2099 776 2240 858 Quidam
2258 772 2379 857 ieamer

392 864 534 931 contenti
563 863 691 928 civilem
720 863 754 926 in
783 862 913 926 medum
938 874 1089 946 regerent
1111 862 1205 939 alios,
1232 872 1265 926 et
1286 861 1358 943 plus
1407 861 1554 944 πρότερον
1585 883 1655 927 esse
1690 863 1819 938 volunt,
1853 875 1886 926 et
1913 861 1997 944 qued
2025 873 2138 945 postea
2166 863 2206 928 do
2233 863 2379 930 aedificio

341 986 347 992 ·
392 950 573 1016 autoritatis
602 948 759 1012 haberent
787 970 881 1029 quarn
916 950 1089 1030 potentiae.
1141 948 1241 1013 Hune
1271 948 1358 1010 enim
1409 949 1510 1010 turris
1532 948 1677 1012 narrabit
1700 949 1823 1025 Moses,
1846 949 1944 1014 fuisse
1966 949 2120 1030 temperis
2142 948 2254 1013 ordine
2276 952 2377 1032 prius.

391 1038 650 1101 vetustissimum
690 1034 789 1098 fuisse
830 1032 942 1099 mundi
983 1044 1105 1100 stetum
1138 1034 1285 1098 Iustinus
1318 1053 1358 1096 ex
1410 1032 1499 1113 Quin
1522 1034 1619 1097 etiarn
1638 1033 1770 1114 addunt,
1792 1035 1869 1116 quia
1885 1034 1968 1098 male
1990 1044 2130 1099 cesserat
2152 1036 2251 1098 turris
2273 1045 2381 1100 strue·

391 1123 500 1206 'Prege
534 1120 641 1185 refert.
698 1120 766 1183 Iam
801 1118 878 1184 dicit
915 1121 1039 1196 Moses,
1077 1119 1233 1195 Nemrod,
1267 1117 1360 1200 quasi
1410 1128 1486 1182 tura
1508 1128 1669 1182 mutatum
1693 1121 1792 1183 fuisse
1814 1120 1983 1184 eonsilium
2009 1130 2043 1182 ut
2060 1121 2171 1184 urbem
2190 1119 2379 1185 conderent.

392 1208 510 1273 oblitus
538 1207 624 1270 foret
645 1226 679 1269 se
701 1205 866 1269 hominem
897 1225 984 1281 esse,
1013 1225 1185 1288 occupasse
1211 1204 1358 1268 altiorem
1410 1205 1512 1286 Atqui
1535 1225 1595 1286 ege
1618 1204 1721 1286 magis
1744 1207 1895 1268 existimo
1920 1202 2063 1288 πρόληψιν
2086 1227 2172 1282 esse,
2203 1219 2236 1269 et
2258 1228 2382 1270 nemen

392 1291 538 1378 gradum.
578 1290 722 1354 Vivebat
743 1298 821 1355 tune
843 1289 1069 1365 adbuaNeah,
1088 1312 1184 1373 quem
1201 1310 1358 1372 magnum
1411 1289 1484 1354 urbi
1502 1290 1598 1354 tribui
1618 1311 1637 1354 a
1656 1291 1756 1362 Mose,
1775 1289 1860 1372 quod
1878 1302 1988 1373 postea
2005 1313 2045 1353 ex
2065 1311 2167 1355 novae
2188 1292 2237 1356 rei
2258 1303 2383 1355 eventu

393 1393 425 1444 et
446 1377 666 1442 venerabilem
690 1375 840 1441 omnibus
869 1376 969 1442 fuisse
997 1388 1121 1442 certum
1150 1387 1208 1440 est.
1255 1377 1360 1439 lt'rant
1410 1375 1474 1439 fuit
1497 1376 1694 1456 impositum.
1739 1375 1829 1439 Hace
1857 1377 2060 1441 coniecturae
2089 1378 2264 1452 reticeat,
2295 1377 2383 1458 qued

393 1477 425 1528 et
447 1463 501 1528 alii
521 1472 725 1545 praestantes
746 1462 822 1526 viri:
846 1461 904 1526 sed
927 1462 1001 1527 talis
1023 1482 1135 1526 eorum
1157 1473 1229 1526 erat
1250 1460 1359 1525 mede·
1411 1461 1476 1524 iam
1499 1471 1577 1525 tune
1605 1461 1723 1525 multos
1749 1460 1849 1526 fuisse
1879 1462 1949 1525 eins
1978 1461 2038 1526 leei
2065 1462 2187 1526 incolas
2214 1461 2384 1544 probabile

392 1550 485 1627 ratio,
507 1559 544 1613 nt
566 1546 796 1629 aequalitatem
817 1547 961 1612 celerent
983 1567 1057 1612 cum
1079 1549 1147 1612 suis
1169 1547 1359 1621 minoribus,
1412 1559 1478 1622 est,
1501 1546 1557 1628 qui
1579 1555 1704 1610 tantam
1725 1547 1831 1628 operis
1853 1548 1972 1612 melem
1993 1549 2137 1630 aggressi
2160 1561 2245 1612 sunt.
2292 1548 2385 1612 Fieri

393 1636 448 1718 qui
475 1642 590 1716 sponte
619 1631 723 1716 magis
749 1654 803 1697 ees
834 1635 1066 1698 reverebantur
1098 1654 1194 1714 quam
1224 1631 1360 1714 imperio
1412 1632 1510 1722 entiam
1544 1641 1650 1714 petest
1679 1643 1714 1696 ut
1744 1632 1885 1697 Nemrod
1919 1633 2023 1696 famae
2052 1645 2084 1698 et
2112 1634 2277 1715 potentiae
2303 1653 2385 1698 suae

394 1721 504 1787 coacti.
548 1719 658 1783 Huius
679 1717 852 1782 modestiae
874 1719 955 1782 fines
978 1719 1121 1783 turbavit
1143 1739 1180 1783 ae
1205 1717 1362 1800 perfregit
1413 1716 1595 1794 beneolens,
1619 1717 1680 1782 hoc
1699 1726 1869 1800 praetextu
1890 1719 2038 1782 insanam
2061 1739 2172 1783 eoram
2194 1720 2384 1803 cupidinem

394 1806 527 1872 ambitio
558 1804 711 1868 Nemrod.
766 1804 867 1867 Perre
899 1825 999 1886 quum
1032 1805 1112 1868 satis
1143 1812 1269 1868 constet
1301 1802 1361 1867 hec
1413 1803 1609 1882 accenderit,
1646 1803 1880 1868 exstruendum
1914 1824 1983 1868 esse
2017 1805 2218 1884 praeclarum
2252 1805 2387 1887 aliquod

392 1893 494 1958 Mesia
516 1891 619 1972 elogio
640 1889 728 1952 inuri
752 1898 893 1972 tyranno
916 1901 1082 1954 aeternam
1103 1889 1214 1971 probri
1240 1897 1360 1960 notam.
1414 1898 1660 1954 monumentum
1682 1889 1719 1951 in
1742 1909 1805 1970 quc
1835 1899 1966 1952 aeterna
1992 1890 2121 1954 illorum
2146 1891 2303 1955 memoria
2324 1914 2388 1956 ex-

391 1977 469 2042 hinc
497 1985 640 2040 statuere
670 1975 743 2038 lieet
774 1985 929 2056 quantum
951 1974 1022 2039 Dee
1048 1976 1174 2058 placeat
1196 1974 1363 2062 moderata
1413 1984 1525 2038 staret.
1571 1973 1745 2038 (laetarum
1769 1975 1845 2055 qnia
1867 1974 2026 2038 Hebraeis
2059 1976 2172 2039 tritum
2198 1986 2265 2044 est.
2299 1997 2388 2058 quaa

392 2062 630 2127 administratio
659 2061 746 2124 inter
775 2059 933 2126 hemines.
978 2062 1023 2124 Et
1050 2071 1138 2126 certe
1160 2061 1304 2141 quisquis
1327 2079 1362 2124 sa
1413 2060 1556 2125 breviter
1578 2061 1771 2144 attigerant,
1797 2061 1900 2124 rusius
1922 2059 2038 2125 deinde
2060 2063 2219 2142 persequi,
2241 2063 2386 2144 priorem

392 2147 559 2211 hominem
589 2167 659 2210 esse
681 2147 875 2220 meminerit,
898 2144 1014 2210 lubens
1036 2167 1109 2211 enm
1133 2145 1205 2210 aliis
1226 2147 1361 2211 societa—
1413 2145 1502 2209 illam
1526 2147 1722 2209 sententiam
1744 2167 1875 2226 prorsus
1897 2167 1960 2209 nen
1985 2147 2102 2212 reiieie.

391 2243 458 2298 tem
480 2233 571 2298 celet.
617 2230 785 2311 Quantum
808 2229 849 2294 ad
871 2234 969 2296 verba
998 2242 1136 2313 spectat,
1159 2244 1211 2298 ἰιι
1234 2232 1362 2313 proprie
1500 2231 1550 2294 11.
1584 2230 1619 2294 Ε
1647 2235 1732 2295 terre
1764 2231 1821 2295 ilie
1858 2251 1998 2314 egrotare
2031 2237 2075 2297 est
2106 2233 2220 2297 Assur.
2278 2236 2389 2297 Assur

392 2320 599 2385 venationem
617 2317 787 2400 significat,
806 2330 844 2380 ut
862 2316 975 2381 velunt
992 2317 1197 2400 grammatici
1215 2316 1361 2381 hebraei:
1413 2337 1517 2380 renum
1539 2316 1639 2381 fnisse
1660 2337 1700 2379 cx
1731 2316 1869 2398 posteris
1889 2315 1967 2381 Sem
1997 2317 2149 2382 credibile
2170 2330 2227 2382 est.
2274 2318 2389 2401 Vulgo

393 2405 551 2486 accipitur
579 2414 689 2466 tamen
719 2423 815 2484 saepe
838 2424 895 2485 pro
916 2403 995 2468 cibe.
1042 2400 1119 2468 Sive
1145 2414 1253 2467 autern
1276 2402 1363 2466 dieat
1414 2411 1522 2466 autam
1555 2401 1695 2465 obtinuit
1727 2401 1836 2485 opinio
1869 2401 1962 2478 haee.
2004 2424 2060 2484 per
2096 2404 2297 2468 occasionem
2330 2405 2390 2469 bic

393 2491 502 2554 Moses
520 2489 617 2552 fuisse
633 2487 800 2552 robustum
817 2489 853 2550 in
873 2489 1051 2566 venatione,
1069 2489 1137 2552 sive
1155 2489 1189 2551 in
1207 2484 1363 2570 rapienda
1414 2486 1513 2550 verba
1541 2485 1581 2550 de
1605 2509 1642 2551 ee
1670 2489 1740 2551 fieri
1767 2486 1850 2568 qued
1881 2509 1979 2570 quum
2010 2489 2172 2553 habitaret
2199 2490 2233 2552 in
2264 2489 2390 2553 vicinia

393 2575 528 2658 praeda,
566 2571 783 2655 metaphorice
813 2574 977 2656 signifieat
1008 2574 1228 2639 truculentum
1261 2572 1362 2636 fuisse
1415 2571 1568 2648 Nemrod,
1592 2573 1749 2637 violenter
1770 2573 1845 2636 inde
1868 2574 2023 2655 expulsus
2046 2572 2152 2639 fuerit.
2194 2575 2388 2639 Haemode

394 2661 574 2728 hominem.
609 2668 642 2722 et
674 2658 790 2724 belluis
821 2659 1002 2741 propiorem
1036 2681 1133 2741 quam
1168 2659 1360 2723 hominibus.
1416 2657 1582 2722 barbaram
1607 2659 1757 2724 ferociam
1775 2658 1919 2722 Nemrod
1937 2670 2064 2724 uetaret
2082 2660 2198 2725 Moses.
2235 2661 2280 2724 Et
2296 2671 2391 2726 certe

393 2745 562 2811 Partieula
593 2743 705 2809 Οοναιιι
733 2743 885 2821 Domine,
913 2745 1095 2826 exprimere
1124 2745 1216 2808 mibi
1234 2744 1363 2808 videtur
1415 2745 1450 2810 hi
1479 2744 1583 2808 solent
1611 2766 1680 2808 esse
1708 2745 1832 2808 fructus
1861 2744 2110 2828 magnitudinis,
2138 2766 2220 2828 quae
2250 2745 2389 2810 modum

393 2831 477 2914 qued
499 2828 643 2895 Nemrod
664 2830 806 2893 eximere
828 2850 863 2894 se
884 2837 1021 2895 cenatus
1042 2832 1085 2894 sit
1106 2851 1124 2894 a
1146 2850 1282 2894 numere
1305 2829 1362 2893 he·
1416 2848 1480 2894 nen
1505 2840 1606 2894 tenet:
1636 2827 1722 2894 unde
1750 2829 1868 2911 prodiit
1890 2843 1984 2894 vetus
2013 2831 2237 2912 proverbium,
2262 2833 2391 2914 Magna

394 2918 537 2993 minum,
576 2913 849 2996 quemadmodum
885 2915 1016 3000 superbi
1049 2916 1198 2981 hemines
1230 2923 1364 2979 ventosa
1415 2936 1518 2998 regna
1545 2937 1615 2980 esse
1643 2935 1762 2998 magna
1789 2915 1963 2980 latrocinia.
2009 2916 2147 2982 Necesse
2175 2915 2304 2997 quidem
2334 2932 2391 2981 est

394 3001 590 3069 confidentia
618 3021 688 3066 sese
714 3000 870 3079 efferunt,
903 3012 941 3065 nt
970 3001 1110 3084 reliquos
1138 3021 1250 3066 omnes
1272 3001 1364 3082 quasi
1417 3000 1755 3083 aliosaliispraeasse:
1775 2999 2391 3084 sedubigrassaturambitie.etlibide

396 3111 437 3154 ex
461 3087 599 3152 nubibus
622 3085 809 3168 despiciant.
1417 3087 1514 3151 altius
1535 3086 1721 3169 emergendi
1751 3107 1849 3168 quam
1876 3107 1934 3168 par
1963 3100 2026 3166 est,
2055 3108 2120 3151 nen
2149 3087 2246 3152 mede
2274 3108 2391 3153 seeum

483 3174 676 3254 Quapropter
692 3173 819 3237 dneur.
855 3171 1021 3252 Quoniam
1039 3171 1173 3236 verbum
1192 3180 1241 3236 est
1261 3171 1364 3235 lutari
1416 3172 1520 3236 trahit
1541 3173 1702 3236 maximas
1724 3183 1756 3234 et
1778 3173 1974 3254 multiplices
1996 3173 2147 3237 iniurias:
2176 3173 2232 3236 sed
2256 3173 2300 3250 ad
2318 3174 2391 3239 dis-

395 3259 558 3341 temperis,
581 3259 627 3321 ita
649 3257 769 3321 resolvi
791 3267 911 3339 petest:
935 3256 1079 3323 Nemrod
1100 3264 1226 3341 petens,
1248 3267 1282 3320 et
1302 3257 1364 3321 im·
1416 3259 1607 3340 siper-ionem
1630 3278 1756 3339 qnoque
1776 3259 1938 3323 humanae
1960 3259 2121 3323 societatis
2142 3279 2244 3340 prena
2266 3263 2390 3343 vergit.

394 3346 539 3429 perinsus
561 3343 631 3421 luit,
653 3353 691 3406 ut
713 3341 819 3408 dicere
842 3343 950 3415 liceat.
973 3343 1151 3425 quemlibet
1170 3343 1287 3407 fertem
1310 3354 1363 3424 ty·
1416 3345 1589 3410 Caeterum
1619 3346 1725 3425 petius
1754 3345 1929 3425 amplector
1958 3365 2068 3408 eorum
2095 3345 2307 3421 sententiam,
2329 3349 2393 3428 qui

394 3450 535 3495 rannum
558 3449 628 3493 esse
654 3428 794 3492 alterum
816 3428 969 3494 Nemrod.
1013 3422 1125 3494 Placet
1150 3437 1259 3492 tamen
1282 3427 1364 3492 Hie·
1414 3429 1604 3496 Assurhoe
1628 3430 1694 3494 leco
1717 3450 1780 3493 non
1804 3429 1958 3508 hominis,
1981 3429 2036 3494 sed
2055 3439 2162 3518 terrqe
2183 3431 2230 3494 sie
2252 3431 2292 3495 ab
2315 3433 2392 3513 ipso

393 3517 524 3598 renymi
543 3513 656 3590 versio,
675 3513 750 3577 inde
768 3534 919 3580 manasse
935 3514 1152 3598 proverbium,
1171 3513 1211 3578 de
1229 3515 1364 3577 fortibus
1414 3527 1550 3582 vocatae
1570 3536 1687 3579 nemen
1707 3535 1777 3579 esse
1795 3513 1915 3592 dicunt,
1942 3517 1988 3579 ita
2009 3537 2124 3579 sensus
2147 3517 2218 3593 erit,
2241 3517 2393 3581 Nemrod

395 3612 428 3666 et
450 3600 620 3675 violentis,
647 3620 701 3663 ees
724 3598 848 3663 similes
876 3621 945 3664 esse
968 3599 1120 3664 Nemrod.
1166 3599 1234 3663 Nec
1254 3597 1365 3663 dubito
1416 3602 1523 3684 ample
1537 3610 1570 3666 et
1586 3599 1739 3683 opulento
1757 3621 1857 3684 regno
1877 3622 1940 3665 non
1958 3613 2156 3674 contentam,
2175 3601 2310 3684 longius
2328 3626 2394 3668 sua

395 3685 475 3768 quin
497 3686 588 3748 Deus
617 3685 758 3766 primum
788 3684 972 3768 tyrannidis
1001 3699 1146 3750 autorem
1175 3686 1283 3750 odiose
1308 3705 1366 3765 per
1415 3687 1591 3769 eupiditate
1619 3695 1770 3768 vagatum
1802 3707 1888 3761 esse,
1915 3697 1948 3750 et
1976 3687 2149 3769 protulisse
2176 3688 2308 3769 imperii
2337 3695 2393 3754 sui

395 3774 540 3837 emnium
561 3791 618 3834 era
639 3770 763 3833 traduci
785 3770 935 3834 veluerit.
1415 3777 1496 3836 fines
1516 3792 1616 3853 usqne
1637 3773 1671 3834 in
1690 3772 1869 3854 Assyriam,
1894 3783 1926 3835 et
1947 3773 2013 3837 illic
2036 3793 2163 3856 queque
2185 3794 2285 3837 nevas
2310 3796 2392 3839 con-

482 3857 531 3920 10.
557 3855 755 3935 Princspe‘em
783 3857 872 3938 regni
900 3855 988 3920 illias
1006 3855 1115 3920 Bebel.
1161 3854 1280 3921 Sedens
1303 3857 1363 3918 im·
1416 3857 1534 3922 didisse
1567 3857 1672 3922 urbes.
1718 3857 1837 3921 Obstat
1865 3865 1993 3921 tanturn
2016 3858 2112 3923 unius
2138 3858 2262 3922 Iesaiae
2285 3859 2391 3937 loeus,

394 3942 477 4025 perii
494 3938 637 4005 Nemrod
656 3939 806 4022 designat
824 3940 940 4006 Moses.
984 3944 1094 4023 Atque
1112 3941 1208 4006 urbes
1226 3952 1364 4022 quatuor
1415 3942 1717 4030 (23,13)ubiait:
1748 3943 1831 4008 Buce
1862 3953 1950 4008 terra
1972 3943 2127 4008 Ohasdim
2157 3945 2297 4025 populus
2321 3968 2393 4010 nen
2497 3927 2498 3984 3

393 4027 443 4092 illi
461 4026 621 4091 subiectas
637 4026 737 4090 luisse
756 4024 846 4090 dicit:
872 4028 942 4090 sive
960 4046 1070 4090 carum
1089 4027 1190 4091 fuerit
1210 4025 1363 4104 eonditor,
1413 4032 1490 4104 luit,
1515 4032 1620 4094 Assur
1640 4028 1790 4092 fundavit
1811 4047 1897 4100 eam,
1922 4051 2021 4110 quum
2045 4029 2172 4093 deserta
2196 4031 2393 4110 incolerent,

395 4113 465 4177 sive
486 4113 587 4176 iustos
610 4109 684 4174 inda
707 4109 853 4175 domines
873 4112 1043 4194 expulerit.
1087 4113 1231 4176 'Pametsi
1254 4125 1361 4176 autem
1414 4128 1446 4181 et
1469 4115 1595 4198 redegit
1616 4115 1649 4177 in
1680 4114 1823 4189 ruinam,
1847 4124 1906 4177 ete.
1955 4113 2091 4178 Videtur
2114 4117 2201 4178 enim
2226 4116 2394 4198 propheta

394 4199 432 4262 fit
462 4198 539 4262 alibi
567 4196 717 4260 Chalneh
747 4197 886 4276 mentio,
919 4197 1127 4262 celeberrima
1159 4211 1269 4262 tamma
1303 4199 1363 4260 snit
1414 4203 1529 4279 dicere,
1548 4200 1643 4265 urbes
1660 4199 1700 4262 ab
1715 4200 1859 4282 Assyriis
1877 4198 2023 4265 conditas
2041 4199 2142 4264 fuisse
2159 4201 2193 4262 in
2208 4198 2391 4276 Chaldaea,

393 4285 538 4349 emnium
563 4282 730 4365 Babylon:
753 4303 813 4348 nec
835 4293 945 4347 tamen
968 4303 1005 4347 ea
1027 4283 1124 4346 luisse
1149 4283 1363 4364 amplitudine
1414 4309 1519 4371 quum.
1547 4286 1637 4366 prius
1669 4285 1739 4348 eius
1771 4285 1893 4349 incolae
1926 4287 1999 4367 vagi
2036 4306 2072 4348 ae
2102 4284 2236 4367 dispersi
2266 4287 2393 4353 ferent.

394 4383 428 4434 et
460 4382 527 4432 tam
562 4387 680 4450 magna
712 4377 877 4432 structura
907 4368 1008 4434 fuisse
1040 4369 1196 4445 arbitror,
1235 4369 1362 4451 qualem
1415 4387 1567 4454 tanquam
1595 4373 1627 4433 in
1661 4368 1796 4434 deserte.
1850 4368 1916 4433 Sed
1945 4372 2014 4434 lieri
2041 4379 2149 4452 potest
2176 4383 2214 4434 ιιι
2243 4372 2281 4435 de
2313 4375 2393 4438 aliis

393 4453 522 4539 profani
541 4452 713 4534 scriptores
731 4453 905 4518 celebrant.
946 4452 1013 4518 Sed
1034 4453 1105 4518 fieri
1130 4463 1242 4536 petest,
1264 4475 1362 4535 quum
1413 4477 1586 4538 regnorum
1606 4455 1848 4531 mutationibus,
1866 4477 1948 4539 quae
1964 4467 2036 4538 post
2052 4469 2207 4538 sequutae
2224 4467 2314 4532 sunt,
2341 4460 2393 4523 le·

394 4559 532 4606 amoena
553 4539 587 4602 in
618 4537 730 4620 primis
751 4547 784 4602 et
811 4538 968 4603 foecunda
995 4551 1080 4604 esset
1109 4541 1212 4620 regio,
1243 4550 1280 4601 ut
1302 4539 1363 4603 leci
1414 4553 1532 4627 quatur
1549 4541 1714 4622 propheta.
1754 4541 1924 4622 Namque
1948 4544 2394 4627 temporepenesAssyries

394 4623 604 4694 eornmeditas
634 4623 713 4687 alies
742 4622 857 4688 deiude
886 4625 1075 4688 invitaverit
1097 4625 1136 4688 ed
1159 4623 1273 4688 urbem
1295 4646 1363 4690 am·
1414 4645 1483 4692 erat
1500 4626 1695 4704 monarchia,
1719 4647 1817 4707 quum
1837 4629 1961 4710 ingenti
1985 4629 2075 4708 eopia
2093 4629 2255 4706 florerent,
2278 4631 2394 4694 eredi-

394 4711 570 4795 pliandam.
622 4707 732 4788 Quare
761 4710 953 4775 Aristoteles
987 4711 1020 4774 in
1050 4710 1194 4776 Politieis
1223 4731 1293 4774 eam
1322 4710 1363 4774 ab
1415 4715 1477 4779 bile
1499 4725 1547 4778 est
1565 4712 1772 4788 Ohaldaeam,
1796 4733 1893 4792 quam
1917 4711 1976 4775 sibi
1999 4709 2261 4793 subiugaverant,
2285 4715 2395 4800 longa

394 4795 526 4860 urbium
575 4794 687 4858 ordine
732 4793 924 4860 subductam
964 4795 1148 4876 provinciae
1187 4807 1362 4877 comparat.
1413 4819 1490 4882 pace
1511 4817 1657 4873 ornasse,
1687 4811 1719 4861 et
1748 4797 1890 4872 auxisse,
1922 4808 1958 4860 ιιι
1987 4796 2090 4861 videri
2119 4811 2227 4879 posset
2255 4799 2296 4864 ab
2324 4804 2397 4869 illis

394 4883 483 4946 Hinc
519 4881 641 4944 factum
668 4889 717 4943 est
744 4893 779 4944 ut
811 4881 905 4944 multi
932 4901 1012 4963 opus
1041 4879 1266 4946 Semiramidis
1294 4902 1364 4945 esse
1413 4884 1557 4948 lundata.
1610 4882 1739 4948 Scimus
1776 4893 1883 4946 autern
1921 4903 2022 4963 quum
2055 4882 2196 4948 vicissim
2225 4884 2396 4954 Chaldaei

397 4968 543 5032 tradant:
572 4987 677 5048 aqua
703 4965 758 5030 alii
780 4987 846 5031 nen
874 4967 973 5031 fnisse
995 4965 1174 5045 conditam,
1192 4965 1247 5029 sed
1268 4987 1362 5030 orna·
1413 4971 1585 5051 imparium
1608 4969 1806 5052 rapuissent,
1830 4967 2031 5051 Babylonem
2054 4971 2088 5032 in
2111 4967 2213 5032 altum
2235 4985 2396 5038 evectam

396 5069 462 5117 tam
481 5049 641 5115 duntaxat
658 5061 691 5116 et
708 5053 860 5133 pontibus
877 5053 1082 5116 coniunctam
1101 5051 1225 5116 decent.
1263 5052 1366 5116 Tarra
1413 5057 1511 5119 fuisse
1534 5053 1638 5118 ruinis
1660 5054 1811 5118 Nineves.
2096 5095 2099 5103 ·
2214 5087 2224 5106 ι

397 5138 521 5204 Sinhar
538 5136 646 5200 addita
663 5135 771 5201 estad
792 5151 904 5202 netem
926 5137 1137 5202 discriminis:
1164 5137 1240 5217 quia
1261 5137 1366 5201 altera
1499 5140 1550 5204 21.
1570 5138 1643 5219 Ipsi
1657 5159 1773 5220 queque
1797 5137 1876 5202 Sem.
1922 5139 1972 5201 De
1995 5139 2070 5204 liliis
2093 5137 2171 5204 Sam
2195 5141 2298 5206 rerba
2323 5145 2396 5211 fae·

397 5242 524 5306 queque
547 5221 694 5304 Babylon
718 5223 860 5305 Aegypti
882 5223 962 5302 fuit,
992 5242 1089 5305 quarn
1113 5222 1208 5286 hodie
1228 5222 1364 5292 Oairum
1414 5233 1509 5290 turus
1529 5226 1638 5291 Moses
1667 5225 1756 5289 brevi
1786 5223 1947 5304 prooemio
1982 5227 2101 5289 utitur:
2133 5225 2217 5306 qued
2246 5228 2281 5289 in
2316 5233 2397 5297 aliis

396 5319 524 5373 vocant.
560 5306 626 5372 Sed
644 5309 809 5388 quaeritur
830 5306 988 5390 quemodo
1010 5307 1230 5390 Babylonieus
1252 5315 1364 5392 tyran-
1415 5333 1478 5375 nen
1498 5313 1625 5378 lecerat.
1663 5309 1783 5391 Neque,
1805 5308 1837 5373 id
1861 5311 1997 5374 frustra:
2022 5312 2098 5393 quia
2119 5313 2207 5374 enim
2231 5311 2292 5378 heo
2319 5333 2400 5383 erat
2494 5353 2495 5368 ι
