4988 6192
130 396 194 460 477
787 399 1157 467 COMMENTARIUS
1179 400 1228 466 IN
1251 399 1464 468 GENESIN.
2055 405 2119 471 478

130 586 246 650 dueum
267 582 368 666 Esau,
384 607 445 670 per
463 586 609 668 familior
629 607 714 670 meae,
730 609 791 671 per
812 589 877 656 lora
898 609 974 672 suo,
997 609 1102 656 eman
1152 588 1283 655 Dicitur
1302 597 1412 654 autem
1434 589 1604 655 indefinite
1623 591 1743 658 abiisse
1764 592 1797 656 in
1821 598 1952 672 terram,
1974 593 2049 676 quia
2069 593 2120 657 in·

126 672 208 736 dum
232 673 360 738 omnino
388 693 463 739 sao:
494 673 562 740 aaa
586 673 757 754 ssimech,
781 675 847 739 duc
869 670 1012 751 Holoob,
1034 677 1102 742 dua
1153 681 1261 741 certus
1290 675 1415 740 consilii
1437 673 1636 742 domicilium
1664 677 1700 741 in
1721 679 1824 744 variis
1846 677 1926 745 loeis
1947 675 2118 760 quaesivit,

127 757 258 837 Ietbetlr,
294 757 764 840 armamentarium
780 758 875 841 maa,
898 761 965 827 dac
988 760 1100 842 Pinea,
1154 758 1254 824 donec
1277 759 1404 826 oblatus
1427 769 1475 826 ast
1491 781 1587 827 mons
1607 760 1697 829 Scir:
1715 763 1987 846 quemadmodum
2005 763 2119 848 gallice

126 843 181 908 42.
205 842 287 908 Duc
310 843 422 922 Gener,
444 845 512 910 dux
532 845 678 924 Theman,
700 846 767 912 duc
778 846 913 926 Mibsor,
946 845 997 911 43.
1021 847 1101 912 Due
1153 844 1288 913 dicitur:
1311 846 1347 910 Il
1367 847 1431 910 s'cu
1452 851 1496 911 est
1516 846 1577 912 alle
1598 849 1619 912 ὰ
1640 868 1702 918 eoa,
1717 849 1893 915 adseruare.

127 928 285 1012 Maedied
306 930 373 996 dau
390 929 525 996 Hiram:
543 932 598 996 isti
618 936 691 997 aar
710 934 802 999 duces
819 933 920 998 Edem
934 953 994 1016 per
1015 932 1100 997 laabi-
1238 932 1269 996 9.
1291 927 1336 996 Ει
1356 933 1434 997 ieme
1454 937 1526 997 suat
1543 934 1753 1016 perorationes
1774 933 1866 1001 Esou
1879 935 1985 1017 patris
2006 931 2118 1001 Edeta.

125 1015 262 1080 taliones
282 1035 375 1091 meua,
401 1017 436 1080 ic
463 1021 548 1081 terro
569 1016 769 1084 baereditatis
790 1019 946 1100 ipsorum:
974 1019 1042 1100 ipae
1059 1022 1102 1085 eal
1153 1014 1349 1099 Quanquam
1374 1017 1548 1083 binominis
1564 1018 1626 1084 fuit
1646 1020 1746 1099 Esau,
1768 1020 1829 1086 hoo
1852 1028 1961 1085 tamen
1983 1019 2051 1086 loeo
2069 1041 2119 1085 se-

127 1098 226 1165 Evau
244 1107 343 1184 paler
358 1097 469 1167 Edoru
1153 1101 1296 1167 cundum
1308 1124 1425 1168 nomen
1449 1103 1589 1170 refertur
1606 1105 1648 1169 ad
1666 1114 1820 1188 posteros,
1843 1107 1898 1188 qui
1919 1106 2027 1170 vocati
2043 1114 2121 1171 sunt

1151 1186 1310 1254 Idumaei.
1361 1189 1448 1253 Nam
1487 1197 1525 1254 ut
1561 1201 1716 1274 appareat
1744 1189 1820 1273 quid
1849 1191 1880 1256 ei
1901 1189 2064 1256 Dominus
2085 1192 2120 1256 in

218 1273 247 1336 1.
276 1269 319 1336 at
339 1272 418 1338 ratae
434 1278 508 1338 sam
526 1275 737 1357 generationes
758 1271 858 1339 Esau
903 1273 1100 1358 Quanquam
1152 1273 1290 1356 gratiam
1309 1275 1411 1357 patris
1429 1275 1522 1340 Isaac
1540 1275 1723 1356 contulerit,
1745 1297 1818 1341 eum
1842 1275 1961 1341 diserte
1979 1276 2122 1361 appellat

123 1363 309 1423 extraneus
330 1355 372 1422 ab
394 1359 528 1426 ecclesia
549 1359 648 1424 fuerit
669 1360 758 1426 Esau
780 1380 890 1425 coram
911 1360 999 1425 Deo:
1025 1361 1100 1443 quia
1152 1358 1262 1424 Moses
1290 1369 1417 1441 patrem
1440 1360 1576 1426 celebris
1602 1371 1634 1426 et
1655 1362 1769 1426 famosi
1792 1361 1911 1444 populi.
1965 1363 2012 1427 m
2033 1372 2121 1429 certe

122 1451 242 1508 tamen
265 1445 334 1526 ipae
355 1465 480 1527 quoquo
503 1445 673 1529 temporali
700 1444 922 1511 benedictione
947 1466 1100 1529 aspersus
1151 1442 1213 1508 hoc
1243 1465 1307 1508 uon
1336 1465 1451 1528 parum
1480 1445 1522 1510 ad
1550 1468 1618 1512 rem
1648 1447 1803 1524 interfuit,
1835 1448 1901 1512 vim
1924 1455 1958 1512 et
1979 1449 2120 1532 comple·

122 1537 175 1592 est
196 1536 235 1593 ut
256 1528 344 1595 filius
361 1528 463 1610 Isaac,
486 1530 566 1597 haec
588 1532 671 1596 ratio
688 1539 739 1599 est
760 1532 937 1598 ourMoses
959 1532 1101 1598 celebret
1150 1538 1298 1594 mentum
1326 1531 1474 1596 vaticinii
1496 1533 1678 1614 perspicere
1705 1534 1740 1597 in
1762 1534 1917 1616 progenie
1938 1535 2038 1600 Esau.
2083 1533 2121 1602 Si

120 1616 234 1697 ipsius
256 1636 375 1698 genus,
406 1624 440 1680 et
461 1618 539 1682 satis
561 1617 695 1702 longum
724 1617 907 1700 catalogum
930 1618 1037 1701 gentis
1059 1617 1100 1683 ab
1151 1614 1239 1678 enim
1261 1623 1326 1680 tam
1350 1625 1503 1697 potenter
1523 1618 1628 1701 viguit
1646 1617 1710 1682 Dei
1727 1619 1897 1701 promissio
1916 1640 1995 1703 erga
2016 1619 2121 1686 bomi-

120 1720 161 1764 eo
186 1701 380 1784 progenitas
409 1702 597 1768 conscribat.
642 1703 705 1768 Est
733 1713 842 1767 tamen
870 1703 931 1768 hcc
958 1703 1099 1786 elogium
1151 1719 1225 1764 nem
1255 1715 1466 1780 extraneum,
1495 1712 1616 1784 quanto
1637 1725 1672 1768 se
1694 1705 1861 1786 potentius
1887 1714 2014 1770 exseret
2043 1727 2122 1791 erga

119 1786 236 1850 instar
267 1785 460 1852 honorificae
489 1788 683 1871 sepulturae.
728 1788 871 1854 Tametsi
897 1789 983 1853 enim
1006 1809 1098 1872 prae·
1151 1785 1244 1864 filios,
1274 1807 1413 1870 quorum
1440 1790 1571 1870 propria
1600 1797 1650 1854 est
1671 1789 1810 1872 adoptio,
1833 1798 1865 1854 et
1886 1791 2024 1873 proinde
2046 1814 2120 1876 gra·

119 1870 225 1936 esllat
248 1871 339 1936 Esau
361 1893 434 1936 cum
456 1873 524 1938 suis
545 1874 698 1956 posteris,
721 1873 802 1940 baec
825 1884 933 1938 tamen
956 1873 1100 1955 dignitas
1152 1870 1216 1936 tiae
1248 1871 1452 1938 haereditas?
1481 1873 1648 1940 Obscurus
1676 1874 1775 1940 homo
1804 1883 1875 1940 erat
1895 1877 2002 1954 Esau,
2032 1879 2122 1943 etin

118 1957 237 2022 bullae
266 1956 381 2023 similis
409 1967 473 2037 est,
507 1959 583 2041 quia
604 1958 666 2024 sub
734 1980 793 2024 ura
814 1959 931 2024 mundi
952 1980 1098 2042 compre·
1151 1955 1207 2021 illa
1230 1961 1361 2040 regione
1384 1958 1516 2043 hospes:
1539 1960 1625 2025 unde
1650 1979 1728 2044 ergo
1750 1962 1787 2026 fit
1805 1971 1843 2025 ut
1864 1970 1998 2046 repente
2020 1985 2061 2028 ax
2083 1983 2122 2028 eo

117 2041 303 2122 henditur,
341 2063 424 2126 quae
459 2045 523 2110 cito
555 2045 649 2127 perit.
737 2045 988 2111 uemadmodum
1022 2066 1099 2129 ergo
1152 2053 1323 2126 emergant
1344 2044 1461 2127 reguli,
1491 2052 1524 2110 et
1544 2065 1701 2130 magnum
1724 2046 1832 2130 populi
1858 2068 1975 2130 corpus
1996 2049 2121 2127 floreat,

115 2129 220 2212 prius
256 2127 378 2194 dictum
407 2130 467 2194 fnit
498 2129 537 2195 de
570 2131 642 2196 aliis
675 2131 819 2213 profanis
851 2130 1021 2215 gentibus,
1054 2132 1100 2195 ita
1152 2128 1215 2192 nisi
1243 2128 1321 2210 quia
1347 2127 1526 2196 benedictio
1552 2152 1593 2196 ex
1622 2152 1678 2196 ore
1700 2131 1793 2196 Isaac
1820 2133 1977 2216 profecta,
2002 2134 2120 2200 effectu

115 2235 216 2280 nuno
253 2213 418 2280 extollitur
450 2215 539 2281 Esau
572 2217 606 2280 in
639 2216 778 2282 sublime
811 2216 986 2282 theatrum.
1032 2215 1098 2282 Sed
1150 2213 1222 2296 ipso
1244 2222 1317 2278 rata
1337 2215 1423 2280 fuit?
1452 2215 1566 2299 Neque
1588 2218 1675 2282 euim
1698 2218 1819 2300 absque
1841 2218 1968 2283 aemulo
1990 2218 2025 2283 in
2047 2220 2121 2286 soli·

116 2301 204 2383 quia
228 2298 342 2364 nullus
360 2308 410 2364 cst
431 2300 606 2368 diuturnus
626 2310 731 2367 status
752 2315 845 2368 extra
867 2324 1006 2388 reguum
1026 2303 1098 2382 Dei,
1150 2298 1264 2364 tudine
1293 2301 1444 2385 regnavit
1474 2303 1579 2379 Esau,
1616 2323 1716 2385 quum
1748 2310 1894 2368 montem
1923 2303 1998 2369 Seir
2029 2306 2121 2388 prius

117 2385 289 2451 evanidus
318 2392 368 2450 est
394 2387 449 2467 qui
476 2385 526 2450 illi
555 2388 709 2453 tribuitur
740 2387 908 2470 splendor,
942 2399 975 2453 et
1006 2389 1097 2471 quasi
1149 2385 1307 2450 incoleret
1337 2407 1404 2450 non
1432 2387 1586 2471 ignobilis
1614 2389 1761 2471 populus.
1815 2389 1899 2454 Nam
1927 2388 1999 2455 ideo
2021 2392 2121 2456 refert

116 2469 289 2538 subducto
317 2470 445 2553 aulaeo,
472 2472 609 2555 disperit
630 2480 699 2538 tota
719 2472 777 2539 illa
797 2493 926 2556 pompa.
971 2473 1098 2538 Testari
1150 2471 1261 2536 Moses
1284 2473 1373 2554 prius
1394 2479 1544 2538 strenuos
1566 2474 1665 2539 fuisse
1688 2473 1834 2540 homines
1856 2475 1914 2558 qui
1935 2474 2121 2542 babitarent

114 2557 260 2640 quidem
299 2557 401 2623 voluit
439 2557 574 2641 spiritus
608 2571 739 2625 sanetus
771 2581 837 2625 non
867 2561 966 2624 inane
998 2559 1099 2624 fuisse
1150 2557 1185 2621 in
1215 2563 1302 2620 terra
1323 2556 1391 2622 illa:
1429 2566 1468 2622 ut
1497 2578 1581 2624 novo
1610 2559 1755 2624 advenae
1783 2568 1913 2626 tantum
1942 2563 2121 2644 potentiam

113 2643 321 2710 vaticinium
343 2641 429 2725 quod
451 2644 631 2726 protulerat
651 2645 757 2710 Isaac:
792 2644 849 2710 sed
872 2645 1008 2710 simulac
1029 2645 1099 2710 eius
1151 2642 1317 2723 acquirere
1345 2663 1411 2706 non
1434 2643 1526 2709 facile
1555 2643 1662 2722 fuerit,
1692 2644 1757 2710 nisi
1780 2644 1937 2712 divinitus
1960 2657 2045 2713 esset
2067 2649 2121 2714 ad-

115 2729 283 2794 effectum
305 2728 461 2808 ostendit,
492 2731 585 2812 quasi
607 2732 754 2813 opposito
776 2730 863 2810 velo,
890 2730 931 2795 ad
953 2730 1099 2796 conside·
1149 2727 1248 2792 intus.

112 2813 270 2880 randum
294 2835 398 2897 genus
420 2813 517 2881 Iaaob
538 2816 647 2881 oculos
668 2825 797 2884 nostros
814 2816 985 2882 convertit.
1027 2815 1099 2881 Iam
1237 2812 1288 2877 24.
1312 2812 1376 2878 Hie
1397 2819 1442 2878 ast
1463 2817 1540 2879 Aua
1561 2815 1616 2896 qui
1643 2814 1760 2880 invenit
1793 2817 1902 2882 mulos
1954 2818 2121 2883 Malorum

111 2901 201 2966 lieet
226 2919 270 2964 ex
292 2899 397 2966 tribus
419 2900 579 2984 coniugiis
606 2901 726 2967 liberos
747 2902 917 2968 sustulerit
936 2902 1042 2981 Esau,
1065 2902 1101 2966 in
1152 2897 1277 2963 soboles
1299 2898 1484 2964 adulterina
1506 2909 1619 2964 estex
1642 2900 1826 2967 admissura
1848 2902 1921 2986 equi
1943 2912 1977 2967 et
1998 2904 2118 2970 asinae.

113 2984 247 3070 quibus
277 2993 389 3067 postea
422 2987 540 3051 enituit
564 2985 627 3052 Dei
662 2986 858 3067 benedictin,
892 3009 956 3052 uon
990 2995 1100 3052 tamen
1152 2984 1234 3048 Eius
1267 2993 1415 3049 autorem
1436 2986 1547 3050 Moses
1578 2984 1656 3051 dicit
1685 2987 1784 3053 fuisse
1806 2988 1889 3053 Ana.
1934 2989 2039 3054 Porro
2060 2990 2121 3057 hoc

111 3071 198 3137 ideo
223 3069 382 3154 probatur
404 3072 598 3156 polygamia,
621 3093 681 3140 neo
703 3083 879 3140 excusatur
899 3075 1028 3156 impura
1046 3074 1101 3137 ho·
1152 3069 1188 3134 in
1210 3068 1305 3134 laude
1326 3069 1508 3135 industriae
1530 3090 1709 3155 nonpono:
1733 3093 1837 3156 neque
1859 3072 1947 3139 enim
1958 3075 2123 3142 Dominus

111 3157 227 3222 minis
257 3156 371 3223 libido:
402 3157 458 3222 sed
486 3160 520 3222 in
550 3179 588 3224 eo
616 3159 721 3244 magis
747 3157 939 3225 admiranda
966 3167 1017 3224 est
1036 3157 1102 3224 Dei
1153 3155 1274 3220 frustra
1296 3155 1487 3221 animalium
1507 3177 1629 3240 genera
1646 3157 1740 3223 initio
1760 3158 1920 3225 distinxit.
1956 3158 2021 3226 Sed
2044 3162 2122 3244 quia

111 3243 270 3318 bonitas,
288 3263 370 3324 quae
381 3244 475 3308 malis
487 3244 653 3328 principiis
664 3253 794 3329 praeter
805 3253 943 3310 naturae
954 3244 1101 3310 ordinem
1152 3240 1237 3306 filios
1254 3241 1376 3307 saeculi
1389 3241 1613 3325 utplurimum
1633 3243 1787 3310 sollicitat
1802 3247 1911 3311 carnis
1930 3248 2067 3326 vanitas,
2086 3255 2122 3311 ut

110 3329 255 3394 bonum
276 3329 399 3392 exitum
422 3328 520 3394 dedit.
1153 3326 1321 3410 ingenium
1334 3327 1438 3392 adres
1450 3348 1667 3411 supervacuas
1679 3330 1852 3413 applicent,
1875 3347 2121 3415 praeposterum

213 3415 246 3479 6.
271 3412 316 3478 Et
331 3414 390 3478 ivit
405 3415 449 3480 ad
464 3415 563 3481 aliem
584 3420 701 3482 terram
718 3438 739 3481 a
754 3417 835 3499 facie
852 3414 994 3480 Iaboeob.
1026 3415 1100 3479 Non
1153 3410 1214 3476 boc
1236 3410 1379 3476 studium
1408 3413 1537 3478 notavit
1559 3413 1669 3479 Moses
1691 3417 1726 3479 in
1748 3417 1840 3495 Ana,
1870 3419 1922 3482 cui
1945 3438 2012 3482 non
2042 3420 2122 3484 satis

110 3499 288 3584 intelligit
309 3499 418 3566 Moses
446 3501 593 3567 consulto
619 3501 799 3584 profectum
826 3500 927 3567 fuisse
949 3501 1039 3566 Esau
1066 3509 1102 3565 ut
1153 3496 1218 3561 fuit
1239 3497 1363 3579 copiam
1389 3497 1509 3564 habere
1539 3499 1744 3581 animalium,
1774 3501 1837 3568 nisi
1868 3523 1908 3568 ex
1937 3503 2121 3588 prodigioso

109 3587 223 3652 fratri
249 3584 394 3651 cederet:
418 3606 494 3650 nam
517 3595 554 3650 nt
574 3588 734 3672 superbus
755 3594 825 3653 erat
843 3595 876 3652 et
894 3587 993 3666 ferox,
1015 3607 1100 3650 nun·
1153 3582 1240 3648 coitu
1262 3582 1439 3667 degeneres
1460 3585 1567 3651 foetus
1589 3593 1776 3652 accerseret.
1820 3586 1914 3652 Adde
1936 3587 2022 3670 quod
2043 3588 2121 3655 hinc

107 3693 226 3756 quam
251 3691 366 3756 passus
383 3682 469 3738 esset
487 3671 589 3738 videri
610 3672 753 3739 inferior.
791 3671 856 3738 Sed
874 3672 992 3751 Moses,
1013 3681 1100 3754 post-
1154 3669 1381 3751 cognoscimus
1409 3669 1485 3751 plus
1511 3691 1582 3736 csse
1611 3673 1846 3754 temperantiae
1868 3673 1903 3736 in
1927 3672 2029 3739 brutis
2052 3674 2120 3740 ani·

109 3759 244 3824 habito
278 3756 411 3824 oonsilio
443 3757 548 3838 Esau,
581 3779 734 3823 arcanam
766 3758 828 3824 Dei
862 3757 1100 3841 providentiam
1153 3753 1293 3819 malibus
1315 3754 1567 3838 adaequandum
1580 3763 1717 3822 naturae
1733 3757 1840 3841 legem
1859 3779 1954 3840 quam
1968 3759 2120 3825 inhomi-

110 3841 356 3922 oommendat,
386 3864 451 3926 qua
472 3843 628 3927 expulsus
649 3844 706 3908 ille
725 3845 759 3909 in
782 3844 936 3909 exsilium
958 3843 1035 3922 fuit,
1065 3851 1102 3907 ut
1154 3838 1260 3916 nibus,
1284 3841 1337 3923 qui
1360 3841 1493 3907 vitiosas
1515 3841 1675 3910 mixturas
1697 3843 1893 3928 excogitant.

110 3951 235 4000 vacua
265 3937 413 3995 maneret
441 3936 547 3994 terrae
576 3931 736 4012 possessio
765 3930 820 3994 uni
850 3927 956 3995 Iacob.
1000 3930 1101 3994 Prae·
1238 3925 1290 3989 31.
1314 3925 1414 4010 Ropes
1441 3929 1497 4008 qui
1533 3933 1746 4010 remeaverunt>
1774 3929 1818 4008 iu,
1847 3933 1899 3995 ete.
1961 3928 2121 3995 Memoria

108 4017 234 4084 sentis
265 4015 414 4080 utilitatis
446 4014 556 4080 studio
588 4016 746 4082 concessit
774 4015 862 4080 Esau
889 4015 924 4078 in
957 4021 1102 4079 montem
1153 4010 1332 4076 tenendum
1360 4020 1411 4078 est
1433 4011 1518 4097 quod
1539 4012 1638 4094 paulo
1660 4021 1736 4078 ante
1758 4012 1918 4094 dimmus,
1940 4016 2045 4080 subito
2067 4038 2120 4080 ex-

110 4103 222 4181 Seir,
259 4102 344 4166 siout
376 4099 455 4166 alibi
487 4100 609 4165 dietum
639 4109 698 4166 est.
741 4099 833 4166 Nihil
862 4100 972 4166 minus
1004 4099 1103 4165 habet
1154 4095 1272 4162 cellere
1300 4100 1455 4180 reprobos
1484 4106 1523 4162 ut
1554 4098 1667 4162 atatim
1695 4099 1875 4179 concidant,
1905 4101 1990 4165 sicut
2018 4100 2120 4167 herba

108 4186 336 4274 propositum
355 4207 450 4269 quam
469 4187 564 4252 fratri
582 4188 767 4252 consulere:
790 4186 846 4252 sed
857 4185 949 4252 Deus
970 4206 1104 4252 caecum
1155 4189 1314 4248 tectorum
1325 4203 1407 4265 quae
1424 4183 1533 4250 radice
1544 4193 1640 4260 caret,
1660 4204 1846 4267 praecocem
1856 4185 1954 4251 habet
1965 4186 2119 4270 vigorem,

109 4274 301 4341 hominem
324 4292 423 4336 manu
446 4293 504 4338 sua
526 4271 659 4350 direxit,
684 4293 726 4337 ne
748 4271 854 4337 locum
876 4282 1047 4354 occuparet
1068 4273 1103 4336 in
1155 4267 1211 4334 sed
1244 4269 1340 4334 citius
1375 4269 1502 4334 arescit.
1553 4266 1691 4335 Duobus
1726 4271 1803 4335 filiis
1831 4269 1922 4337 Isaac
1958 4274 2120 4354 promissa

110 4374 220 4427 terra
244 4377 342 4441 quam
364 4377 461 4424 servo
484 4378 543 4424 suo
566 4357 794 4423 destinaverat.
829 4357 884 4422 Ita
904 4378 1000 4440 saepe
1022 4356 1104 4422 acci·
1154 4353 1263 4418 fuerat
1283 4353 1363 4420 baec
1392 4354 1551 4439 dignitas,
1580 4353 1665 4437 quod
1694 4353 1825 4420 oriundi
1847 4366 1957 4422 essent
1977 4359 2018 4422 ab
2040 4358 2120 4441 ipsis

109 4448 168 4514 dit
191 4453 236 4510 ut
255 4451 383 4527 praeter
401 4443 503 4508 animi
521 4443 718 4509 sententiam
735 4443 865 4525 prosint
879 4443 969 4525 impii
992 4443 1104 4509 electis
1155 4459 1265 4523 reges:
1283 4441 1407 4523 priores
1419 4440 1580 4522 incipiunt
1597 4459 1735 4524 regnare
1746 4440 1906 4508 Idumaei:
1928 4443 1974 4508 ita
1992 4443 2120 4508 videtur

109 4532 192 4600 Dei
228 4529 321 4596 filiis:
362 4538 397 4594 et
423 4528 500 4594 dnm
529 4529 756 4613 praesentibus
786 4528 964 4594 commodis
997 4528 1104 4593 inhiat
1156 4525 1377 4590 deteriorasse
1388 4525 1517 4591 Israelis
1529 4524 1677 4591 conditio.
1712 4524 1778 4593 Sed
1797 4526 1931 4592 tandem
1952 4549 2119 4594 successus

107 4637 288 4706 praeceps
310 4636 423 4680 eorum
443 4614 620 4698 cupiditas,
643 4625 808 4681 aeternam
830 4635 943 4679 eorum
965 4614 1103 4679 salutem
1155 4611 1311 4694 temporis
1332 4608 1442 4676 docuit
1464 4619 1584 4695 quanto
1613 4611 1729 4676 melius
1757 4613 1800 4675 sit
1827 4613 1920 4677 humi
1950 4614 2119 4696 reptando,

105 4709 354 4792 promoveant,
378 4720 459 4785 quos
481 4701 600 4784 alioqui
622 4709 780 4784 cuperant
800 4699 953 4783 perditos.
991 4699 1104 4768 Disca·
1155 4697 1345 4781 altasegere
1364 4696 1496 4775 radices,
1516 4716 1614 4781 qnam
1632 4704 1874 4781 praeposteram
1894 4700 2118 4766 excellentiam

106 4813 203 4860 mus
226 4789 394 4873 igiturex
416 4788 581 4871 praesenti
602 4787 670 4853 looo
694 4796 761 4851 tam
784 4786 817 4850 in
840 4785 936 4851 rebus
961 4785 1103 4850 fortuitis
1155 4789 1322 4847 momento
1343 4783 1519 4864 acquirere,
1542 4803 1624 4864 quae
1642 4783 1751 4848 statim
1764 4794 1947 4849 evanescat.
1983 4785 2057 4851 Non
2070 4794 2120 4852 est

107 4877 173 4966 (ut
204 4872 399 4959 loquuntur)
428 4893 526 4956 quam
554 4873 591 4937 in
619 4873 729 4956 pravis
759 4871 927 4936 homiuum
960 4870 1103 4936 consiliis
1156 4886 1234 5017 erpo
1255 4889 1313 4934 eur
1335 4867 1411 4932 filiis
1422 4867 1543 4935 saeculi
1554 4867 1675 4933 celeres
1694 4868 1835 4934 laetitiae
1853 4891 2045 4954 progressus
2067 4873 2119 4937 in·

107 4962 294 5034 occultam
312 4959 376 5024 Dei
399 4957 647 5042 providentiam,
669 4979 750 5041 quae
772 4976 886 5022 omnes
908 4965 1045 5022 eventus
1067 4956 1102 5020 in
1155 4954 1189 5020 vi
1213 4962 1288 5018 eant
1310 4952 1422 5018 fideles
1444 4952 1522 5018 dum
1544 4953 1609 5036 ipsi
1630 4953 1718 5018 laute
1737 4964 1894 5038 pergunt:
1924 4958 2000 5038 quia
2022 4958 2119 5042 louge

105 5055 228 5118 finem
254 5067 274 5110 a
296 5066 331 5110 se
352 5047 535 5128 praefixum
558 5045 735 5122 convertit,
769 5042 846 5108 fidei
867 5042 968 5106 oculis
989 5062 1103 5124 specu·
1154 5038 1259 5122 pluris
1281 5049 1331 5103 est
1352 5038 1476 5104 stabilis
1497 5039 1555 5104 illa
1575 5039 1713 5104 felicitas
1734 5060 1830 5122 quam
1852 5039 2017 5108 Dominus
2038 5044 2118 5126 ipsis

106 5137 200 5204 lari.
253 5131 339 5196 Nam
366 5151 466 5213 quum
499 5151 650 5215 egressus
682 5132 724 5195 sit
750 5130 855 5207 Esau,
888 5136 925 5192 ut
957 5148 1102 5193 seorsum
1154 5124 1330 5208 promittit:
1353 5125 1447 5189 sicuti
1471 5125 1610 5190 habetur
1631 5125 1666 5188 in
1685 5125 1818 5190 Psalmo
1841 5125 1929 5210 (101,
1952 5127 2016 5214 29),
2039 5129 2118 5193 Filii

106 5231 224 5290 extra
248 5217 352 5301 patris
375 5217 506 5282 domum
536 5215 736 5282 commodius
759 5221 886 5298 ageret,
914 5211 1031 5279 abiisse
1054 5211 1101 5277 di·
1154 5211 1295 5276 filiorum
1318 5209 1527 5288 habitabunt,
1559 5218 1725 5276 eteorum
1749 5210 1932 5277 haereditas
1962 5223 2118 5298 perpetua

104 5312 214 5378 citur
233 5325 255 5371 a
271 5302 354 5368 faeie
377 5301 488 5368 fratris
509 5300 576 5368 sui:
597 5303 672 5384 quia
690 5299 852 5365 Dominus
870 5301 916 5364 ita
933 5306 1101 5364 statuerat.
1154 5297 1224 5362 erit.
