4988 6192
87 423 142 487 413
725 413 1096 490 COMMENTARIUS
1120 415 1170 482 IN
1193 413 1407 482 GENESIN.
2004 415 2090 526 (154.

86 605 284 691 appellatione
312 609 460 669 notatur:
499 623 576 668 nam
609 623 670 687 ego
699 603 933 688 interpretibus
963 604 1039 670 eub-
1092 605 1246 671 instituta
1268 603 1367 670 fuisse
1396 603 1561 670 sacrificia.
1605 601 1707 668 Aliud
1733 603 1833 668 etiam
1862 602 2069 686 propositum

85 693 193 771 scribo,
226 691 279 775 661
313 689 425 756 Salem
458 689 624 772 proprium
658 709 779 754 nomen
813 710 883 756 esse
913 696 1039 773 putant.
1093 689 1226 768 habuit,
1258 701 1297 755 61
1329 699 1398 754 1616
1430 689 1555 755 familia
1586 687 1699 754 eodem
1729 686 1806 754 fidei
1835 709 1933 755 66666
1955 686 2067 754 Deum

85 779 277 860 Quamquam
298 798 365 841 666
388 774 549 842 66616616
570 775 597 840 61
619 774 692 857 6616
716 774 879 842 diversam
909 783 1040 840 seuten-
1093 775 1221 844 coleret.
1266 776 1364 842 Pium
1387 776 1474 840 euim
1503 781 1629 858 patrem
1659 774 1798 840 familias
1819 773 1931 840 661616
1954 793 2069 842 curare

84 866 152 930 tium
165 861 363 945 malitsequi,
375 861 473 926 Iacob
492 860 686 928 incolumem
701 862 831 927 venisse
844 860 884 926 61
896 859 1039 927 Sichem.
1093 860 1212 940 decuit,
1236 883 1278 926 ue
1299 863 1468 945 profanam
1492 860 1628 926 haberet
1651 859 1793 938 domum,
1819 860 1886 930 661,
1898 863 2007 943 661166
2030 868 2068 925 61

83 949 242 1015 Caeterum
272 957 435 1031 utcunque
456 954 571 1012 vocata
592 946 690 1011 fuerit
713 947 793 1014 haee
816 948 894 1012 urbs
918 946 1041 1028 Salem,
1093 947 1161 1013 illic
1184 948 1274 1013 Deus
1303 959 1460 1030 tanquam
1482 947 1516 1010 iu
1547 946 1732 1012 sanctuario
1762 955 1925 1030 regnaret.
1972 945 2068 1012 Adde

82 1034 248 1100 66166166
266 1039 374 1098 tamen
393 1041 452 1112 est,
474 1033 573 1097 aliam
591 1032 691 1098 fuisse
709 1032 749 1097 ab
768 1053 807 1096 ea
824 1053 905 1116 qnae
924 1031 1041 1097 deinde
1094 1032 1178 1116 quod
1201 1053 1302 1116 quum
1324 1033 1468 1116 regionis
1489 1031 1577 1098 111166
1599 1030 1725 1097 incolae
1749 1031 1789 1096 ad
1812 1031 1932 1097 multas
1955 1052 2070 1114 super·

82 1118 302 1203 Hierosolyma
335 1119 422 1184 11616
455 1129 520 1183 est:
555 1120 650 1182 sicuti
684 1119 781 1184 etiam
816 1119 913 1184 urbes
945 1118 1040 1183 duae:
1094 1119 1244 1184 stitiones
1267 1118 1406 1202 delapsi,
1435 1138 1552 1183 verum
1575 1118 1638 1183 Dei
1660 1117 1784 1184 cultum
1807 1124 2069 1201 corrumperent:

83 1206 220 1272 Suchoth
241 1214 374 1270 vocatae
385 1213 471 1270 6661.
508 1202 605 1283 Quod
618 1203 657 1268 ad
670 1214 887 1286 remspectat,
912 1204 1042 1270 videtur
1094 1225 1164 1270 sese
1195 1205 1235 1270 ab
1265 1206 1311 1270 616
1343 1204 1525 1270 discernere
1554 1204 1657 1269 voluit
1683 1203 1791 1269 Iacob.
1844 1204 1953 1269 Erant
1982 1211 2071 1270 66616

82 1291 207 1356 absurda
230 1291 331 1356 fuisse
353 1291 483 1373 emptio,
505 1291 597 1355 66166
618 1290 770 1354 meminit
791 1290 910 1355 Moses.
956 1289 1042 1354 Nam
1097 1289 1294 1368 Siohimitis,
1336 1298 1369 1354 et
1408 1289 1480 1354 aliis
1513 1289 1629 1356 vicinis
1662 1289 1815 1373 gentibue
1848 1310 1907 1354 666
1940 1289 2067 1355 altaria.

81 1377 236 1442 Abraham
265 1375 349 1441 nibil
372 1385 441 1440 tota
463 1376 534 1440 vita
564 1375 639 1439 6161
669 1396 777 1441 emere
807 1375 914 1440 voluit
942 1395 1042 1458 quam
1095 1375 1192 1456 Quod
1210 1397 1287 1460 ergo
1306 1374 1403 1442 Iacob
1421 1373 1610 1440 distinctam
1628 1375 1789 1440 rationem
1808 1374 1896 1440 domi
1913 1375 2069 1455 instituit,

80 1462 297 1545 sepulchrum:
321 1467 354 1525 et
374 1461 468 1526 Isaeo
489 1460 593 1541 filius,
617 1461 765 1544 neglecto
786 1461 956 1544 praesenti
980 1483 1041 1526 666
1094 1462 1142 1525 116
1164 1469 1304 1527 16616166
1325 1483 1360 1526 66
1381 1461 1576 1546 peculiarem
1598 1460 1718 1526 habere
1740 1461 1867 1537 Deum,
1890 1481 1950 1527 neo
1972 1461 2070 1545 dege-

80 1569 238 1632 agrorum‚
266 1556 403 1630 paterno
425 1547 482 1611 1116
504 1547 576 1611 1666
598 1556 773 1612 666166166
801 1545 880 1611 fuit:
912 1565 988 1611 nam
1009 1557 1042 1612 ct
1094 1567 1206 1612 nerem
1241 1569 1312 1613 esse
1343 1547 1510 1613 asauctis
1537 1548 1702 1630 patribus,
1732 1568 1751 1612 6
1779 1547 1897 1629 quibus
1925 1547 2071 1629 profecta

81 1634 135 1698 huc
153 1634 223 1718 lege
242 1634 333 1699 Deus
354 1633 442 1717 ipsos
464 1633 680 1698 constituerat
701 1641 809 1698 terrae
832 1631 987 1698 haeredes
1005 1653 1043 1699 66
1095 1643 1166 1698 erat
1187 1633 1317 1717 integra
1347 1633 1553 1718 genuinoque
1583 1632 1706 1716 religio.
1751 1633 1826 1697 Non
1855 1634 1987 1700 carebat
2007 1632 2071 1699 hoc

80 1719 232 1800 dominos,
273 1727 311 1784 61
342 1719 509 1802 peregrini
544 1726 653 1783 esseut
686 1739 787 1800 usque
820 1717 861 1783 61
892 1727 1041 1783 mortem.
1095 1717 1235 1798 invidia,
1269 1718 1356 1802 6661
1385 1717 1578 1784 Siehimitae
1610 1727 1642 1784 et
1675 1718 1792 1800 reliqui
1824 1717 2000 1802 indigenae
2035 1740 2072 1785 se

78 1805 247 1888 Perperam
269 1804 371 1890 igitur
392 1805 499 1870 166666
522 1802 650 1868 6116166
666 1803 774 1883 Iacob,
797 1804 967 1888 6661666
985 1826 1042 1870 ex·
1096 1804 1263 1870 contemni
1290 1805 1455 1884 ferebant,
1485 1804 1543 1870 sed
1572 1802 1702 1886 quidvis
1730 1803 1840 1886 661166
1862 1813 1997 1872 6666166
2018 1806 2072 1870 616

77 1905 217 1973 66661666
257 1901 426 1956 maturum
466 1898 608 1971 tempus,
654 1909 770 1973 agrum
803 1892 943 1972 pecunie
981 1890 1043 1956 eibi
1097 1890 1286 1977 eligendum
1309 1890 1420 1968 16611,
1450 1910 1548 1973 quam
1571 1899 1665 1956 6166
1687 1889 1771 1954 idolo
1793 1889 1885 1955 161616
1907 1891 2070 1957 miseeret.

77 1987 243 2058 comparat.
312 1975 526 2060 Respoudco,
577 1995 641 2039 non
692 1975 833 2057 exprimi
881 1995 901 2039 6
950 1975 1043 2041 Mose
1182 1975 1926 2044 21.116661661666616166616661.
1967 1975 2071 2042 Vide·

75 2083 151 2144 quae
180 2062 357 2129 lectoribus
387 2070 503 2144 sponte
530 2061 568 2125 16
597 2067 741 2125 mentem
771 2063 885 2126 venire
914 2061 1041 2127 debent.
1097 2069 1150 2126 tur
1179 2062 1275 2128 611661
1305 2083 1420 2146 parum
1451 2083 1630 2146 congruere
1659 2083 1794 2141 nomen,
1827 2061 1911 2145 quod
1935 2060 2071 2145 perinde

77 2147 166 2214 Certe
187 2171 227 2213 66
252 2147 357 2231 pretio
385 2147 539 2230 colligere
569 2154 756 2229 promptum
784 2156 835 2212 est
856 2167 955 2231 quam
977 2168 1043 2212 non
1096 2156 1191 2213 66661
1211 2147 1458 2231 acsilapidum
1477 2148 1529 2212 vel
1547 2148 1724 2230 caespitum
1743 2147 1911 2232 congeries
1930 2147 2067 2214 visibilis

74 2232 167 2299 fuerit
188 2234 328 2317 cupidus
350 2240 483 2298 6666166
504 2233 564 2296 vir.
600 2230 769 2315 Expendit
790 2242 923 2298 centum
946 2255 1043 2298 num-
1096 2235 1181 2299 foret
1201 2234 1265 2299 Dei
1295 2242 1412 2300 statua.
1458 2231 1526 2300 Sed
1554 2233 1619 2298 6116
1647 2254 1741 2298 meus
1770 2234 1874 2300 666611
1903 2233 1968 2298 6161
1996 2235 2068 2300 1611.

74 2341 151 2384 mos:
171 2341 215 2384 au
233 2318 408 2385 latifundia
419 2317 480 2383 sibi
498 2318 665 2401 acquirere
683 2327 750 2382 tam
769 2319 889 2402 exigue
906 2319 1044 2402 pecunia
1096 2318 1180 2384 Nam
1200 2320 1277 2403 6616
1295 2320 1397 2384 611666
1414 2319 1598 2399 praeducere
1616 2330 1696 2398 6661,
1714 2339 1751 2386 66
1762 2319 1882 2404 pignus
1902 2319 2068 2386 visionum

73 2407 187 2488 potuit,
218 2426 256 2470 ac
283 2424 349 2469 non
376 2404 484 2488 potius
514 2403 672 2488 angulum
701 2403 857 2486 aliquem,
887 2405 944 2470 ubi
972 2405 1043 2470 sine
1096 2407 1257 2483 omnium,
1286 2427 1324 2471 66
1354 2405 1607 2489 promissionum
1633 2404 1713 2483 Dei,
1744 2403 1805 2470 hoe
1832 2404 1929 2492 titulo
1957 2406 2067 2489 ipsum

74 2491 218 2558 molestia
240 2489 395 2575 degeret?
420 2489 514 2555 Adde
536 2489 621 2573 quod
644 2489 764 2555 diserte
787 2500 901 2555 narrat
921 2490 1042 2570 Moses,
1095 2499 1207 2570 ornat,
1236 2491 1271 2556 in
1293 2491 1382 2556 hunc
1403 2493 1517 2571 finem,
1547 2498 1582 2556 ut
1604 2492 1729 2573 quoties
1750 2489 1854 2556 611666
1875 2488 2088 2574 inspexerit)

72 2587 193 2658 partem
212 2577 303 2642 illam
327 2576 444 2641 emisse
467 2576 522 2640 ubi
545 2575 764 2641 tetenderate
785 2576 920 2660 regione
942 2577 1041 2642 urbis.
1096 2576 1160 2642 Dei
1182 2577 1380 2643 recordetur.
1424 2575 1575 2642 Eundem
1599 2597 1733 2642 sensum
1755 2576 1870 2642 habuit
1890 2565 1948 2641 illa
1964 2577 2069 2645 Moeis

72 2663 155 2746 Ergo
179 2685 287 2747 neque
309 2671 422 2746 prata,
441 2683 548 2745 neque
565 2665 688 2728 terram
711 2661 867 2728 arabilem
889 2661 1042 2746 possedit.
1096 2662 1289 2746 epigraphe:
1322 2662 1487 2728 Dominus
1525 2662 1685 2728 auxilium
1725 2682 1852 2729 mcum:
1891 2663 1970 2728 item
2004 2684 2068 2747 qua

74 2745 134 2813 Sed
155 2770 258 2832 quum
277 2749 307 2813 ei
329 2747 526 2813 domicilium
545 2767 611 2812 non
634 2747 847 2813 concederent
867 2747 1043 2832 indigenae
1095 2748 1250 2814 Ezechiel
1278 2769 1397 2815 novam
1428 2749 1693 2833 Hierosolymam
1721 2748 1875 2833 insignit:
1906 2749 2069 2818 Dominus

70 2854 166 2917 prope
185 2834 312 2913 urbem,
330 2834 474 2918 placavit
494 2855 557 2913 666,
575 2853 750 2917 pacemque
767 2832 906 2898 redemit
923 2835 1043 2918 exiguo
1094 2833 1140 2898 ibi
1163 2833 1203 2920 (6.
1226 2835 1279 2915 48,
1301 2834 1366 2922 35).
1406 2835 1452 2900 Et
1473 2833 1605 2918 quidem
1625 2835 1662 2899 16
1685 2834 1757 2900 16116
1779 2833 1934 2917 16666611
1956 2835 2069 2902 formis

69 2921 179 3001 pretio.
225 2920 321 2986 Haec
342 2940 417 2984 eum
440 2919 617 2984 necessitas
638 2918 734 2985 166116
756 2928 905 3000 excusat,
929 2939 972 2984 ne
994 2918 1043 2984 di·
1095 2921 1275 3005 impropria
1292 2920 1538 3000 6611666616116,
1561 2919 1617 2987 661
1639 2921 1868 3004 quaeratione
1885 2942 1951 2986 666
1969 2931 2068 2990 66661.

68 3026 137 3071 cere
159 3007 236 3091 quis
259 3006 371 3090 possit,
393 3006 434 3071 ab
454 3004 643 3071 hominibus
665 3005 781 3070 emisse
804 3002 891 3088 quod
909 3026 950 3070 cx
968 3025 1043 3090 gra·
1096 3006 1182 3071 Nam
1211 3007 1310 3074 sicuti
1338 3007 1484 3072 externis
1501 3005 1671 3091 symbolis
1703 3005 1804 3072 616116
1832 3016 1866 3073 61
1895 3028 2070 3092 perperam

69 3093 149 3157 16116
172 3092 242 3158 Ι)61
264 3093 351 3157 (1666
372 3090 570 3174 sperandum
593 3096 681 3156 erat:
706 3089 760 3156 vel
782 3111 883 3175 quum
904 3091 1044 3173 promis·
1097 3093 1237 3176 affigunt
1265 3091 1374 3158 Deum
1405 3093 1622 3177 superstitiosi
1651 3093 1815 3171 homiues,
1845 3100 1879 3159 et
1906 3094 1998 3178 quasi
2027 3117 2070 3161 66

68 3197 138 3242 sum
173 3187 283 3243 terrae
317 3177 497 3242 dominium
531 3197 589 3260 spe
621 3175 774 3260 amplecti
813 3174 962 3255 deberet,
1002 3177 1046 3243 61
1097 3177 1227 3245 coelesti
1246 3177 1325 3244 solio
1345 3177 1532 3258 detrahunt,
1550 3185 1589 3244 61
1598 3178 1781 3246 subiectum
1799 3179 1941 3246 habeant
1952 3183 2070 3250 crassis

66 3262 256 3328 fruitionem
277 3263 377 3328 nimis
397 3263 577 3328 1661166666.
1098 3264 1166 3329 6616
1198 3265 1376 3349 figmentis:
1410 3265 1458 3330 116
1489 3266 1542 3348 616
1575 3273 1609 3329 61
1641 3264 1702 3330 6116
1737 3263 1849 3330 fideles
1878 3287 1898 3331 a
1930 3269 2071 3336 terrenis

149 3351 205 3416 20.
229 3349 275 3413 Et
294 3347 469 3414 6161611111
491 3347 598 3414 611666.
638 3347 763 3412 Locum
787 3345 923 3432 adeptus
945 3347 1044 3414 Iacob
1097 3350 1264 3434 signiam
1291 3349 1416 3416 coelum
1445 3349 1677 3416 conscendunt.
1729 3350 1822 3417 Haec
1851 3372 1981 3418 summa
2009 3364 2068 3434 est,

65 3435 98 3498 16
120 3456 187 3519 666
211 3434 373 3500 familiam
395 3433 483 3499 alere
506 3439 631 3515 posset,
661 3433 826 3498 solennem
850 3433 957 3499 erexit
978 3433 1044 3499 Dei
1097 3435 1182 3518 quod
1201 3436 1313 3502 testari
1330 3436 1436 3502 661611
1454 3436 1551 3502 Iacob
1570 3457 1636 3502 uon
1655 3435 1755 3502 alium
1773 3458 1808 3502 se
1826 3436 1936 3503 Deum
1954 3439 2068 3521 colere,

66 3520 208 3585 cultum:
239 3519 338 3586 616611
360 3519 400 3586 16
424 3518 592 3584 Abrabam
614 3517 761 3584 6116666
783 3527 1044 3603 6666616616166
1096 3522 1161 3586 6161
1184 3521 1281 3586 666116
1302 3522 1443 3588 oraculis
1463 3522 1680 3605 patefactum,
1715 3535 1752 3587 ut
1778 3521 1963 3589 discernere
1992 3547 2068 3589 eum

65 3615 112 3670 661
133 3607 261 3674 116666.
305 3606 391 3670 Nam
420 3605 492 3677 etsi¹
510 3605 632 3688 ubique
664 3604 810 3670 locorum
837 3605 988 3689 precibus
1011 3619 1044 3671 61
1096 3615 1167 3673 1616
1198 3614 1305 3689 666661
1331 3608 1372 3673 ab
1400 3609 1552 3674 omnibus
1577 3607 1681 3673 idolis.
1726 3608 1835 3691 Atque
1863 3608 1944 3675 haec
1971 3610 2067 3676 nobie

63 3691 135 3756 aliis
157 3692 329 3758 exercitiis
351 3689 392 3757 61
414 3711 533 3773 purum
555 3691 619 3755 Dei
641 3691 766 3755 cultum
796 3691 915 3756 intenti
938 3700 1041 3773 erant,
1095 3693 1255 3758 modestia
1281 3693 1443 3758 servanda
1471 3701 1536 3772 est,
1570 3715 1611 3759 66
1641 3693 1682 3758 16
1711 3693 1876 3778 mysteriis
1904 3702 1937 3760 et
1964 3696 2068 3778 glorie

61 3797 127 3842 666
159 3791 275 3844 tamen
305 3777 345 3841 ab
373 3776 439 3841 illis
465 3775 615 3860 neglecta
643 3776 707 3840 fuit
740 3785 878 3841 externa
910 3778 1042 3862 pietatis
1095 3777 1231 3843 Domini
1255 3799 1367 3845 secure
1389 3781 1569 3863 loquamur,
1593 3778 1804 3844 6616611161
1826 3801 1934 3859 sensu,
1957 3789 2068 3864 66616-

60 3866 244 3940 confcssio,
268 3862 325 3928 ubi
347 3861 511 3927 Dominus
533 3864 706 3928 stationem
730 3862 889 3944 aliquam,
921 3864 1042 3946 16666
1096 3886 1159 3930 666
1180 3864 1305 3931 seilicet
1326 3887 1367 3930 ex
1391 3867 1489 3930 verbo
1511 3885 1571 3931 suo
1593 3865 1686 3930 uobis
1706 3865 1857 3948 cognitus
1878 3874 1936 3932 eat.
1973 3866 2069 3932 Adde

65 3958 247 4015 manerent
264 3951 311 4014 eis
335 3948 503 4014 concessit.
545 3947 632 4014 Nam
654 3946 938 4033 (quemadmodum
963 3949 1042 4014 alibi
1094 3951 1180 4032 quod
1208 3960 1355 4035 posteros
1383 3971 1460 4016 euos
1490 3951 1636 4034 respexit
1665 3949 1778 4016 Iacob:
1809 3972 1885 4015 nam
1915 3952 1990 4036 quie
2019 3953 2069 4017 illi

60 4035 191 4120 monui)
227 4036 354 4119 quoties
387 4033 528 4118 legimus
556 4041 760 4100 exstructum
794 4032 895 4099 161666
929 4035 1040 4115 611666,
1094 4037 1260 4102 Dominus
1293 4038 1355 4103 hac
1389 4037 1460 4122 lege
1492 4045 1702 4121 apparuerat,
1738 4036 1920 4120 61166166
1953 4038 2069 4106 salutis

60 4121 162 4186 finem
186 4133 221 4186 et
244 4141 340 4186 usum
370 4127 517 4204 spectare
547 4119 653 4186 decet:
687 4140 806 4203 nempe
825 4127 862 4186 ut
891 4121 1042 4186 victimas
1095 4121 1181 4205 apud
1202 4123 1310 4205 ipsum
1332 4122 1518 4205 deponeret,
1541 4129 1794 4188 monumentum
1817 4119 1957 4206 reliquit,
1980 4123 2068 4190 unde

58 4208 244 4286 offerrent,
274 4218 307 4271 et
329 4226 411 4289 puro
438 4207 505 4270 ritu
534 4205 727 4270 invocarent
754 4225 876 4271 nomen
897 4206 977 4272 Dei:
1006 4218 1043 4272 ut
1095 4217 1166 4290 post
1184 4210 1253 4273 eius
1272 4217 1411 4272 mortem
1430 4208 1591 4274 discerent
1613 4217 1745 4290 nepotes
1764 4207 1954 4290 religionem
1974 4229 2069 4275 suam

58 4293 172 4374 palem
192 4292 257 4358 hoo
273 4291 369 4358 modo
387 4298 508 4356 testata
524 4299 610 4356 esset
627 4311 739 4358 eorum
762 4292 877 4377 religio
895 4315 933 4358 ac
951 4290 1040 4360 fides.
1094 4315 1162 4359 non
1183 4317 1225 4358 ex
1248 4293 1450 4360 tenebricoso
1471 4303 1567 4376 puteo
1585 4301 1617 4358 ct
1639 4293 1784 4372 obscuro,
1807 4294 1858 4359 vel
1878 4316 1920 4358 66
1938 4294 2069 4361 turbida

58 4377 135 4444 Hoc
157 4378 236 4442 ideo
256 4377 328 4444 dico
346 4399 389 4442 ne
411 4378 482 4461 quie
504 4385 597 4461 putet
620 4384 741 4442 temere
761 4377 850 4460 ipsos
871 4378 989 4444 1661666
1006 4379 1041 4444 16
1093 4379 1220 4456 166666,
1242 4379 1300 4444 661
1322 4400 1363 4444 66
1386 4379 1508 4463 1166116
1530 4401 1675 4464 6666666
1697 4379 1784 4443 16616
1806 4378 1954 4459 fluxisse,
1979 4403 2016 4462 ac
2039 4381 2069 4446 si

58 4461 125 4528 Dei
156 4465 267 4529 cultu:
301 4483 399 4530 66666
428 4464 513 4527 enim
545 4462 702 4528 111161611
730 4483 806 4528 6666
835 4465 977 4530 66116666
1000 4463 1042 4528 61
1092 4465 1224 4532 6666616
1256 4472 1289 4530 61
1322 4466 1462 4531 visiones
1493 4466 1611 4548 quibus
1643 4463 1775 4529 6166166
1809 4465 1929 4546 166661,
1970 4465 2069 4532 611661

55 4551 215 4634 regulam
235 4548 394 4616 divinitus
410 4547 645 4632 praescriptam
667 4548 817 4632 dirigere,
840 4549 1003 4632 quasillis
1022 4571 1041 4616 6
1092 4552 1298 4635 insculperet.

56 4635 131 4700 Noc
156 4645 195 4701 ct
215 4634 295 4702 Sem
317 4657 377 4719 per
398 4655 513 4700 manus
544 4634 664 4699 tradite
685 4634 801 4700 fuerat.
846 4634 957 4715 Quare
980 4636 1040 4701 sub

54 4721 160 4786 altari
180 4743 241 4804 per
258 4720 485 4802 synecdochen
506 4720 695 4804 intelligant
711 4720 848 4786 lectores
866 4729 1039 4786 externum

53 4808 200 4889 pietatis
220 4806 456 4874 testimonium.
492 4805 596 4872 Porro
614 4806 691 4871 hiuc
708 4807 828 4891 optime
847 4807 1041 4890 perspicitur

54 4903 229 4975 quantum
256 4892 363 4958 divini
392 4892 501 4958 cultus
529 4891 676 4958 studium
705 4893 848 4977 viguerit
869 4893 904 4956 in
927 4901 1041 4960 sancto
1407 4889 1556 4957 OAPU'P
1579 4887 1746 4956 XXXIV.

51 4981 142 5056 viro,
164 4977 252 5061 quod
270 4979 371 5044 variis
387 4978 545 5044 molestiis
561 4979 693 5055 fractus,
716 5000 781 5043 non
799 4987 910 5044 tamen
929 4978 1041 5043 altaris
1460 5001 1465 5035 1

52 5064 281 5130 obliviscitur.
337 5065 406 5130 Nec
446 5064 600 5148 privatim
632 5064 736 5129 solum
770 5083 888 5129 arcano
920 5065 1041 5129 mentis
1182 5065 1209 5128 1.
1233 5062 1278 5128 111
1297 5083 1419 5148 opressa
1439 5069 1485 5127 est
1504 5061 1706 5144 1116611116
1729 5059 1830 5140 1661,
1859 5081 2066 5146 6666661666-

51 5173 167 5218 66666
193 5150 302 5216 Deum
326 5151 419 5216 colit:
442 5151 556 5215 66116
579 5149 789 5215 caeremoniis
811 5149 945 5215 utilibus
967 5158 1042 5214 cta
1094 5148 1439 5232 6666116611616661,
1472 5154 1507 5213 at
1535 5149 1652 5214 videret
1671 5147 1757 5229 (ilius
1778 5146 1923 5230 66916616.
1969 5149 1999 5214 2.
2022 5151 2068 5218 Ε1

50 5237 133 5302 Ι)66
156 5235 326 5302 mandatis
344 5257 379 5302 se
401 5243 540 5302 exercet.
577 5234 710 5302 Sciebat
727 5235 814 5300 euim
837 5233 1042 5300 adminiculis
1094 5237 1174 5302 cidit
1205 5255 1274 5301 cam
1308 5235 1431 5302 Saulem
1465 5235 1553 5317 611166
1586 5235 1708 5300 Humor
1741 5232 1877 5298 Hiuucei
1907 5235 2069 5319 princip-ie

48 5345 162 5408 egere
191 5323 347 5406 homiues,
370 5322 522 5407 quamdiu
542 5323 693 5388 incarne
713 5330 825 5406 egunt,
848 5342 908 5387 nec
931 5322 1042 5388 61666
1093 5327 1204 5402 166666,
1227 5326 1255 5387 et
1275 5323 1346 5388 tulit
1367 5342 1443 5402 eum,
1467 5326 1495 5385 et
1515 5321 1675 5387 marchtall
1691 5339 1759 5384 6666
1777 5340 1823 5398 66,
1844 5323 1871 5384 61
1888 5317 2069 5392 demolierit

1812 5419 1862 5475 29*
