5022 6192
339 415 387 484 ue
1001 409 1373 479 COMMENTARIUS
1396 411 1447 478 IN
1474 409 1688 478 GlledSIN.
2295 415 2338 480 60

344 625 400 672 sus
422 607 540 688 pateat.
585 601 680 668 Nune
702 622 779 684 ergo
802 621 869 666 non
892 599 1080 664 dubitanter
1111 601 1253 682 quaerit,
1275 607 1313 664 ut
1364 599 1398 662 in
1421 598 1557 665 eandem
1579 619 1690 666 eeoum
1706 598 1873 666 laseiriam
1893 601 2004 666 trahit.
2036 585 2160 670 bruun&
2186 602 2335 668 bifariam

344 702 456 766 antea,
486 707 607 752 verene
628 689 671 753 sit
699 699 909 770 praereptum
934 684 998 750 Dei
1020 683 1106 768 quod
1129 693 1312 770 oppugnat:
1363 685 1483 766 exponi
1511 693 1631 768 potest:
1660 684 1745 768 quod
1767 684 1862 750 arbor
1889 687 2146 770 oonoupisoibilis
2179 689 2264 754 foret
2284 689 2337 755 vel

344 775 400 842 sed
431 774 539 857 palam
566 772 675 838 Deum
706 773 816 854 arguit
845 771 1014 836 mendaeii.
1059 770 1208 838 Verbum
1225 771 1314 835 enim
1363 769 1404 834 ad
1445 770 1638 849 videndum,
1679 771 1730 837 vel
1769 771 1809 836 ad
1850 772 2056 854 prudentiam
2095 774 2334 840 eonferendum.

345 861 503 943 illudque
521 881 609 924 mors
627 857 825 924 denunciata
842 865 901 937 eet,
920 857 1040 922 falsum
1059 877 1097 922 ao
1115 854 1315 922 delusorium
1363 854 1437 920 Hoe
1469 856 1632 939 posterius
1674 857 1750 939 quia
1788 858 1961 923 tentationi
2001 859 2117 924 melius
2150 859 2336 943 respondet,

344 968 415 1012 esse
436 945 561 1012 asserit.
605 942 759 1010 Exitialls
784 943 937 1019 tentatio,
960 963 1060 1025 quum
1084 941 1154 1007 Deo
1177 941 1313 1007 exitium
1363 939 1504 1006 libenter
1524 942 1708 1025 ampleotor.

343 1034 500 1107 minente,
519 1051 584 1094 non
602 1028 696 1094 modo
714 1029 819 1095 eeouri
831 1041 1006 1112 torpemus,
1017 1026 1074 1094 sed
1085 1028 1192 1093 Deum
1206 1029 1314 1110 ipsum
1448 1025 1602 1109 Deditque
1635 1029 1733 1093 etiam
1758 1028 1827 1094 uiro
1857 1049 1916 1093 suo
1944 1029 1999 1110 qai
2025 1047 2128 1094 aeram
2159 1035 2236 1095 erut.
2282 1031 2337 1096 Ex

343 1118 502 1186 habemus
522 1114 672 1181 ludibrio.
1362 1111 1415 1176 his
1443 1111 1552 1178 verbis
1573 1112 1751 1180 ooniioiunt
1777 1112 1908 1197 quidam
1931 1113 2073 1180 adfuisse
2095 1115 2212 1192 Adam,
2235 1137 2337 1199 quum

429 1203 459 1268 b.
480 1201 546 1269 Scit
567 1202 648 1266 eaba
666 1201 762 1266 Deus.
807 1199 898 1265 Sunt
918 1200 973 1282 qni
995 1206 1113 1282 putent
1135 1206 1241 1264 astute
1260 1198 1313 1264 bie
1363 1207 1489 1262 tentata
1520 1198 1582 1263 fuit
1614 1219 1714 1272 uxor,
1743 1209 1775 1265 et
1807 1219 1963 1282 persuasa
1995 1221 2015 1264 a
2046 1211 2214 1284 serpente:
2250 1201 2337 1284 qnod

343 1290 453 1354 Deum
475 1309 494 1352 a
516 1287 643 1353 Satana
662 1285 805 1364 laudari,
828 1285 922 1368 quasi
939 1305 1107 1369 nunquam
1124 1284 1273 1350 homines
1293 1304 1314 1349 a
1364 1282 1454 1348 nullo
1472 1283 1567 1348 modo
1584 1283 1738 1350 credibile
1760 1296 1827 1352 est:
1849 1286 1923 1350 fieri
1941 1295 2050 1350 tamen
2068 1297 2184 1370 potest,
2205 1296 2242 1352 ut
2259 1309 2338 1353 mox

343 1376 452 1440 iruotu
477 1373 644 1438 salutifero
666 1371 892 1454 prohibiturus
919 1371 1036 1436 luerit:
1059 1370 1117 1436 sed
1138 1369 1185 1434 illi
1207 1372 1312 1435 mani·
1363 1369 1604 1452 supervenerit:
1617 1371 1868 1453 imoantequem
1884 1372 2026 1437 fruetum
2044 1372 2169 1437 arboris
2187 1383 2339 1456 gustaret

343 1462 424 1526 feste
450 1479 560 1524 seeum
589 1465 754 1542 pugnant:
785 1456 883 1522 simul
910 1456 998 1522 enirn
1020 1456 1182 1538 fatentur,
1205 1457 1312 1538 priore
1363 1454 1489 1532 mulier,
1511 1455 1660 1520 retulerit
1673 1455 1821 1521 habitum
1832 1476 1908 1522 eum
1921 1463 2072 1539 serpente
2083 1457 2289 1541 oolloquium,
2305 1467 2340 1524 et

343 1543 489 1611 membro
518 1545 583 1609 iam
614 1564 746 1626 prorsus
772 1543 947 1626 abrogasse
973 1541 1073 1608 fidem
1102 1543 1189 1616 Deo,
1219 1541 1313 1623 quasi
1363 1539 1478 1606 iisdem
1513 1540 1629 1624 quibus
1666 1541 1802 1624 derepta
1834 1543 1942 1608 iuerat
1972 1543 2109 1608 fallaoiie
2149 1545 2339 1610 irretirerit

341 1633 501 1696 mentitus
534 1631 625 1696 foret.
670 1629 739 1695 Alii
766 1635 883 1711 putant
911 1628 1019 1692 Deum
1046 1627 1260 1710 malignitatis
1281 1635 1314 1691 et
1363 1625 1432 1690 Alii
1445 1626 1636 1709 particulam
1654 1641 1722 1703 nort
1740 1627 1781 1693 ad
1798 1627 1968 1712 ooniugale
1985 1629 2154 1694 vinoulum
2172 1630 2338 1694 referunt:

340 1715 484 1782 invidiae
502 1716 605 1800 argui,
624 1737 662 1780 oo
682 1713 766 1798 qood
785 1734 913 1779 summa
929 1713 1125 1796 perfeetione
1147 1712 1312 1776 hominem
1363 1711 1448 1794 quod
1480 1711 1581 1795 reeipi
1613 1721 1731 1796 potest.
1775 1712 1863 1794 Quia
1891 1725 2001 1779 autem
2023 1713 2215 1798 simpliciter
2236 1716 2339 1780 refert

342 1805 474 1888 privare
495 1801 649 1866 voluerit:
675 1811 770 1884 atque
792 1800 910 1864 horum
932 1799 1095 1864 sententia
1116 1798 1313 1881 probabilior
1364 1797 1482 1870 Moses.
1492 1798 1852 1880 sumptumemanibus
1863 1800 1975 1864 uxoris
1986 1799 2132 1866 Proetum
2142 1799 2338 1867 eomedisse:

342 1897 400 1954 est
452 1888 583 1952 Interea
611 1885 696 1971 (meo
720 1883 852 1970 iudioio)
881 1884 1017 1966 probare
1044 1893 1182 1950 oonatur
1209 1882 1312 1948 Satan
1363 1883 1473 1965 opinio
1510 1882 1591 1950 haee
1623 1885 1722 1968 vulgo
1761 1893 1892 1968 reeepta
1930 1885 2007 1963 fuit,
2047 1885 2210 1952 illeoebris
2248 1887 2341 1952 illius

343 1974 428 2056 quod
457 1993 564 2056 nuper
599 1973 743 2049 dixerat,
778 1983 909 2054 sumpta
938 1991 957 2034 a
984 1970 1148 2035 eontrario
1178 1969 1312 2036 ratione.
1363 1979 1495 2051 eaptum
1533 1971 1633 2035 fuisse
1676 1971 1784 2054 potius
1823 1991 1921 2054 quarn
1965 1970 2108 2036 Satanae
2148 1973 2340 2055 imposturis

343 2059 449 2137 Hane,
472 2059 592 2141 inquit,
615 2058 763 2123 arborem
787 2056 880 2122 vobis
903 2056 995 2121 Deus
1013 2054 1192 2134 interdixit,
1215 2077 1257 2120 ne
1279 2055 1313 2119 in
1363 2075 1565 2138 persuasum.
1609 2054 1651 2119 In
1673 2077 1747 2120 eum
1769 2056 1870 2121 finem
1892 2053 2064 2122 adduoitur
2086 2057 2183 2122 Pauli
2205 2067 2339 2123 senten-

342 2148 528 2210 sooietatem
550 2144 672 2228 gloriae
690 2163 768 2207 suae
786 2142 958 2206 admittere
980 2161 1040 2206 vos
1061 2151 1212 2224 rogatur:
1235 2160 1314 2224 ergo
1364 2140 1421 2218 tia,
1441 2139 1549 2205 Adam
1567 2161 1633 2206 non
1652 2141 1714 2206 fuit
1731 2139 1894 2225 deeeptus,
1911 2141 1969 2207 sed
1985 2142 2103 2207 mulier
2125 2141 2168 2228 (l.
2192 2143 2234 2209 ad
2252 2145 2337 2208 Tim.

342 2251 566 2314 supervaouus
589 2241 639 2295 est
660 2249 783 2310 poenae
801 2237 918 2292 metus.
954 2226 995 2290 Iu
1018 2246 1155 2307 summa,
1178 2227 1314 2290 noxium
1365 2227 1395 2304 2,
1420 2224 1483 2311 14),
1504 2226 1562 2292 sed
1582 2226 1706 2292 Paulus
1728 2226 1803 2305 illio,
1827 2236 1862 2292 ut
1880 2227 2040 2310 originem
2062 2229 2140 2293 mali
2163 2229 2341 2294 amuliere

342 2338 412 2382 esse
443 2316 588 2381 fructum
622 2325 736 2398 negat,
768 2313 844 2396 quia
879 2312 968 2377 utilis
1000 2313 1043 2378 sit
1074 2332 1111 2378 ae
1150 2311 1313 2378 salutaris.
1365 2312 1541 2395 proieotam
1579 2312 1706 2393 doeeat,
1745 2314 1968 2396 comparative
2018 2322 2147 2380 tantum
2183 2314 2339 2397 loquitur.

343 2401 455 2482 Quum
493 2401 589 2480 dioit,
621 2401 730 2466 Deum
764 2399 912 2464 novisse:
945 2397 1107 2482 zelotypia
1143 2397 1314 2463 inductum
1364 2397 1440 2462 Non
1462 2418 1539 2482 ergo
1568 2405 1697 2464 tantum
1727 2408 1764 2464 ut
1793 2419 1916 2464 morem
1944 2409 2074 2482 gereret
2095 2401 2208 2478 uxori,
2230 2399 2339 2485 legem

343 2487 534 2570 exprobrat,
567 2495 601 2550 et
627 2485 775 2553 oonsulto
806 2482 979 2549 mandasse
996 2481 1036 2549 de
1066 2485 1197 2563 arbore,
1219 2493 1258 2549 ut
1280 2483 1314 2548 in
1365 2483 1426 2548 sibi
1448 2483 1587 2567 positam
1612 2493 1839 2568 transgressus
1868 2490 1936 2549 est:
1965 2483 2023 2550 sed
2040 2482 2081 2548 ab
2102 2505 2142 2550 ea
2163 2485 2200 2549 in
2221 2487 2338 2550 exitia·

343 2572 449 2656 gradu
471 2571 617 2636 inferiori
639 2570 805 2634 hominem
823 2579 956 2634 teneret.
1365 2569 1430 2633 lem
1468 2568 1678 2634 ambitionem
1717 2578 1919 2653 pertraotue,
1960 2569 2107 2636 eiusdem
2146 2569 2340 2637 defentionis

429 2656 690 2722 Erdisaeutdii.
709 2654 852 2736 Quidam
864 2662 1008 2731 vertunt,
1026 2653 1159 2720 Similes
1171 2677 1212 2720 an
1256 2655 1311 2720 lis:
1365 2655 1471 2720 sooius
1488 2655 1558 2720 luit.
1595 2655 1639 2720 llt
1657 2676 1736 2720 eane
1754 2655 1879 2720 Pardus
1897 2655 1975 2722 alibi
1993 2677 2057 2722 non
2076 2677 2135 2740 per
2156 2657 2341 2736 mulierem,

344 2743 461 2808 Posset
478 2744 575 2808 etiem
594 2761 730 2808 numero
741 2740 901 2825 singulari
912 2739 1014 2820 reddi,
1026 2740 1194 2823 Tanquam
1243 2761 1311 2806 eus.
1365 2739 1419 2806 sed
1440 2760 1499 2822 per
1520 2743 1630 2823 ipsum
1644 2739 1754 2808 Adam
1770 2751 1937 2824 peooatum
1957 2741 2085 2808 venisse
2102 2741 2203 2808 tradit
2227 2741 2338 2828 (Rem.

344 2829 430 2894 Mihi
451 2848 516 2893 non
549 2827 683 2894 dubium
711 2835 761 2894 est
793 2826 872 2910 quin
904 2826 1111 2893 divinitatem
1140 2826 1205 2892 illis
1237 2847 1312 2910 pro-
1365 2824 1478 2911 5,12).
1518 2825 1645 2892 Deinde
1656 2825 1873 2909 exprobratio,
1888 2847 1971 2909 quae
2004 2828 2340 2910 aulopostsequetur,

343 2915 454 2980 mittat
471 2913 592 2980 Satan:
615 2934 653 2978 ae
667 2914 695 2978 si
717 2911 871 2990 dixisset,
889 2911 963 2977 Non
987 2912 1051 2976 alia
1072 2913 1199 2978 ratione
1221 2911 1313 2978 Deus
1366 2911 1445 2978 Eece
1460 2911 1570 2978 Adam
1586 2913 1680 2994 quaa
1695 2933 1778 2978 aare
1794 2933 1834 2978 ea
1850 2913 1948 2990 nobie,
1964 2849 2051 2978 elbre
2073 2921 2213 2980 testatur
2230 2915 2340 2998 ipsum

344 3001 458 3066 arbore
496 2999 651 3066 seientiae
688 3020 748 3064 vos
786 2998 930 3075 fraudat,
964 2998 1029 3063 nisi
1068 2998 1145 3079 quia
1178 3007 1313 3064 veretur
1365 3018 1491 3081 quoque
1521 2998 1621 3064 stulte
1647 2997 1836 3081 oonoupisse
1858 2998 2030 3082 plusquam
2051 2999 2184 3065 lioebat:
2207 3008 2241 3065 et
2264 2998 2340 3082 plus

343 3084 464 3151 habere
502 3087 615 3153 sorios.
678 3083 854 3150 Caeterum
895 3083 1041 3148 divinam
1075 3082 1226 3166 gloriam,
1260 3083 1313 3150 vel
1365 3083 1440 3148 fidei
1459 3081 1611 3150 habuisse
1637 3081 1759 3150 diaboli
1782 3084 1987 3167 captionibus
2009 3105 2107 3168 quam
2129 3093 2340 3152 sacrosancto

344 3172 571 3255 aequalitatem
605 3191 679 3236 enm
713 3171 784 3236 Deo
813 3169 848 3234 in
885 3171 1029 3252 perfeeto
1062 3169 1138 3234 boni
1173 3177 1207 3234 et
1234 3169 1314 3234 mali
1366 3169 1429 3236 Dei
1462 3169 1572 3234 verbo.
1628 3169 1723 3236 Nune
1763 3170 1931 3252 quaeritur
1969 3169 2133 3252 quodnam
2165 3171 2340 3253 utriusque

342 3257 486 3335 seientia,
508 3278 574 3322 non
593 3257 664 3322 eine
680 3256 786 3322 eolore
807 3255 992 3322 constituit:
1013 3254 1071 3320 aed
1091 3276 1203 3320 merus
1220 3256 1314 3321 iuous
1365 3265 1534 3338 peooatum
1565 3255 1672 3320 fuerit.
1728 3255 1857 3322 Puerile
1890 3265 1939 3320 est
1972 3253 2059 3339 quod
2093 3277 2137 3321 ex
2169 3257 2340 3322 veteribus

343 3351 402 3421 est,
420 3363 483 3425 quo
501 3342 654 3408 miseram
673 3342 826 3406 feminam
838 3341 1001 3424 illaqueat.
1021 3340 1110 3421 Quia
1120 3341 1314 3406 naturaliter
1365 3340 1515 3406 nonnulli
1526 3340 1670 3418 tradunt,
1688 3341 1938 3425 intemperantia
1962 3342 2058 3426 guae
2068 3341 2169 3408 fnisse
2181 3341 2339 3410 illectum.

342 3430 526 3512 ingenitum
548 3437 597 3494 est
619 3427 769 3494 omnibus
791 3426 914 3493 seiendi
934 3425 1096 3504 studium,
1120 3436 1256 3509 putatur
1277 3427 1314 3490 in
1366 3427 1451 3491 Nam
1497 3447 1597 3510 quum
1649 3437 1744 3492 tanta
1781 3427 1975 3511 optimorum
2020 3426 2187 3492 fruetuum
2244 3427 2342 3510 eopia

343 3533 381 3579 eo
402 3515 465 3579 sita
500 3536 571 3580 esse
599 3514 751 3582 felioitas:
784 3533 897 3579 vorum
930 3513 1054 3578 erravit
1087 3512 1200 3592 Hera,
1232 3533 1314 3596 quae
1364 3513 1530 3593 afflueret,
1563 3511 1675 3596 quales
1703 3513 1736 3578 in
1764 3533 1832 3576 una
1858 3513 1965 3595 speeie
2000 3512 2169 3578 lautitiae?
2200 3513 2341 3583 Reetius

342 3599 475 3665 modum
512 3599 635 3666 soiendi
666 3619 733 3664 non
764 3599 957 3681 temperavit
983 3598 1047 3663 Dei
1076 3596 1219 3664 arbitrio.
1269 3599 1315 3663 Et
1364 3597 1587 3682 Augustinus,
1610 3599 1664 3681 qui
1692 3597 1879 3681 superbiam
1906 3599 1985 3664 dioit
2006 3598 2167 3664 malorum
2189 3599 2342 3664 omnium

342 3683 455 3750 eodem
477 3685 623 3767 quotidie
644 3684 757 3750 morbo
779 3685 966 3749 laboramus
989 3703 1111 3762 omnes,
1133 3684 1218 3766 quod
1240 3681 1314 3766 plus
1363 3683 1496 3749 initium
1518 3683 1626 3760 fuisse,
1649 3691 1684 3749 et
1704 3683 1857 3766 superbia
1879 3681 2041 3766 perditum
2063 3705 2134 3750 esse
2152 3683 2338 3750 humanum

343 3769 427 3835 seire
451 3772 635 3853 appetimus
663 3791 761 3853 quam
783 3768 951 3853 expediat,
974 3776 1008 3834 et
1029 3789 1127 3852 quam
1150 3768 1313 3836 Dominus
1365 3791 1477 3854 genus.
1533 3768 1667 3836 Plenior
1699 3777 1810 3835 tamen
1840 3769 1987 3834 definitio
2011 3771 2135 3854 peooati
2158 3791 2200 3835 ex
2227 3777 2338 3834 tenta-

342 3855 526 3937 permittat:
548 3877 648 3938 quum
677 3855 889 3938 praeeipuam
930 3854 1109 3937 sapientiae
1142 3863 1239 3939 eaput
1270 3857 1315 3920 sit
1365 3855 1461 3920 tionis
1494 3854 1600 3938 speeie
1636 3875 1733 3938 quam
1773 3853 1926 3921 deseribit
1959 3855 2086 3934 Moses,
2107 3857 2193 3921 sumi
2215 3865 2338 3939 potest.

343 3941 522 4024 oomposita
542 3941 583 4006 in·
601 3939 664 4006 Dei
685 3939 876 4024 obsequium
898 3941 1064 4006 sobrietas.
1364 3941 1511 4006 Primum
1545 3941 1632 4006 enim
1662 3939 1834 4006 abduoitur
1861 3939 1978 4006 mulier
2000 3959 2020 4004 a
2041 3939 2140 4007 verbo
2163 3941 2241 4017 Dei,
2263 3963 2340 4007 ser-

429 4027 458 4090 6.
482 4025 525 4090 et
550 4027 628 4090 uidit
656 4026 776 4092 mulier.
819 4027 974 4109 Impurus
1000 4025 1053 4090 hio
1079 4035 1112 4091 et
1141 4025 1312 4108 oonoopis·
1364 4027 1472 4110 pentis
1489 4025 1701 4108 oaptionibue,
1719 4047 1778 4110 per
1795 4026 2031 4092 infidelitatem.
2068 4026 2179 4107 Quare
2200 4027 2339 4092 initium

343 4112 469 4176 oentiae
496 4133 624 4177 veneno
663 4111 802 4176 infeotus
834 4111 950 4178 Hevae
984 4109 1172 4195 adspectus,
1205 4112 1312 4179 eordis
1363 4111 1489 4195 ruinae,
1512 4132 1576 4194 qua
1596 4109 1827 4178 labefaotatum
1849 4121 1901 4177 est
1922 4111 2104 4178 humanum
2127 4133 2247 4194 gentis,
2269 4113 2341 4178 suit

344 4198 462 4279 impuri
482 4198 622 4264 nunnius
643 4219 681 4264 ao
703 4196 794 4262 testis
816 4198 887 4261 fuit.
925 4198 1060 4263 Poterat
1076 4196 1202 4262 sineere
1221 4199 1312 4280 prius
1364 4195 1500 4264 defectio
1524 4197 1564 4260 ab
1585 4197 1723 4280 imperio
1748 4197 1822 4264 Dei.
1853 4196 1920 4265 Sed
1941 4199 2094 4278 observa,
2117 4209 2196 4264 tuno
2217 4219 2237 4263 a
2258 4197 2339 4263 Deo

343 4281 490 4348 arborem
512 4283 687 4366 adepieere,
710 4292 747 4347 ut
769 4283 861 4348 nulla
879 4282 1031 4348 veseendi
1054 4281 1154 4347 libido
1166 4283 1312 4348 animum
1363 4282 1512 4349 homines
1534 4279 1721 4362 deeoivisse,
1744 4304 1844 4366 quum
1866 4283 1978 4349 relioto
1999 4283 2089 4349 illius
2111 4284 2212 4350 verbo
2237 4305 2340 4350 aures

343 4369 413 4434 eius
439 4368 563 4434 feriret:
593 4369 674 4435 fides
702 4371 790 4434 enim
819 4388 915 4451 quam
944 4368 1084 4434 habebat
1111 4368 1208 4433 verbo
1238 4367 1312 4449 Dei,
1363 4370 1586 4453 praebuerunt
1614 4367 1757 4434 Satanae
1787 4367 1974 4438 mendaaiis.
2025 4369 2111 4435 Nam
2140 4367 2216 4434 inde
2241 4369 2339 4436 oolli-

342 4454 662 4536 optimaeratoordis
677 4462 711 4519 et
727 4475 881 4520 sensuum
899 4455 1045 4519 omnium
1063 4465 1180 4521 eustos
1213 4454 1312 4520 Nune
1363 4455 1481 4538 gimus,
1514 4455 1621 4520 Deum
1651 4454 1734 4519 velle
1767 4454 1887 4538 suspioi
1920 4463 1954 4520 et
1993 4455 2056 4520 ooli
2075 4457 2111 4519 in
2143 4457 2245 4520 verbo
2262 4477 2338 4539 suo,

342 4550 511 4623 postquam
541 4561 561 4605 a
593 4541 656 4606 fide
688 4547 722 4605 et
754 4538 940 4605 obedientia
973 4540 1063 4606 verbi
1095 4560 1150 4605 eor
1183 4538 1312 4619 defeeit,
1362 4539 1498 4624 ideoque
1537 4540 1647 4606 exouti
1685 4561 1813 4606 omnem
1849 4541 1919 4606 eius
1960 4541 2192 4617 reverentiam,
2231 4562 2339 4625 quum

342 4647 453 4692 seeum
471 4627 592 4710 pariter
614 4625 762 4709 eorrupit
783 4647 895 4691 omnes
916 4646 1042 4706 sensus,
1065 4647 1103 4692 ao
1124 4646 1182 4708 per
1199 4646 1312 4691 omnes
1363 4625 1501 4692 verbum
1519 4626 1747 4692 oontemnitur.
1788 4625 1949 4692 Dootrina
1965 4626 2101 4710 eognitu
2118 4625 2215 4691 valde
2231 4625 2340 4702 utilis,

342 4721 410 4776 tam
439 4713 567 4777 animae
589 4733 685 4795 quam
708 4711 852 4794 eorporis
874 4721 985 4794 partes
1007 4711 1128 4776 diffusa
1156 4718 1206 4776 est
1236 4731 1311 4794 pra·
1362 4731 1439 4776 nam
1477 4711 1565 4794 apud
1593 4731 1712 4795 pauooe
1745 4732 1838 4777 suam
1881 4711 2072 4796 dignitatem
2105 4711 2228 4777 obtinet
2266 4711 2339 4777 Dei

343 4797 436 4862 vitos.
491 4797 564 4863 Hoo
596 4819 674 4882 ergo
707 4797 827 4880 impiae
867 4796 1055 4862 defentionis
1087 4798 1219 4881 signnm
1252 4805 1311 4873 est,
1362 4797 1509 4872 verbum,
1532 4806 1568 4862 ut
1590 4818 1649 4880 per
1671 4796 1769 4864 huius
1787 4805 2011 4880 oontemptum
2033 4799 2170 4882 impune
2197 4807 2339 4866 ruentes

340 4881 425 4965 quod
459 4882 576 4948 mulier
608 4886 725 4950 bonam
752 4883 793 4947 ad
827 4883 1023 4949 veeeendum
1057 4880 1205 4948 arborem
1240 4901 1311 4947 esee
1363 4883 1425 4948 sibi
1453 4895 1562 4948 tamen
1595 4885 1679 4948 iuter
1709 4881 1773 4948 Dei
1802 4883 1942 4948 oultores
1960 4885 2171 4968 praeeipuam
2192 4881 2339 4968 vadum

341 4967 479 5043 iudicat,
502 4968 588 5050 quod
612 4968 728 5053 oupide
750 4991 785 5034 se
816 4967 957 5034 oblectat
978 4969 1049 5034 eius
1070 4969 1204 5049 intuitu,
1225 4965 1311 5050 quod
1363 4977 1524 5052 arrogent.
1575 4969 1680 5052 Atqui
1698 4979 1734 5034 ut
1756 4990 1821 5034 non
1847 4969 1943 5034 aliter
1960 4990 1995 5034 se
2016 4968 2205 5035 hominibus
2226 4971 2337 5034 mani·

341 5051 590 5120 desiderabilem
625 5075 694 5122 esse
736 5052 952 5136 anquirendae
989 5053 1181 5138 prudentiae
1214 5075 1311 5120 eausa
1362 5054 1459 5118 iestat
1477 5052 1569 5120 Deus
1586 5075 1685 5136 quam
1701 5074 1760 5137 per
1783 5055 1937 5120 verbum:
1955 5056 2002 5120 ita
2019 5076 2124 5138 neque
2145 5055 2240 5121 aliter
2262 5055 2339 5124 eius

340 5139 401 5204 sibi
418 5140 602 5222 persuadet,
619 5161 717 5224 quarn
736 5141 827 5222 prins
845 5141 967 5206 eenties
985 5139 1193 5223 praeterisset
1210 5139 1311 5205 libero
1362 5141 1515 5205 maiestas
1544 5141 1709 5216 eonsistit,
1732 5160 1792 5206 neo
1814 5140 1924 5207 salvus
1945 5151 2058 5207 manet
2075 5141 2144 5206 eius
2165 5141 2252 5206 inter
2274 5163 2339 5208 nos

341 5232 374 5288 et
395 5226 571 5308 tranquillo
593 5227 723 5304 intuitu,
745 5247 834 5292 nuno
856 5227 943 5290 euim
965 5233 1116 5308 protervo
1137 5235 1171 5290 et
1192 5226 1309 5290 intem·
1361 5226 1484 5302 oultus,
1511 5247 1608 5309 qrram
1637 5224 1717 5290 dum
1746 5226 1913 5291 obedimus
1942 5227 2013 5293 eius
2036 5227 2145 5292 verbo.
2189 5225 2339 5294 Proinde

340 5317 495 5392 perantm
522 5322 659 5394 vagatur
681 5311 805 5388 animo,
828 5331 966 5378 exousso
988 5313 1116 5390 fraeno,
1138 5321 1172 5376 et
1193 5332 1310 5393 eorpus
1361 5309 1535 5377 infidelitas
1571 5309 1666 5375 radix
1701 5310 1891 5377 deieotionis
1926 5313 2001 5378 fuit:
2033 5313 2128 5379 aienti
2155 5312 2226 5380 sola
2253 5312 2340 5382 fides
