5022 6192
164 406 205 470 17
813 405 1185 500 COMMENTARIUS
1207 410 1257 476 IN
1279 410 1493 480 aunuum.
2116 417 2155 486 18
2227 511 2233 518 Ι

164 597 226 643 neo
254 574 389 642 fortuito
422 575 546 643 eccidit.
601 577 693 642 Nihil
726 577 820 644 nobis
855 580 959 663 magis
991 581 1136 663 prochve
1187 581 1321 648 docendi
1337 603 1436 650 cause
1456 583 1493 648 in
1515 602 1574 648 sex
1596 579 1664 648 dies
1685 604 1768 666 quae
1778 584 1870 652 Deus
1891 587 1989 653 simul
2011 589 2156 672 perfecit,

164 681 263 744 quam
284 661 348 728 Dei
376 663 553 745 potentiam
584 663 719 747 alligare
754 664 886 748 organis
910 684 1046 748 quorum
1075 669 1134 732 mi·
1186 666 1369 734 distribuat.
1402 666 1728 751 QuinpotiusDeus
1748 671 1828 754 ipse,
1852 677 1891 737 ut
1911 693 2010 757 opera
2031 673 2154 740 snaed

162 749 299 816 nisterio
317 751 430 814 utitur.
448 749 572 816 Lucem
584 749 633 814 sol
645 757 676 813 et
692 749 771 814 lune
784 749 877 815 nobis
889 749 1135 818 administrant:
1187 754 1354 820 hominum
1366 762 1498 836 captum
1509 763 1715 838 temperaret,
1727 777 1785 822 sex
1797 755 1925 825 dierum
1937 760 2080 842 spatium
2093 759 2155 826 sibi

163 835 230 900 vim
260 835 359 902 istam
387 835 434 901 sio
462 836 497 899 in
526 834 591 900 illis
620 834 815 901 includimus
840 833 952 902 nostre
972 837 1134 922 opinione,
1185 839 1335 923 sumpsit.
1379 839 1579 904 Immensum
1601 839 1664 904 Dei
1686 841 1823 920 gloriam
1844 862 1926 927 quae
1949 842 2002 910 hic
2024 844 2155 927 relucet,

162 929 209 999 ut,
240 921 267 988 si
297 921 452 986 tollantur
480 941 498 986 ι
526 920 663 1000 mundo,
691 920 751 985 lux
780 920 871 986 nulle
891 929 1014 987 restare
1039 943 1134 1008 posse
1184 925 1300 991 leviter
1323 925 1578 990 transvolamus:
1602 925 1688 990 unde
1710 926 1789 1007 hoc,
1814 927 1878 993 nisi
1900 929 1975 1012 quia
1997 929 2038 994 ad
2060 950 2155 1014 repu-

162 1006 323 1072 vidcatur.
357 1007 446 1090 Ergo
467 1006 630 1072 Dominus
650 1007 721 1089 ipso
743 1007 916 1073 creationis
938 1007 1060 1084 ordine,
1082 1008 1132 1074 lu·
1184 1009 1317 1075 tendam
1346 1011 1417 1075 eius
1437 1009 1697 1094 magnitudinem
1726 1013 1898 1096 plusquam
1920 1035 2034 1081 sumus
2056 1016 2155 1081 hebe-

160 1113 232 1158 cem
261 1113 298 1157 se
325 1093 359 1157 in
389 1114 487 1158 manu
513 1092 633 1158 habere
655 1099 806 1158 testetur:
833 1113 929 1177 quam
952 1095 1046 1160 nobis
1066 1095 1132 1160 lar·
1184 1095 1252 1162 tes?
1282 1096 1409 1161 interca
1437 1096 1499 1162 alio
1529 1117 1587 1161 nos
1615 1097 1739 1179 ingenii
1767 1101 1869 1165 nostri
1895 1100 2024 1166 vanitas
2053 1102 2149 1185 rapit.

160 1177 227 1262 giri
247 1180 348 1261 possit
370 1179 491 1262 absque
512 1177 580 1244 sole
602 1188 635 1244 et
657 1177 744 1243 luna.
799 1178 902 1245 Porro
933 1187 1059 1246 certum
1082 1191 1133 1246 ιιι
1182 1181 1271 1246 Huic
1299 1181 1378 1247 vitio
1403 1181 1596 1265 corrigendo
1617 1180 1710 1247 Deus
1739 1185 1943 1266 aptissimum
1973 1185 2154 1252 remedium

160 1286 205 1328 ex
231 1272 400 1345 contextu,
429 1264 475 1330 sic
503 1271 643 1331 creatam
673 1263 775 1330 fuisse
803 1264 907 1330 lucem
931 1273 967 1330 ut
989 1266 1130 1332 tenebris
1182 1265 1347 1345 adhibuit,
1382 1287 1483 1351 quum
1511 1269 1547 1332 in
1576 1275 1680 1333 certos
1709 1269 1831 1352 gradus
1859 1269 2010 1336 distinxit
2038 1270 2154 1337 mundi

159 1349 282 1415 iruerint
314 1371 391 1415 sues
420 1349 517 1430 vices,
576 1348 644 1414 Sed
678 1350 788 1433 quaeri
815 1359 935 1432 potest,
964 1351 1130 1418 fuerintne
1181 1354 1393 1432 creationem,
1430 1361 1466 1417 ut
1502 1359 1647 1418 nostram
1685 1355 1898 1420 attentionem
1933 1357 2087 1436 retineat,
2120 1363 2155 1422 et

157 1455 218 1517 per
239 1441 348 1499 totum
359 1434 474 1500 mundi
485 1436 655 1502 circuitum
673 1435 732 1512 lux
750 1441 783 1501 et
801 1435 952 1502 tenebrae
972 1438 1128 1504 vicissim:
1181 1440 1273 1521 quasi
1295 1437 1481 1517 subsistere,
1503 1439 1624 1503 iniecta
1644 1458 1754 1519 manu,
1772 1451 1874 1526 cogat.
1919 1441 1971 1506 Ad
1988 1439 2049 1508 hoc
2066 1463 2155 1509 oom-

159 1541 201 1584 an
224 1540 304 1584 vero
326 1519 497 1604 dimidium
526 1521 680 1587 circulum
712 1520 864 1586 tenebrae
892 1525 1129 1606 occupaverint,
1180 1532 1327 1588 mentum
1350 1521 1582 1588 stabiliendum
1603 1523 1753 1606 imperite
1775 1526 1894 1591 citatur
1915 1525 2004 1592 locus
2023 1549 2064 1592 ex
2087 1528 2150 1593 llo-

159 1627 260 1688 quum
284 1605 367 1672 alibi
383 1606 443 1671 lux
461 1605 654 1688 splenderet.
684 1605 775 1687 Quin
798 1605 923 1673 alterna
939 1605 1038 1673 fuerit
1057 1631 1129 1675 suo·
1179 1609 1359 1675 oleeiastico
1382 1608 1446 1695 (18,
1471 1607 1517 1694 ll:
1562 1607 1627 1690 Qui
1651 1610 1736 1675 vivit
1764 1611 1798 1676 in
1828 1619 1999 1677 aeternum
2025 1614 2152 1680 creavit

157 1692 259 1757 cessio
281 1711 348 1757 non
371 1690 505 1757 dubium
526 1700 589 1758 est:
617 1692 674 1759 sed
701 1714 743 1758 an
773 1691 890 1776 ubique
912 1691 1010 1759 simul
1032 1695 1130 1760 fuerit
1180 1695 1290 1759 omnia
1307 1695 1414 1760 simul.
1458 1692 1624 1760 Graecum
1653 1695 1740 1760 enim
1771 1696 1960 1762 adverbium
1982 1699 2068 1783 κοινῇ
2088 1719 2151 1783 quo

157 1775 235 1856 dies,
265 1784 299 1842 et
319 1776 438 1860 ubique
464 1799 544 1855 nox,
572 1776 606 1843 id
635 1777 721 1842 malo
743 1778 777 1842 in
800 1777 905 1844 medio
927 1779 1127 1863 relinquere:
1179 1781 1294 1858 utitur,
1318 1779 1400 1845 nihil
1430 1779 1495 1846 tale
1517 1791 1627 1845 sonat:
1655 1801 1761 1865 neque
1783 1781 1823 1846 ad
1847 1790 1975 1866 tempus
1998 1783 2151 1866 refertur,

156 1881 264 1944 neque
286 1862 385 1927 etiam
406 1863 489 1929 scitu
508 1862 588 1928 adeo
610 1865 829 1930 necessarium
851 1876 910 1929 ιιι.
1179 1865 1365 1931 aeduorum
1382 1865 1639 1930 universitatem.

242 1948 272 2012 4.
304 1947 448 2032 Viditqee
469 1949 558 2016 Deus
578 1949 682 2015 iuoem.
723 1949 788 2016 Hic
809 1949 976 2016 inducitur
996 1948 1129 2017 Densa
1265 1952 1294 2016 6.
1320 1949 1371 2016 Sit
1391 1951 1534 2017 erasae.
1586 1950 1678 2034 Opus
1707 1951 1841 2018 secundi
1870 1953 1935 2018 diei
1961 1964 2024 2032 est,
2052 1955 2152 2021 inane

157 2031 251 2097 Mose
279 2054 361 2117 opus
391 2057 485 2100 suum
514 2035 736 2115 considerans,
765 2044 803 2100 ut
829 2035 906 2100 inde
925 2035 1127 2118 voluptatem
1181 2036 1240 2100 hoc
1261 2037 1402 2121 spatium
1425 2057 1484 2119 per
1506 2044 1611 2101 terrae
1632 2037 1937 2117 circumferentiam,
1960 2060 2002 2105 ne
2024 2040 2150 2105 coelum

157 2120 274 2200 capiat.
325 2118 451 2185 Verum
484 2119 516 2186 id
546 2123 585 2186 fit
613 2131 725 2187 nostre
756 2141 867 2188 causa:
899 2131 937 2187 ut
968 2119 1128 2188 discamus
1179 2129 1284 2186 terrae
1306 2123 1489 2188 misceatur.
1525 2122 1612 2187 Nam
1641 2143 1740 2206 quum
1763 2123 1824 2190 hoc
1846 2123 2033 2207 proverbio:
2067 2125 2151 2192 (loe-

158 2204 240 2268 uihil
269 2203 377 2271 Deum
413 2207 526 2272 facisse
558 2205 622 2273 nisi
651 2218 739 2273 certa
767 2207 893 2272 ratione
920 2214 953 2271 ιι
978 2208 1127 2274 consilio:
1178 2207 1247 2272 lum
1276 2215 1383 2272 terrae
1408 2208 1552 2284 miscere,
1574 2213 1706 2273 notetur
1732 2221 1880 2274 extrema
1900 2207 2016 2288 ἀταξία,
2039 2211 2151 2296 magni

155 2289 226 2356 Nec
255 2311 336 2358 vero
357 2291 404 2358 sic
426 2294 571 2375 accipere
595 2293 746 2360 convenit
767 2293 870 2358 Mosis
893 2290 1007 2372 verba,
1037 2293 1128 2376 quasi
1177 2291 1257 2359 haec
1269 2292 1432 2360 distinctio
1454 2291 1639 2358 fieridebet.
1670 2294 1773 2359 Porro
1791 2317 1855 2360 vox
1876 2307 1950 2387 ttp't
1970 2316 2035 2361 non
2054 2297 2149 2362 modo

155 2390 235 2440 tune
257 2397 338 2460 opus
366 2399 463 2443 suum
493 2397 666 2462 agnoscere
688 2379 808 2444 bonum
837 2379 979 2462 coeperit
1000 2398 1041 2442 ex
1064 2400 1126 2463 quo
1177 2385 1279 2444 totam
1307 2379 1392 2444 aeris
1415 2379 1581 2462 regionem
1609 2379 1870 2463 comprehendit,
1903 2380 1959 2445 sed
1992 2381 2070 2465 quid
2092 2383 2150 2449 uid

153 2463 278 2528 factum
306 2473 391 2529 eret:
422 2486 538 2530 verum
567 2486 682 2530 sensus
711 2476 776 2540 est,
812 2484 893 2547 opus
917 2463 1013 2548 quale
1041 2485 1127 2530 nuno
1176 2485 1276 2547 supra
1298 2486 1357 2530 nos
1379 2472 1483 2548 patet:
1514 2463 1652 2548 qualiter
1681 2465 1807 2531 coelum
1825 2465 1955 2531 Latinis
1978 2405 2147 2534 interdum

154 2548 333 2630 adspicitur
355 2571 375 2614 a
397 2550 501 2628 nobis,
518 2551 732 2634 approbatum
755 2570 825 2615 csse
847 2569 868 2613 a
889 2550 969 2615 Deo.
1014 2549 1125 2632 Quare
1176 2549 1313 2632 capitur.
1371 2549 1422 2614 Ite
1459 2548 1627 2634 dispositio
1661 2549 1741 2616 cosli
1781 2559 1814 2616 et
1846 2551 1932 2616 aeris
1965 2553 2147 2635 promiscue

151 2634 239 2699 nihil
261 2635 354 2720 nobis
383 2645 486 2700 restat
509 2657 606 2719 quam
628 2637 831 2718 acquiescere
861 2636 895 2700 in
924 2635 984 2700 hoo
1005 2635 1125 2702 iudicio
1177 2643 1312 2701 vocatur
1333 2648 1422 2726 erpi:
1452 2635 1509 2700 sed
1537 2635 1712 2718 aliquando
1740 2643 1916 2719 utrumque
1945 2638 2060 2717 simul,
2087 2639 2146 2703 ali·

150 2720 226 2786 Dei.
271 2723 380 2803 Atque
401 2721 482 2787 haec
504 2720 600 2788 valde
623 2721 713 2788 utilis
734 2729 785 2786 est
806 2719 993 2786 admonitio.
1038 2721 1125 2786 Nam
1176 2720 1304 2802 quando
1326 2722 1462 2785 alteram
1479 2730 1607 2804 partem
1625 2722 1801 2805 significat:
1825 2731 1864 2786 ut
1884 2722 2002 2788 melius
2023 2724 2148 2807 patebit

150 2827 254 2888 quum
276 2806 392 2872 debeat
409 2807 507 2873 homo
528 2828 642 2873 sensus
664 2827 778 2872 omnes
798 2806 969 2872 intendere
991 2806 1031 2870 ed
1053 2828 1123 2873 sus·
1175 2828 1216 2870 ex
1239 2827 1420 2890 progressu.
1465 2805 1581 2873 Nescio
1603 2827 1661 2872 cur
1683 2807 1819 2872 Graecis
1841 2807 1999 2891 placuerit
2019 2817 2147 2876 vertere

149 2889 303 2974 picienda
324 2891 387 2958 Dei
415 2912 528 2976 opera,
555 2893 704 2959 videmus
726 2892 937 2975 quantumin
958 2891 1024 2958 illis
1045 2914 1123 2978 eug·
1175 2899 1327 2974 στερέωμα
1377 2891 1441 2956 uod
1468 2891 1503 2957 in
1531 2894 1730 2958 firmamenti
1758 2892 1888 2958 nomine
1921 2893 2039 2958 imitati
2067 2906 2146 2961 sunt

150 2976 305 3062 gillandis
326 2977 474 3044 licentiae
497 2978 556 3045 sibi
580 2979 757 3061 permittat.
1173 2977 1302 3043 Latini:
1330 2913 1374 3042 ad
1401 2977 1535 3043 verbum
1563 2977 1649 3043 enim
1671 2985 1720 3044 est
1740 2978 1904 3061 expansio.
1949 2980 2059 3062 Atque
2080 2979 2147 3048 buo

238 3065 268 3130 5.
298 3063 424 3130 Vooeeit
443 3063 533 3130 Deus
555 3065 659 3130 luam.
713 3063 786 3128 Hoo
813 3070 880 3140 est,
906 3063 1008 3130 voluit
1029 3062 1122 3130 Deus
1173 3061 1290 3127 alludit
1315 3062 1442 3139 David,
1477 3084 1576 3147 quum
1610 3064 1689 3129 dicit
1717 3071 1869 3130 extensos
1897 3085 1967 3130 esse
1991 3064 2096 3132 coelos
2125 3086 2146 3131 a

149 3158 190 3214 ιιι
212 3155 298 3216 esset
318 3149 427 3231 aliqua
444 3147 571 3215 dierum
589 3160 622 3214 ιι
643 3151 787 3216 noctium
805 3149 1010 3215 vicissitudo:
1034 3149 1122 3233 quod
1174 3148 1245 3212 Deo
1261 3149 1366 3214 instar
1387 3149 1531 3214 cortinae
1552 3147 1620 3234 (Pe.
1644 3149 1716 3227 104,
1739 3147 1782 3236 2).
1822 3147 1857 3215 si
1882 3153 1954 3232 quis
1975 3162 2068 3235 roget
2090 3173 2146 3216 en·

148 3236 249 3300 etiam
271 3257 347 3301 mox
369 3243 544 3320 sequutum
568 3244 633 3314 est,
662 3256 762 3318 quum
783 3235 911 3318 primus
932 3234 1001 3302 dies
1022 3236 1122 3301 finem
1173 3253 1239 3298 non
1262 3235 1351 3317 prius
1377 3233 1475 3300 fuerit
1496 3234 1557 3299 ista
1578 3236 1742 3301 vacuitas:
1771 3232 1957 3318 respondeo,
1980 3245 2145 3320 utcunque

147 3321 283 3404 accepit.
328 3321 428 3387 Lucis
449 3321 537 3386 enim
565 3328 771 3404 conspectum
798 3321 933 3385 abstulit
953 3320 1061 3400 Deus,
1084 3332 1122 3386 ut
1173 3339 1238 3384 non
1259 3328 1491 3403 occuparentur
1513 3320 1553 3387 ab
1576 3321 1667 3404 aquis
1688 3320 1812 3385 omnia:
1834 3341 1923 3386 nuno
1945 3329 2056 3386 temen
2077 3323 2145 3407 pri-

146 3427 216 3471 nox
243 3406 329 3471 diem
361 3406 500 3472 alterum
528 3406 704 3472 inchoaret.
766 3404 862 3487 Quod
899 3415 1008 3472 mmen
1043 3407 1121 3473 dicit
1172 3425 1262 3470 mum
1283 3405 1464 3470 ordinatam
1494 3405 1593 3470 fuisse
1622 3405 1827 3483 distantiam,
1857 3426 1956 3489 quum
1978 3407 2071 3490 prius
2092 3408 2144 3473 in·

146 3491 268 3570 Moses,
289 3492 441 3557 bifariam
463 3493 546 3558 verti
569 3501 689 3575 potest:
713 3492 765 3557 vel
783 3491 868 3574 quod
886 3492 985 3557 fuerit
1003 3514 1121 3576 vesper
1171 3492 1347 3573 composita
1369 3499 1454 3556 esset
1475 3491 1658 3574 permixtio.
1707 3490 1813 3558 Usum
1838 3489 2011 3575 specialem
2032 3493 2141 3576 expri-

145 3585 183 3641 et
204 3598 300 3642 mane
322 3577 387 3643 diei
409 3577 522 3660 primi:
553 3577 605 3644 vel
634 3576 717 3661 quod
748 3600 792 3642 ex
812 3598 948 3661 vespero
970 3585 1003 3644 et
1025 3600 1120 3644 mane
1169 3576 1230 3640 mit
1250 3576 1371 3655 Moses,
1394 3586 1430 3642 ut
1451 3575 1631 3662 distinguet
1659 3597 1762 3660 aquas
1784 3576 1824 3642 ab
1847 3578 2006 3659 equisex
2024 3577 2141 3661 quibus

145 3662 325 3744 completus
344 3664 442 3728 luerit
463 3662 531 3728 dias
548 3663 682 3746 primus.
714 3662 887 3730 Utrumvis
904 3663 1014 3748 eligas,
1037 3663 1120 3728 nihil
1170 3662 1278 3727 verbis
1300 3664 1405 3728 oritur
1426 3683 1547 3746 magna
1569 3662 1751 3729 difficultas.
1801 3661 1863 3727 Est
1891 3663 1979 3728 enim
2000 3663 2143 3730 ebenum

145 3748 251 3812 refert
271 3748 374 3830 quoad
396 3769 546 3815 sensum:
579 3770 655 3814 nam
678 3749 869 3832 simpliciter
896 3747 981 3814 diem
1000 3749 1120 3814 iutelli-
1169 3769 1189 3812 a
1214 3769 1312 3814 sensu
1333 3747 1515 3826 communi,
1545 3756 1578 3814 ot
1606 3768 1739 3832 prorsus
1763 3745 1961 3826 incredibile,
1985 3748 2140 3832 quasdem

143 3833 196 3916 git
214 3833 340 3900 duabus
362 3833 508 3917 partibus
529 3835 724 3918 completum
747 3835 856 3900 fuisse.
900 3833 999 3900 Diem
1020 3856 1118 3918 porro
1169 3853 1240 3898 esse
1268 3853 1367 3917 aquas
1395 3834 1484 3898 coelo
1517 3833 1709 3917 superiores.
1771 3833 1882 3914 Quare
1914 3833 2066 3899 nonnulli
2098 3834 2140 3901 ad

143 3937 168 3983 a
195 3940 330 4003 vespero
363 3919 478 4004 incipit
505 3919 684 3988 secundum
710 3920 869 3986 usitatum
901 3921 1008 4004 gentis
1040 3940 1118 3986 suae
1167 3917 1358 4003 allegoriam
1379 3918 1570 4003 confugiunt
1591 3929 1624 3984 ιι
1646 3917 1686 3984 de
1704 3918 1829 4003 angelis
1850 3918 2138 4004 philosophantur:

142 4024 280 4071 morem.
333 4008 387 4071 An
422 4016 530 4071 autem
565 4006 619 4071 hic
646 4006 788 4090 optimus
821 4007 866 4071 sit
891 4016 924 4071 et
950 4006 1117 4091 legitimus
1167 4003 1225 4070 sed
1253 4005 1489 4088 intempestive.
1540 4005 1625 4070 Nam
1661 4004 1722 4071 hoo
1754 4003 1835 4068 mihi
1865 4012 1989 4070 certum
2017 4007 2139 4090 prinoi-

141 4089 234 4173 ordo,
257 4090 423 4174 disputare
440 4091 523 4156 nihil
545 4091 671 4158 attinet.
703 4090 834 4160 Scimus
851 4092 1001 4158 tenebras
1019 4093 1118 4158 fnisse
1168 4089 1258 4173 pium
1279 4098 1338 4168 ιιι,
1361 4089 1415 4156 hic
1441 4090 1571 4156 nonnisi
1593 4090 1633 4155 ds
1655 4088 1777 4155 visibili
1798 4088 1913 4155 mundi
1930 4091 2032 4156 forma
2054 4101 2138 4158 trae

141 4183 291 4258 tempora
308 4178 506 4259 superiores:
525 4197 624 4259 quum
642 4177 749 4243 lucem
761 4177 852 4242 Deus
869 4177 1035 4257 subduxit,
1056 4178 1117 4244 hoo
1167 4176 1245 4240 tari:
1274 4174 1483 4259 astrologiam
1509 4185 1542 4240 st
1574 4175 1655 4242 alias
1682 4187 1769 4241 artes
1797 4175 1980 4242 reconditas
2007 4175 2138 4244 aliunde

142 4272 217 4326 eret
238 4262 324 4328 diem
345 4262 506 4328 claudere.
540 4263 613 4328 Non
631 4262 742 4328 dubito
759 4263 837 4345 quin
857 4263 1014 4328 rationem
1033 4263 1117 4331 hano
1167 4260 1270 4328 discat
1291 4262 1347 4346 qui
1368 4261 1463 4326 volet
1492 4261 1558 4326 Hic
1575 4262 1710 4344 spiritus
1728 4259 1792 4327 Dei
1814 4281 1926 4326 omnes
1948 4261 2044 4327 simul
2066 4263 2137 4330 sine

143 4347 275 4430 sequuti
304 4349 371 4412 sint
404 4349 614 4415 vetustissimi
641 4359 770 4432 patres,
804 4348 921 4432 quibus
950 4350 1025 4415 finis
1053 4348 1116 4415 diei
1166 4351 1356 4431 exceptione
1377 4345 1492 4412 doecre
1513 4345 1632 4411 voluit:
1660 4354 1759 4430 atque
1788 4344 1868 4411 adeo
1892 4345 1976 4428 quod
1998 4347 2081 4414 falso
2102 4357 2136 4414 et

142 4443 216 4497 erat
231 4454 351 4516 vesper
367 4433 556 4511 adveniens,
579 4443 675 4516 atque
692 4435 740 4499 ita
753 4433 886 4499 alterius
898 4434 962 4498 diei
974 4435 1115 4502 initium.
1165 4455 1337 4518 perperam
1366 4431 1406 4496 de
1434 4432 1550 4498 statuis
1579 4440 1613 4496 ιι
1639 4432 1773 4514 picturis
1797 4429 1975 4512 Gregorius
1997 4453 2138 4516 pronun·

142 4517 341 4601 Quanquam
359 4519 469 4586 Moses
490 4519 595 4603 legem
619 4520 672 4585 hic
693 4521 869 4603 praefigere
892 4519 997 4584 noluit
1018 4543 1115 4605 quem
1166 4521 1239 4600 ciat,
1272 4539 1351 4585 vere
1383 4517 1418 4583 in
1448 4517 1533 4585 hano
1562 4516 1734 4584 creationis
1768 4516 1938 4581 historiam
1971 4519 2134 4602 competit,

141 4603 268 4669 violare
297 4604 342 4669 sit
369 4605 475 4670 nefas:
519 4604 577 4670 sed
617 4615 766 4689 receptae
802 4605 1029 4671 consuetudini
1066 4605 1116 4694 (ut
1164 4604 1283 4671 librum
1312 4603 1436 4671 scilicet
1470 4624 1542 4670 esse
1567 4601 1753 4668 idiotarum.
1805 4600 1896 4685 Ergo
1924 4622 2135 4687 quaeeunque

140 4689 210 4753 iam
245 4689 367 4756 dictum
400 4689 463 4778 ιιι)
497 4689 754 4756 accommodavit
788 4711 971 4756 sermonem
1007 4712 1113 4758 suum.
1164 4697 1404 4767 commemorat,
1428 4688 1468 4753 ad
1486 4696 1715 4754 ornamentum
1736 4687 1824 4752 illius
1845 4687 1967 4752 theatri
1987 4695 2136 4772 spectant

141 4775 256 4856 Quare
284 4775 381 4842 sicuti
408 4777 506 4842 stulte
527 4775 639 4842 Iudaei
665 4797 779 4842 omnes
803 4775 943 4842 aliorum
972 4779 1115 4846 rationes
1164 4775 1249 4858 quod
1271 4774 1363 4841 nobis
1391 4785 1468 4839 ante
1495 4774 1604 4841 oculos
1634 4773 1733 4857 ponit.
1778 4771 1874 4838 Unde
1896 4780 2012 4853 statuo,
2035 4794 2134 4858 aquas

140 4861 311 4938 damnant,
332 4863 424 4945 quasi
445 4860 531 4928 hanc
552 4860 654 4928 solam
675 4860 767 4928 Deus
784 4863 950 4928 statuerit:
974 4863 1019 4928 ite
1040 4886 1113 4930 rur·
1163 4860 1217 4928 hic
1245 4860 1384 4945 intelligi
1412 4881 1493 4944 quas
1520 4860 1617 4926 ruder
1646 4877 1772 4942 quoque
1800 4867 1834 4922 et
1860 4857 1982 4923 indocti
2009 4861 2134 4945 perspi·

139 4967 218 5012 sum
239 4945 350 5012 sutiles
371 4956 448 5013 suut
469 4947 534 5026 elii,
557 4947 634 5012 dum
658 4947 743 5014 heno
764 4969 848 5031 quae
870 4967 889 5012 a
910 4949 1003 5014 Mose
1024 4969 1112 5015 oom-
1162 4947 1258 5014 cient.
1310 4943 1404 5026 Quod
1435 4945 1522 5010 enim
1551 4943 1685 5028 quidem
1707 4965 1742 5009 se
1763 4941 1827 5009 fide
1848 4943 1999 5027 amplecti
2020 4944 2135 5012 dicunt

138 5030 317 5097 mandetur
337 5040 578 5116 praeposteram
599 5053 670 5098 esso
691 5033 901 5099 contendunt.
1161 5033 1246 5117 quod
1270 5031 1323 5097 hic
1343 5031 1458 5116 legunt
1475 5031 1516 5096 dc
1538 5031 1630 5115 aquis
1647 5029 1948 5114 supercoelestibus,
1969 5039 2134 5115 uteunque

228 5116 310 5184 Dice
330 5119 465 5202 primas.
515 5117 581 5186 Hic
607 5119 778 5185 manifeste
809 5119 967 5184 refellitur
998 5141 1112 5186 eorum
1161 5140 1216 5185 eas
1238 5119 1400 5204 ignorent,
1421 5116 1525 5182 Musis
1542 5117 1692 5182 instituto
1714 5137 1781 5180 non
1802 5122 1853 5181 est
1869 5123 2136 5184 consentaneum.

137 5223 234 5269 error
255 5205 311 5287 qui
330 5214 495 5270 momento
513 5224 578 5269 uno
600 5205 716 5270 volunt
737 5202 901 5272 conditum
925 5225 995 5270 esse
1016 5227 1110 5271 mun·
1160 5205 1206 5271 Et
1227 5224 1304 5271 vero
1326 5203 1373 5268 rei
1391 5211 1523 5285 apertae
1543 5213 1577 5266 ιι
1597 5201 1763 5286 expositae
1778 5220 1980 5284 supervacua
1997 5211 2048 5268 est
2063 5202 2137 5269 lon·

136 5289 229 5355 dum.
256 5289 318 5356 Est
333 5289 419 5355 enim
437 5289 536 5355 nimis
546 5289 725 5357 violentum
737 5291 888 5358 cavillum
905 5290 990 5375 quod
1002 5291 1111 5358 Moses
1160 5290 1232 5374 gior
1259 5288 1437 5373 inquisitio.
1487 5285 1647 5353 Videmus
1676 5285 1780 5353 nubes
1804 5287 1840 5351 in
1863 5306 1939 5352 aare
1960 5305 2135 5371 suspensas

247 5389 701 5462 autumaremus
1910 5387 1929 5442 n
