5022 6192
351 397 395 464 11
1028 393 1358 464 ARGUMEN'PUM
1378 392 1428 460 IN
1450 389 1664 461 ouuusut.
2299 393 2338 460 12

345 593 484 650 nostros
509 581 553 648 ad
574 583 656 651 eoeli
682 593 852 670 terraeque
880 582 1170 650 mssiderationem
1194 582 1404 666 applieantes‚
1423 581 1501 648 inde
1518 581 1616 648 etiam
1637 591 1788 664 petamus
1809 602 1894 666 quae
1911 601 1971 647 nos
1989 581 2025 648 in
2042 601 2122 648 vera
2142 579 2207 647 Dei
2224 581 2339 648 nodus

345 697 557 762 oeulirment.
600 694 754 762 Christus
776 695 864 760 enim
881 695 989 780 imago
1009 703 1068 775 est,
1089 695 1125 760 iu
1146 715 1211 779 qua
1232 713 1298 760 non
1320 690 1416 758 modo
1436 698 1551 775 peetus
1572 712 1670 758 suum
1688 691 1781 760 nobis
1798 694 1889 760 Deus
1910 692 2122 777 eouspieuum
2144 691 2261 770 reddit,
2282 691 2339 758 sed

348 827 473 872 manus
496 827 622 891 quoque
645 813 680 872 et
703 807 811 890 pedes.
846 807 963 872 Partus
993 805 1120 889 appollo
1142 824 1297 872 moenum
1319 802 1412 870 illum
1440 823 1585 869 amorem
1606 823 1670 886 quo
1691 823 1752 871 uos
1773 805 1810 869 in
1830 804 1966 872 Christo
1985 803 2175 888 eomplexus
2195 815 2260 872 est:
2283 823 2341 886 per

356 937 472 984 manue
489 927 599 984 autem
620 928 653 984 et
674 918 782 1002 pedes,
800 939 881 1002 quae
898 915 1000 984 oeulis
1017 917 1138 984 nostris
1149 915 1299 1000 exposita
1315 926 1393 981 suut
1409 935 1507 998 opera
1524 913 1681 1000 intelligo.
1716 915 1891 982 AOhristo
1909 914 2106 998 simulatque
2123 914 2339 991 disooesimus.

356 1029 440 1098 nihil
460 1037 511 1096 est
531 1036 598 1094 tam
620 1049 766 1096 ameum
787 1027 840 1096 vel
862 1029 1041 1108 minutum,
1063 1029 1099 1095 in
1124 1048 1188 1111 quo
1209 1048 1274 1093 nen
1293 1025 1485 1092 helluoinari
1509 1045 1641 1094 neoesw
1657 1026 1710 1092 sit.
1746 1027 1793 1092 ιιι
1814 1047 1894 1092 eene
1912 1026 2031 1104 Moses,
2049 1026 2199 1110 quamvis
2220 1027 2256 1090 in
2278 1025 2341 1092 hoe

356 1141 439 1208 libro
460 1139 590 1206 initium
611 1140 709 1207 lauat
729 1161 750 1205 a
771 1138 885 1206 mundi
906 1140 1084 1218 amatione,
1106 1158 1173 1205 non
1202 1147 1312 1204 umen
1332 1137 1370 1204 ιιι
1390 1156 1430 1202 ea
1452 1157 1511 1202 nos
1540 1136 1635 1204 sistit.
1680 1137 1766 1206 Nam
1797 1137 1878 1204 haee
1904 1136 2002 1204 simul
2030 1137 2183 1221 ooniungi
2213 1135 2340 1214 debent,

355 1251 524 1320 meditem
544 1251 644 1317 foisse
659 1251 821 1318 mnndum
842 1273 862 1316 a
883 1249 964 1328 Deo,
987 1257 1021 1316 st
1042 1249 1216 1327 hominem,
1239 1255 1412 1333 postquam
1434 1249 1506 1315 loeo
1526 1248 1763 1334 intelligentiae
1784 1247 1924 1314 donatus
1939 1255 2020 1326 erat,
2042 1254 2077 1313 et
2093 1256 2144 1314 tot
2160 1247 2342 1332 privilegiis

357 1371 508 1442 ornatos,
527 1360 681 1430 eeeidisse
698 1383 758 1429 sua
777 1361 889 1446 eulpa,
911 1369 1008 1445 atque
1029 1360 1076 1426 ita
1096 1360 1191 1428 bonis
1212 1358 1363 1426 omnibus
1383 1379 1465 1442 quae
1487 1358 1688 1438 obtinuerat,
1709 1360 1876 1444 privatum
1896 1358 2009 1426 husee:
2021 1357 2140 1433 deinde
2160 1359 2343 1426 miseriem·

353 1473 408 1539 dia
427 1473 490 1539 Ilei
510 1473 546 1537 in
567 1474 685 1553 vitam,
707 1494 805 1557 qnam
833 1470 1035 1555 perdiderat,
1064 1469 1268 1548 restitutum,
1291 1469 1387 1554 idque
1415 1469 1540 1538 (lhristi
1570 1469 1737 1540 beniuolo:
1759 1481 1798 1538 ut
1817 1490 1948 1555 semper
1972 1477 2058 1538 esset
2085 1469 2204 1554 aliquis
2231 1477 2344 1538 ooetos

354 1586 390 1651 in
412 1592 517 1662 terra,
538 1583 650 1667 quiin
678 1603 770 1668 spem
799 1581 948 1652 eoelmtis
970 1584 1057 1650 vitae
1084 1581 1271 1665 adoptatus,
1300 1581 1363 1648 hae
1391 1581 1511 1648 fiduoia
1531 1581 1640 1648 Deum
1665 1581 1793 1650 soleret.
1838 1581 1948 1665 Atque
1969 1581 2035 1648 huo
2061 1603 2190 1666 queque
2217 1591 2345 1666 speomt

355 1696 455 1762 totius
477 1695 629 1761 historiae
650 1702 833 1774 oontextus,
855 1693 902 1760 sio
923 1694 952 1759 a'
964 1692 1038 1760 Deo
1059 1701 1226 1760 servatum
1248 1691 1351 1760 fuisse
1374 1693 1556 1758 humanum
1573 1713 1678 1778 genus
1694 1701 1733 1758 ut
1750 1693 1946 1777 peculiarem
1963 1692 2117 1762 eoolesiae
2134 1713 2213 1760 suae
2229 1713 2344 1760 eurem

356 1807 469 1892 egerit.
512 1806 585 1872 Hoo
606 1805 692 1871 enim
720 1812 771 1870 est
794 1803 868 1872 libri
898 1815 1148 1890 argumentum,
1176 1810 1348 1888 postquam
1379 1803 1528 1870 oouditus
1556 1804 1619 1870 tuit
1646 1803 1803 1884 mondus,
1831 1803 1996 1872 homiuem
2020 1804 2125 1872 veluti
2152 1805 2186 1870 in
2215 1803 2345 1870 theatro

356 1916 684 1996 luisse-oolloeatnm,
707 1915 763 1999 qui
784 1937 915 1983 sursum
935 1923 969 1982 et
996 1915 1145 1982 deorsum
1175 1917 1312 1984 miriliea
1339 1914 1404 1982 Dei
1424 1933 1523 1998 opera
1547 1914 1762 1998 eonspioiens,
1794 1923 1943 1984 autorem
1972 1923 2162 1982 reverenter
2183 1914 2344 1982 adoraret

356 2027 522 2103 Seoundo‚
551 2028 661 2094 omnia
681 2026 716 2092 in
739 2046 833 2092 usum
852 2027 994 2092 hominis
1011 2047 1083 2094 esse
1101 2026 1279 2106 destinata,
1301 2047 1364 2110 quo
1391 2026 1497 2110 magis
1518 2023 1567 2090 illi
1594 2026 1784 2104 obstrietus,
1813 2033 1919 2094 totum
1940 2047 1976 2094 se
1996 2027 2031 2093 in
2059 2027 2131 2093 eius
2154 2026 2346 2110 obsequium

356 2137 520 2204 addieeret
539 2159 577 2206 ao
598 2137 730 2204 dioaret.
774 2138 902 2216 Tertio,
923 2137 1142 2223 intelligentia
1162 2147 1196 2204 et
1223 2139 1350 2204 radone
1371 2137 1471 2204 luisse
1499 2135 1800 2219 prostituimus
1829 2136 1932 2205 brutis
1962 2136 2159 2206 animalibus
2184 2137 2347 2204 dieoretus

356 2249 515 2333 potiorem
537 2247 637 2315 vitam
658 2247 886 2314 meditaretur:
907 2249 973 2314 imo
994 2255 1033 2315 ut
1050 2248 1093 2315 ad
1110 2249 1218 2314 Deum
1235 2257 1325 2314 reeta
1337 2247 1502 2326 tenderet,
1519 2247 1612 2314 ouius
1629 2247 1826 2332 insoulptem
1843 2249 2020 2334 imaginem
2038 2249 2181 2333 gerebat.
2225 2250 2348 2316 Postea

358 2360 503 2444 sequitur
524 2360 634 2444 lapsus
656 2357 765 2437 Adae,
787 2379 851 2444 quo
872 2381 908 2425 se
929 2378 949 2424 a
970 2359 1042 2425 Deo
1064 2359 1238 2426 alienavit:
1261 2357 1348 2425 unde
1368 2359 1491 2426 laetum
1513 2367 1564 2425 est
1585 2367 1623 2424 ut
1642 2360 1733 2425 omni
1755 2359 1949 2426 reatitudine
1970 2362 2118 2444 privatus
2139 2361 2248 2427 ιιιιιιι.
2292 2360 2348 2427 Ita

358 2471 468 2537 Moses
485 2471 650 2538 hominem
671 2470 778 2536 omnis
795 2470 872 2536 boni
893 2491 1050 2548 vaouum,
1069 2481 1180 2536 mente
1201 2489 1349 2548 ιιιιιιιιι,
1372 2468 1469 2538 eorde
1490 2491 1698 2554 perversum,
1728 2472 1817 2538 omni
1840 2478 1932 2554 parte
1961 2472 2129 2552 vitiatum,
2150 2472 2212 2539 sub
2233 2471 2353 2536 mortis

359 2591 512 2648 aeternae
529 2589 622 2648 reatu
640 2580 822 2647 eonstitoit:
844 2580 902 2646 sed
924 2600 1002 2646 mox
1024 2581 1115 2648 addit
1135 2580 1384 2648 instaurationis
1400 2580 1581 2660 historiam,
1602 2583 1658 2650 ubi
1676 2583 1828 2650 Christus
1850 2604 1924 2649 oum
1942 2582 2176 2668 redemptionis
2192 2583 2353 2651 ιιιιιιιιοιο

360 2693 505 2778 affulget.
537 2692 627 2758 Hine
637 2692 791 2758 oonunua
804 2691 887 2758 serie
903 2712 1004 2776 quum
1018 2691 1219 2776 singularem
1229 2691 1294 2758 Dei
1312 2690 1552 2775 providentiam
1569 2694 1605 2758 ιιι
1622 2693 1767 2779 regenda
1776 2693 1961 2778 tuendaque
1978 2695 2116 2764 eoolesia
2132 2695 2353 2780 prosequitur,

361 2812 431 2868 tum
453 2823 569 2869 verum
589 2801 654 2869 Dei
683 2802 808 2869 uultum
829 2802 924 2870 nobis
945 2801 1166 2870 oommendat:
1189 2802 1245 2868 ubi
1266 2795 1330 2868 sita
1351 2803 1394 2868 ιιι
1431 2803 1602 2871 hominum
1629 2804 1717 2872 salus
1754 2805 1961 2890 praeseribit,
1983 2815 2017 2874 et
2038 2813 2169 2890 patrum
2191 2807 2354 2891 exemplis

360 2914 401 2979 ad
418 2913 591 2980 inlrsotam
611 2913 716 2981 oruois
734 2913 940 2980 tolerantiam
959 2913 1119 2980 hortatur.
1153 2911 1310 2998 Quisquis
1327 2933 1406 2999 ergo
1427 2915 1460 2980 in
1489 2915 1551 2983 hoo
1572 2915 1656 2983 libro
1683 2918 1746 2984 rita
1774 2919 1930 3001 profluere
1961 2918 2069 3002 eupit,
2091 2927 2235 2986 mentem
2257 2940 2355 2988 suam

360 3023 404 3090 ad
424 3023 504 3090 haee
525 3024 631 3108 eapite
652 3023 782 3090 referat
825 3024 1024 3090 Praesertim
1042 3044 1121 3090 vero
1142 3022 1301 3105 observet,
1322 3032 1494 3110 postquam
1515 3027 1640 3096 exitiali
1658 3048 1717 3096 suo
1738 3048 1816 3096 amu
1834 3049 1870 3095 se
1890 3036 1925 3096 et
1945 3049 2058 3098 omnes
2078 3039 2226 3115 posteros
2244 3031 2356 3098 Adam

359 3133 510 3219 perdidit,
531 3134 594 3202 hoo
615 3135 729 3202 salutis
746 3141 877 3202 nostrae
893 3134 1153 3215 fundamentum,
1175 3134 1261 3201 hano
1282 3155 1352 3202 esse
1374 3135 1530 3204 eoolesiae
1547 3139 1718 3224 originem,
1737 3138 1822 3224 quod
1843 3160 1885 3206 ex
1902 3139 2076 3223 profundis
2099 3142 2244 3210 tenebris
2266 3147 2356 3210 eruti

358 3267 450 3312 mera
471 3245 535 3312 Ilei
556 3247 663 3332 gratia
685 3265 806 3312 novam
829 3246 932 3314 vitam
953 3247 1169 3314 obtinuimus:
1203 3255 1314 3331 patres
1338 3246 1437 3314 huius
1463 3250 1548 3316 vitae
1568 3248 1676 3336 (sionti
1697 3271 1757 3335 per
1778 3250 1915 3320 verbum
1931 3253 1996 3320 illis
2013 3273 2034 3319 a
2051 3251 2124 3320 Deo
2140 3252 2357 3343 offerebatur)

359 3356 426 3423 lide
446 3359 548 3424 laotos
573 3377 645 3424 esse
674 3364 854 3441 oompotee:
886 3357 1022 3424 verbum
1062 3378 1158 3442 porro
1187 3358 1248 3425 hoo
1269 3359 1305 3425 in
1339 3357 1473 3428 Christo
1505 3362 1605 3428 luisse
1643 3361 1834 3430 fundatum:
1874 3365 1940 3430 iam
1978 3385 2058 3432 vero
2097 3365 2212 3432 eadem
2233 3368 2356 3435 salutis

360 3467 676 3554 promissioneque
704 3468 798 3536 initio
827 3477 954 3534 ereotus
982 3467 1047 3534 fuit
1076 3469 1199 3548 Adam,
1221 3471 1291 3553 pios
1319 3472 1508 3556 omnesqui
1536 3481 1649 3556 postea
1676 3474 1834 3542 virerum
1859 3475 1961 3542 luisse
1986 3483 2198 3544 sustentatos.
2236 3478 2357 3564 Itaque

362 3587 552 3663 perpetuam
574 3578 726 3646 eoelosiao
754 3580 992 3646 suooeseionem
1021 3601 1063 3645 ex
1084 3579 1145 3647 hoo
1167 3580 1258 3646 tonte
1279 3581 1430 3662 duxisse,
1453 3582 1541 3666 quod
1573 3584 1678 3652 saneti
1706 3593 1816 3668 patros
1844 3585 1900 3654 alii
1922 3595 1995 3671 post
2016 3587 2096 3654 alios
2117 3587 2182 3656 lide
2209 3592 2358 3677 amplexi

362 3689 503 3762 oblatam
525 3688 586 3755 sibi
610 3690 856 3773 promissionem
885 3691 920 3755 in
941 3689 1007 3757 Dei
1028 3690 1186 3758 familiam
1208 3691 1341 3758 luerunt
1361 3693 1542 3777 aggregati,
1564 3702 1603 3760 ut
1624 3715 1828 3762 eommunem
1850 3699 1886 3764 in
1907 3697 2041 3766 Ohristo
2060 3701 2162 3767 vitam
2180 3702 2353 3772 heberent.

362 3799 436 3867 Hoo
457 3799 632 3884 diligenter
653 3800 842 3881 notandum,
863 3811 902 3868 ut
922 3803 1065 3870 solemus
1087 3821 1246 3889 quaenam
1268 3803 1311 3868 sit
1332 3825 1429 3870 verae
1450 3804 1604 3873 eoelesiae
1625 3806 1778 3888 sooietas,
1801 3818 1835 3874 et
1855 3828 1939 3893 quae
1959 3810 2035 3878 fidei
2057 3815 2242 3880 eommunio
2262 3815 2355 3882 inter

363 3911 425 3977 Dei
447 3911 539 3977 filios.
584 3910 696 3993 Quum
718 3913 829 3980 Moses
851 3911 1011 3980 israelitis
1041 3913 1210 3981 ordinatus
1238 3923 1325 3981 esset
1354 3913 1481 3994 doetor,
1507 3937 1575 3984 non
1596 3916 1732 3986 dubium
1753 3927 1804 3986 est
1825 3920 1904 4003 quin
1931 3921 2062 4005 proprie
2083 3944 2138 3990 eos
2159 3929 2354 4009 respexerit,

363 4029 400 4088 ut
420 4032 634 4106 ognosourent
650 4045 685 4090 se
702 4023 860 4107 populum
877 4045 950 4092 esse
967 4045 987 4090 a
1004 4025 1076 4090 Deo
1092 4023 1231 4090 eleotum
1249 4034 1282 4090 et
1299 4034 1500 4109 cooptatum:
1519 4037 1618 4112 atque
1635 4029 1734 4096 huius
1751 4029 1934 4115 adoptionis
1950 4033 2180 4101 tortitudinem
2201 4046 2356 4119 peterent
2428 4057 2431 4067 ·

364 4155 383 4200 a
404 4133 533 4198 foedere
554 4133 639 4217 quod
661 4133 824 4202 Dominus
845 4155 918 4202 oum
946 4135 1095 4218 patribus
1124 4135 1254 4202 illorum
1281 4137 1464 4222 pepigerat:
1493 4140 1617 4206 seirent
1637 4162 1704 4207 uon
1727 4141 1827 4207 alium
1848 4163 1920 4210 esse
1937 4144 2056 4224 Deum,
2079 4165 2146 4211 non
2164 4145 2262 4214 susm
2279 4171 2356 4218 asse

363 4253 485 4312 reotam
494 4242 602 4310 iidem.
637 4243 702 4311 Sed
714 4246 775 4312 hoo
796 4267 923 4330 quoque
944 4246 1030 4313 idem
1053 4246 1154 4314 voluit
1175 4247 1313 4316 saeoulis
1334 4249 1490 4326 omnibus,
1505 4257 1672 4331 testatum,
1693 4253 1876 4337 quiounque
1897 4255 1960 4320 rite
1980 4256 2085 4323 oolere
2095 4255 2206 4324 Deum
2226 4260 2355 4343 volunt,

363 4363 398 4422 et
418 4355 543 4422 oenseri
565 4356 718 4422 eoelesiae
745 4359 908 4438 membra,
934 4359 976 4424 ιιι
998 4378 1064 4425 non
1087 4357 1185 4424 aliam
1206 4361 1308 4426 vitam
1331 4358 1505 4427 tenendam
1527 4381 1599 4430 esse
1623 4383 1721 4446 quam
1751 4383 1834 4448 quae
1856 4364 1909 4433 hie
1931 4375 2142 4435 monstratur.
2185 4369 2292 4436 Porro
2315 4383 2356 4440 ut

364 4467 426 4532 hoo
447 4465 523 4532 fidei
541 4465 736 4550 prinoipium
758 4482 825 4548 est,
846 4469 929 4536 seire
948 4469 1034 4536 huno
1055 4490 1157 4536 unum
1185 4490 1257 4536 esse
1277 4490 1393 4537 verum
1414 4471 1525 4538 Deum
1545 4493 1642 4556 quem
1663 4475 1814 4543 nolimus:
1846 4477 1894 4544 ita
1925 4497 1991 4544 non
2023 4479 2168 4564 vulgaris
2198 4480 2270 4548 eins
2301 4495 2356 4552 eet

363 4578 574 4656 oonlirmatio‚
597 4598 656 4645 nos
677 4598 747 4645 esee
763 4579 1043 4662 pratriareharum
1062 4581 1178 4648 sooios:
1200 4583 1276 4664 quia
1293 4582 1389 4648 siouti
1408 4581 1587 4663 Christum,
1606 4606 1705 4669 quum
1717 4585 1883 4656 exhibitus
1895 4588 2039 4656 nondum
2050 4591 2146 4671 toret,
2165 4591 2355 4668 habuerunt

364 4687 479 4754 salotis
500 4707 577 4754 suae
597 4688 733 4772 pignus:
754 4691 802 4756 ita
824 4692 942 4769 Deum,
964 4691 1019 4774 qui
1037 4712 1073 4758 se
1089 4691 1156 4758 iam
1172 4691 1251 4758 olim
1267 4693 1348 4776 ipsis
1365 4694 1517 4777 pateleoit
1533 4695 1722 4765 retinemus.
1767 4699 1857 4766 Hine
1874 4702 1973 4768 οιιιιιι
1990 4699 2156 4787 oolligitur
2173 4703 2354 4774 theominen

364 4799 450 4864 inter
472 4819 592 4882 purum
619 4799 866 4886 legitimumque
892 4802 956 4868 Dei
982 4801 1105 4868 oultum
1127 4814 1161 4868 et
1188 4822 1300 4870 omnes
1328 4804 1545 4884 adulterinos,
1579 4808 1636 4890 qui
1670 4816 1781 4892 postea
1809 4809 1953 4877 Sauone
1987 4811 2102 4878 fraude
2130 4821 2163 4880 et
2198 4835 2356 4899 perversa

363 4909 535 4975 hominum
557 4909 691 4978 audaoia
708 4911 854 4980 lebrioati
875 4919 961 4978 sunt.
1005 4913 1059 4981 Ad
1093 4913 1173 4980 haeo
1192 4913 1426 4982 ooneideranda
1447 4927 1497 4983 ost
1517 4918 1671 4986 eoelesiae
1691 4921 1895 5006 gubernatio,
1915 4929 1954 4987 ut
1975 4931 2097 4990 statuat
2117 4924 2220 4992 leotor
2240 4929 2354 4996 Deum

364 5019 453 5088 illius
474 5029 670 5104 perpetuum
691 5022 791 5090 luisse
813 5021 980 5091 eustodem
1002 5044 1040 5092 ao
1067 5023 1266 5108 praesidem:
1296 5026 1343 5092 sio
1372 5034 1482 5094 tamen
1504 5037 1543 5094 ut
1569 5031 1682 5108 oruois⁴
1702 5031 1821 5098 militia
1848 5053 1922 5100 eam
1949 5036 2141 5104 exorauerit.
2185 5037 2252 5106 Hie
2269 5062 2354 5109 vero

364 5131 497 5216 propria
523 5133 676 5200 eoelesiee
702 5134 858 5201 exereitia
878 5155 914 5201 se
935 5137 1119 5218 proferunt:
1141 5137 1207 5203 imo
1229 5146 1384 5225 tanquam
1405 5138 1441 5204 in
1463 5139 1595 5224 spsoulo
1615 5139 1710 5244 nobis
1731 5141 1873 5209 stadium
1894 5144 1934 5211 ob
1964 5145 2072 5212 oeulos
2094 5149 2264 5230 statuitur,
2287 5174 2355 5237 quo

364 5263 424 5308 noe
444 5263 520 5310 eum
546 5245 668 5310 sanetis
692 5245 840 5328 patribus
868 5245 909 5311 ad
930 5246 1044 5314 beatae
1071 5248 1325 5316 immortalitatis
1353 5257 1474 5318 metam
1501 5249 1586 5332 eniti
1605 5239 1706 5332 dsoet.
1749 5254 1846 5324 Nuno
1867 5255 1980 5325 Mosen
2002 5258 2182 5328 audiamus.
