5000 6208
374 441 439 508 219
1031 435 1408 506 COMMENTARIUS
1431 435 1481 502 IN
1504 436 1719 505 ausuum.
2319 431 2379 498 220

373 629 466 696 Deus
494 649 530 695 es
557 625 699 694 iudioem
728 626 838 710 palam
865 627 1032 709 ostendat,
1064 627 1122 694 ubi
1151 627 1207 692 diu
1234 627 1353 692 troitus
1403 624 1495 691 dunt.
1530 625 1653 692 Abram
1672 647 1750 693 vero
1768 625 1974 694 voluntarius
1996 647 2034 692 ao
2058 626 2165 692 laetus
2182 626 2224 692 ad
2242 632 2378 690 mortem

375 715 544 800 quieverit.
1404 712 1557 795 perrexit,
1584 733 1685 796 quum
1707 713 1742 778 in
1763 713 1857 778 Isaeo
1878 712 2015 778 baberet
2035 721 2163 778 eertum
2183 709 2377 779 benedietio·

463 800 512 866 15.
532 798 577 865 Et
592 799 781 883 iopreda'eme
801 799 845 865 ad
860 803 972 881 putres
992 804 1062 866 tuoe
1079 801 1115 864 tn
1130 818 1219 881 paee.
1264 798 1351 863 Heo-
1402 798 1455 862 uis
1478 797 1609 865 divinae
1638 799 1773 883 pignus,
1805 807 1840 864 et
1869 799 1968 865 eoiret
1994 797 2164 864 meliorem
2192 798 2295 864 vitam
2320 796 2377 862 sibi

375 896 471 954 tenus
492 885 657 952 Dominus
678 904 755 950 oum
776 905 873 950 servo
894 906 954 951 suo
977 885 1102 952 Abram
1132 895 1280 968 posteros
1302 883 1353 948 in·
1403 883 1439 948 in
1458 882 1557 949 eoelie
1579 906 1650 950 esse
1672 885 1857 967 repositam.

375 973 480 1040 tuitus
501 982 566 1050 est,
595 978 634 1036 ut
661 971 844 1038 eommunis
865 978 953 1037 esset
978 972 1130 1037 omnibus
1159 970 1352 1037 eonsolatio:
1491 971 1542 1036 16.
1576 969 1725 1038 Nondum
1762 970 1909 1052 computa
1939 974 1984 1036 eet
2020 970 2184 1050 intendes.
2239 966 2376 1033 Videtur

374 1078 465 1126 nune
485 1077 669 1124 sermonem
690 1055 732 1122 ed
753 1055 848 1120 illum
870 1055 976 1123 solum
998 1059 1177 1134 eonvertit‚
1199 1057 1276 1139 quia
1297 1075 1353 1138 pe-
1404 1055 1547 1121 absurda
1562 1077 1634 1122 esee
1651 1059 1746 1135 ratio,
1764 1077 1849 1140 quae
1866 1055 1976 1120 innuit
1993 1075 2060 1120 non
2078 1055 2174 1121 aliter
2190 1053 2375 1120 salvosfore

375 1144 490 1212 orbari
528 1144 775 1210 ooufirmatione
807 1161 890 1226 opus
930 1143 1081 1209 habebat.
1136 1143 1211 1208 Hoe
1242 1149 1352 1207 autem
1404 1142 1513 1208 Abrae
1541 1141 1642 1222 tilios,
1676 1161 1774 1226 quam
1807 1141 1879 1207 aliis
1909 1140 2131 1224 pereuntibus.
2176 1141 2245 1206 Res
2288 1138 2375 1218 ndeo,

335 1241 338 1248 '
374 1229 546 1297 leniendae
563 1229 635 1296 eius
656 1227 812 1293 tristitiae
831 1227 1013 1294 remedium
1031 1237 1091 1308 est,
1114 1228 1201 1312 quod
1218 1229 1353 1293 moritu·
1403 1226 1548 1294 modeste
1569 1235 1604 1294 et
1624 1227 1796 1295 humiliter
1816 1247 1936 1294 arnano
1958 1227 2022 1292 Dei
2040 1225 2176 1292 oonsilio
2258 1225 2375 1292 endum

374 1338 433 1384 rus
455 1316 548 1382 sitin
571 1335 650 1398 paee
678 1325 852 1396 postquam
875 1313 915 1380 ad
945 1315 1099 1380 ultimum
1128 1315 1258 1380 senium
1281 1335 1353 1396 per-
1404 1334 1483 1380 esse.
1536 1313 1624 1396 Quia
1654 1322 1774 1380 terram
1803 1312 1893 1377 illam
1923 1311 2058 1379 dederat
2084 1311 2314 1388 Amorrhaeis,
2341 1319 2374 1376 ut

377 1402 513 1469 venerit.
565 1397 663 1482 Quod
691 1409 863 1482 exponunt
889 1399 1023 1484 quidam
1045 1399 1086 1466 de
1109 1407 1215 1466 morte
1243 1400 1352 1465 ineru-
1404 1399 1554 1484 perpetui
1583 1410 1694 1467 essent
1722 1401 1792 1466 eius
1816 1398 1958 1477 ineolae,
1991 1398 2156 1483 signifieat
2184 1418 2221 1464 se
2249 1397 2374 1462 nonnisi

375 1495 461 1568 enta,
484 1486 541 1554 ubi
563 1486 656 1552 nulle
677 1486 780 1551 viset
799 1505 916 1551 manus
937 1487 1092 1552 infertur:
1115 1486 1170 1552 vel
1188 1486 1229 1551 de
1245 1493 1352 1550 morte
1402 1487 1491 1552 iusta
1507 1486 1548 1552 de
1565 1505 1664 1552 eausa
1681 1485 1753 1551 eius
1774 1485 2010 1568 possessionem
2028 1483 2069 1549 ad
2087 1483 2170 1550 alios
2192 1484 2373 1563 transferre,

374 1573 480 1651 faoili,
502 1593 605 1657 quum
626 1579 742 1654 sponte
764 1577 799 1637 et
820 1572 1016 1638 naturaliter
1037 1571 1195 1643 defioiunt
1216 1573 1352 1655 spiritus
1403 1592 1440 1639 ao
1458 1573 1485 1637 si
1503 1571 1639 1637 diderat:
1657 1572 1731 1656 Ego
1749 1571 1867 1637 semini
1885 1578 1942 1635 tuo
1960 1571 2058 1636 huius
2075 1579 2183 1636 terrae
2200 1569 2375 1634 dominium

376 1659 503 1737 vitales,
525 1666 560 1724 et
580 1657 651 1722 vita
671 1657 744 1739 ipsa
765 1657 837 1724 eine
858 1657 926 1722 ullo
951 1656 1072 1725 doloris
1094 1679 1194 1725 sensu
1215 1657 1352 1722 maturi-
1402 1659 1474 1723 sino
1503 1658 1693 1741 cuiusquam
1722 1657 1845 1722 iniuria
1868 1656 2051 1722 oonoedam.
2103 1656 2208 1720 Terra
2240 1653 2376 1720 hodiea

376 1752 443 1812 tate
463 1765 522 1810 sua
543 1740 693 1821 oonoidit‚
718 1763 789 1808 meo
811 1741 930 1810 iudioio
951 1743 1110 1828 frigidum
1132 1752 1193 1810 est.
1237 1742 1354 1808 Voluit
1403 1743 1559 1827 legitimis
1586 1742 1827 1826 possessoribus
1855 1751 2048 1825 oeoupatur,
2078 1741 2292 1825 quibusoam
2313 1751 2375 1806 tra·

376 1833 465 1898 enim
503 1829 689 1914 exprimere
721 1828 832 1894 Moses
870 1851 936 1895 non
975 1830 1072 1895 modo
1111 1830 1245 1914 longam
1283 1829 1353 1894 fore
1404 1829 1481 1894 didi.
1524 1829 1640 1896 Donee
1662 1849 1740 1913 ergo
1762 1828 1832 1894 suis
1859 1827 2037 1895 soelsribus
2065 1827 2237 1910 promeriti
2258 1826 2376 1893 luerint

376 1919 487 1984 Abrae
508 1922 724 1993 seneetutem,
746 1914 805 1979 sed
826 1914 1004 1997 plaeidam,
1026 1917 1079 1980 eni
1101 1936 1190 1981 mors
1211 1915 1299 1980 laeta
1321 1923 1354 1978 et
1404 1921 1441 1980 ιιι
1462 1916 1533 1980 iure
1557 1915 1740 1998 pellantur,
1769 1912 1811 1980 ad
1840 1922 1986 1997 posteros
2015 1922 2089 1979 tuos
2116 1933 2184 1978 non
2211 1913 2377 1996 perveniet

372 2010 489 2087 paeata
527 1999 731 2085 respondeat.
787 1998 914 2067 Sensus
955 2010 1006 2066 est
1037 2001 1155 2085 igitur:
1190 1999 1353 2082 Quamvis
1403 2002 1475 2068 eius
1497 1999 1687 2066 dominium.
1731 2000 1785 2066 Ita
1806 1999 1960 2065 admonet
1987 1997 2194 2066 vaonandam
2222 2018 2294 2064 esse
2317 2007 2378 2062 ter·

372 2097 443 2156 tota
474 2088 545 2154 vita
574 2085 756 2170 privandus
784 2087 828 2150 sit
849 2085 972 2152 Abram
1003 2094 1111 2152 terrae
1133 2087 1353 2170 possessione:
1403 2105 1492 2165 ram,
1520 2097 1559 2153 nt
1579 2087 1674 2152 novis
1696 2086 1813 2152 ineolis
1839 2094 1960 2171 pateat.
2006 2087 2115 2168 Atque
2137 2085 2192 2150 hio
2217 2083 2309 2150 loeus
2330 2085 2378 2148 in·

373 2195 439 2242 nou
458 2183 569 2240 tamen
587 2173 636 2238 illi
653 2170 838 2238 defuturam
856 2173 974 2255 quietis
991 2181 1026 2236 et
1042 2172 1154 2257 gaudii
1172 2172 1352 2250 materiam,
1403 2173 1506 2257 signis
1528 2179 1592 2252 eet,
1622 2173 1670 2238 sie
1692 2171 1843 2238 distribui
1872 2171 2061 2237 hominibus
2082 2169 2225 2254 hospitia
2246 2170 2282 2234 in
2305 2169 2378 2234 orbe

372 2269 411 2328 ut
432 2259 501 2327 vita
526 2259 665 2326 lelieiter
687 2257 877 2337 defunetus,
906 2279 1060 2341 prospere
1081 2258 1124 2323 ad
1146 2267 1255 2342 patres
1278 2278 1354 2324 suos
1403 2269 1575 2335 terrerum,
1597 2266 1636 2324 ut
1653 2256 1817 2323 Dominus
1838 2257 1966 2341 quietos
1987 2254 2124 2341 populos
2142 2256 2176 2319 in
2189 2275 2257 2320 sua
2273 2276 2379 2339 quem·

373 2345 539 2414 eoneedat.
575 2345 622 2412 Et
639 2351 727 2409 eerte
745 2363 833 2409 mors
858 2344 1033 2428 praeeipue
1054 2347 1210 2427 reprobos
1234 2365 1255 2408 a
1276 2344 1354 2410 filiis
1403 2366 1466 2429 que
1487 2344 1628 2411 statione
1650 2351 1831 2417 oonservet
1854 2343 1917 2408 uisi
1939 2341 2018 2407 dum
2042 2363 2077 2408 se
2094 2341 2235 2424 propriis
2253 2341 2378 2407 seeleri·

372 2432 438 2499 Dei
460 2430 635 2507 discernit,
664 2450 802 2512 quorum
823 2429 860 2494 in
887 2429 955 2496 vita
983 2450 1054 2497 sors
1074 2430 1144 2495 fere
1167 2428 1297 2508 eedem,
1320 2439 1354 2495 et
1403 2429 1465 2496 bus
1486 2429 1563 2496 inde
1583 2427 1771 2496 exturbent.
1814 2429 1902 2494 Nam
1931 2428 2040 2494 loeum
2069 2426 2283 2492 habitationis
2305 2447 2377 2492 suae

373 2518 491 2583 similis
513 2514 655 2583 eonditio
673 2523 737 2581 est:
761 2515 825 2580 uisi
842 2513 929 2598 quod
946 2524 983 2581 nt
1004 2517 1185 2599 plurimum
1207 2514 1353 2581 deterius
1404 2515 1597 2600 polluendo,
1625 2516 1781 2581 terminos
1809 2515 1874 2580 Dei
1901 2533 2004 2578 manu
2033 2514 2117 2580 fixos
2145 2512 2377 2596 quodammodo

374 2603 499 2670 babent
527 2602 587 2667 filii
620 2601 694 2666 Dei.
739 2599 851 2682 Quare
880 2600 1047 2687 singulare
1079 2603 1201 2668 bonum
1235 2602 1353 2667 merito
1405 2601 1586 2682 revellunt,
1613 2603 1670 2684 qui
1691 2600 1812 2684 alioqui
1833 2598 2017 2666 immobiles
2038 2607 2221 2664 manerent.
2264 2598 2376 2664 (laete-

374 2689 500 2757 oeuseri
524 2688 622 2754 debet
642 2707 708 2770 pax
730 2686 764 2750 in
787 2695 902 2765 morte,
927 2708 1011 2770 quae
1033 2687 1232 2754 diseriminis
1253 2687 1350 2765 illius,
1404 2709 1478 2754 rum
1511 2687 1674 2753 Dominus
1707 2707 1801 2752 suam
1834 2685 2043 2752 tolerantiam
2074 2684 2128 2751 hie
2167 2683 2376 2752 sommendat

374 2774 460 2859 quod
490 2794 594 2856 nuper
628 2772 750 2855 attigit,
783 2771 1007 2838 testimonium
1036 2784 1095 2839 est.
1146 2772 1220 2840 Hoe
1252 2774 1351 2838 etiam
1404 2774 1476 2839 Iam
1498 2781 1577 2841 tune
1606 2772 1736 2857 indigni
1759 2781 1854 2838 erant
1876 2771 2071 2837 Amorrheei
2100 2791 2183 2854 quos
2205 2780 2295 2837 terra
2316 2770 2376 2836 ale-

373 2862 502 2945 proiani
536 2859 684 2925 homines
717 2859 753 2922 in
785 2857 928 2924 tenebris
967 2857 1128 2942 palpando
1167 2865 1351 2925 senserunt.
1404 2868 1471 2926 ret:
1504 2860 1667 2925 Dominus
1707 2867 1817 2924 tamen
1850 2878 1916 2922 uon
1950 2857 2045 2922 modo
2078 2876 2134 2922 eos
2167 2857 2310 2922 sustinet
2339 2853 2376 2920 ad

374 2947 464 3013 (litat
485 2945 581 3012 Plato
601 2945 657 3010 lib.
683 2944 699 3007 1
728 2943 768 3008 de
795 2943 979 3028 Republica
1007 2964 1140 3010 oarmen
1162 2944 1301 3010 Pindari
1316 2942 1351 3030 ¹).
1403 2947 1505 3012 breve
1527 2952 1666 3028 tempus,
1689 2943 1746 3010 sed
1769 2950 1909 3028 quatuor
1931 2943 2062 3009 eaenula
2084 2941 2126 3007 ad
2148 2942 2376 3026 poenitentiam

375 3031 523 3113 Quodsi
545 3031 600 3115 qui
621 3030 707 3096 iuste
728 3039 763 3094 et
784 3037 896 3096 ennete
919 3030 1021 3095 vitam
1044 3031 1274 3115 transegerint,
1296 3051 1351 3096 eos
1403 3030 1560 3098 oonoedit.
1616 3034 1724 3114 Atque
1757 3030 1835 3095 hine
1866 3037 2004 3113 apparet
2034 3048 2131 3111 quam
2165 3049 2231 3094 non
2261 3029 2377 3093 bueus

373 3139 449 3202 spes
471 3117 644 3184 eomitstur
671 3115 799 3194 suavis,
829 3115 927 3182 eorda
954 3116 1063 3194 alens,
1094 3130 1127 3181 et
1147 3125 1352 3183 seneetutem
1404 3118 1500 3184 toties
1517 3118 1552 3181 iu
1570 3118 1733 3198 scriptura
1753 3114 1920 3199 praedioet
1936 3135 1972 3181 se
1989 3112 2121 3180 tardum
2140 3135 2211 3180 esse
2229 3113 2271 3179 ad
2289 3115 2376 3178 iram

375 3203 534 3279 nutriens,
552 3223 635 3287 quae
654 3200 845 3266 versatilem
864 3201 1034 3266 hominum
1053 3215 1196 3268 mentem
1207 3203 1353 3268 maxime
1405 3203 1472 3269 Sed
1484 3223 1547 3285 quo
1563 3202 1738 3284 benignius
1755 3201 1905 3267 homines
1922 3208 2098 3284 exspeetat,
2118 3199 2146 3264 si
2164 3199 2299 3266 tandem
2317 3219 2378 3264 non

376 3289 554 3374 gubernat:
584 3289 661 3370 quia
691 3288 839 3352 homiues
861 3285 947 3352 male
969 3288 1116 3354 oonseios
1143 3289 1231 3354 inter
1259 3289 1353 3354 veria
1404 3289 1610 3372 resipiscunt,
1629 3286 1685 3354 sed
1704 3288 1857 3354 obstinati
1875 3295 2019 3366 manent,
2037 3306 2075 3351 eo
2093 3287 2242 3352 severius
2258 3293 2378 3350 tantam

374 3384 538 3442 tormenta
559 3374 677 3440 misere
706 3381 856 3438 aestuare
883 3393 1015 3439 neeesse
1036 3380 1102 3438 est:
1131 3395 1221 3457 spem
1249 3376 1353 3441 bonae
1404 3373 1675 3460 ingratitudinem
1697 3374 1875 3441 uleisoitur.
1920 3373 1999 3438 Ideo
2022 3372 2147 3437 Paulus
2172 3371 2253 3438 dieit
2273 3371 2376 3458 (Rom.

375 3461 592 3529 oonsoientiae
624 3459 809 3542 praemium
843 3479 914 3524 esee
946 3480 1097 3525 asserens
1130 3469 1241 3542 poeta,
1280 3481 1353 3526 eam
1405 3463 1435 3540 2,
1464 3459 1499 3546 4)
1531 3459 1722 3525 thesaurum
1754 3460 1823 3524 irae
1856 3457 1919 3524 sibi
1950 3477 2144 3525 eoaoervare
2173 3458 2230 3542 qui
2258 3459 2318 3524 sibi
2345 3458 2378 3520 iu

376 3543 762 3715 ιὲζρόῖἅέιψιιῗέῗι
788 3543 1353 3712 luttrattmlttu‘ttt
1405 3542 2379 3716 ilffllddtlllidldd*dimiliiiiiii?

377 3739 489 3786 seeure
516 3717 724 3796 delitientur,
752 3736 849 3782 senes
870 3714 1021 3782 debilitas
1042 3737 1102 3782 sna
1130 3717 1297 3797 sollicitat,
1320 3729 1357 3782 ut
1405 3719 1490 3784 lueri
1507 3717 1543 3783 in
1560 3737 1662 3798 mora,
1683 3727 1721 3782 nt
1738 3737 1860 3800 poenae
1878 3717 2032 3782 atronitas
2054 3714 2249 3798 duplieetur,
2270 3735 2378 3798 quem-

376 3802 586 3890 migrandum
604 3801 667 3868 sibi
685 3801 816 3868 assidue
833 3802 988 3886 eogitent,
1010 3803 1077 3868 iam
1096 3802 1160 3869 nisi
1177 3824 1232 3869 eos
1250 3803 1357 3888 erigat
1406 3803 1581 3871 admodum
1603 3802 1745 3886 eontigit
1767 3801 1993 3880 Amorrhaeis‚
2022 3822 2103 3884 quos
2134 3800 2268 3867 tandem
2290 3801 2378 3884 peni-

377 3911 451 3974 spee
472 3889 618 3957 melioris
640 3888 742 3966 vitae,
773 3886 858 3952 nihil
884 3886 1050 3954 residuum
1073 3900 1123 3954 est
1143 3896 1272 3972 praeter
1294 3889 1356 3955 mi·
1406 3899 1459 3956 tus
1477 3887 1624 3956 exsoindi
1641 3889 1731 3954 iubet
1743 3887 1917 3964 Dominus,
1935 3898 1972 3952 ut
1989 3907 2032 3952 ne
2050 3887 2236 3952 infantibus
2252 3887 2379 3970 quidem

377 3996 467 4042 seros
489 3995 638 4059 pavores.
683 3970 835 4056 Denique
861 3983 900 4038 ut
921 3973 982 4040 sibi
1011 3973 1205 4058 indulgeant
1225 3976 1356 4058 reprobi
1406 3984 1567 4061 pareatur.
1610 3975 1701 4058 Ergo
1724 3994 1826 4058 quum
1848 3973 2000 4041 audimus
2021 3973 2132 4037 Deum
2155 3993 2174 4036 e
2196 3973 2285 4039 eoelo
2306 3973 2381 4036 taei-

377 4069 448 4128 tota
470 4063 552 4140 vita,
582 4068 615 4124 et
634 4058 757 4142 stupidi
778 4059 815 4123 in
840 4060 908 4127 suis
937 4059 1027 4125 vitiis
1056 4060 1237 4139 dormiant,
1267 4082 1355 4127 mors
1406 4073 1477 4128 tum
1506 4069 1697 4144 sxspeetere
1727 4060 1830 4125 donee
1863 4080 1959 4124 suum
1990 4059 2161 4124 oumulum
2194 4059 2380 4143 iniquitates

378 4167 492 4214 eorum
515 4146 707 4212 turbulenta
729 4145 773 4210 sit
795 4164 928 4211 neeesse
951 4154 1016 4222 est,
1044 4146 1123 4211 dum
1145 4146 1257 4213 fideles
1279 4167 1355 4212 suas
1405 4146 1640 4214 oonsoendant:
1663 4145 1805 4213 soiamue
1826 4146 1962 4210 minime
1983 4143 2134 4227 torpendi
2156 4165 2228 4210 esee
2246 4152 2380 4226 tempus,

378 4231 505 4299 animas
526 4233 561 4297 in
583 4251 716 4297 manum
740 4228 802 4294 Dei
834 4231 905 4297 siue
934 4238 1026 4296 metu
1048 4239 1082 4296 et
1103 4233 1237 4297 tristitia
1259 4232 1356 4315 depo·
1406 4231 1463 4300 sed
1485 4233 1594 4317 potius
1620 4253 1656 4297 ss
1685 4231 1907 4314 unusquisque
1933 4231 2086 4297 sollicitet
2106 4239 2144 4294 ut
2172 4230 2310 4298 eoeleste
2333 4231 2380 4294 iu·

377 4326 472 4385 nunt.
517 4317 617 4384 Unde.
643 4324 677 4380 et
706 4315 834 4381 Bileam
861 4318 897 4382 iu
926 4317 1013 4383 hane
1040 4339 1155 4384 voeem
1184 4339 1356 4402 erumpere
1406 4319 1527 4386 dieium
1556 4325 1811 4384 antevertamue.
1857 4316 1991 4382 Diotum
2013 4325 2064 4382 est
2085 4315 2163 4381 olim
2186 4316 2229 4381 ab
2251 4316 2380 4380 homine

376 4412 508 4472 ooaetus
528 4405 607 4470 fuit:
637 4402 802 4471 Moriatur
831 4402 942 4468 anima
963 4422 1037 4467 mea
1062 4411 1167 4469 morte
1194 4405 1356 4470 iustorum
1406 4405 1559 4489 profano,
1591 4404 1676 4469 iram
1705 4405 1769 4468 Dei
1799 4403 1893 4470 lento.
1915 4403 2021 4486 gradu
2052 4401 2094 4467 ad
2123 4402 2304 4468 vindiotam
2333 4401 2382 4465 sni

376 4489 489 4577 (Num.
517 4489 570 4568 23,
601 4487 664 4575 10).
716 4487 820 4553 Porro
852 4489 928 4572 quia
960 4497 1029 4552 tam
1061 4489 1237 4572 optabilem
1269 4492 1357 4555 vitae
1405 4489 1591 4575 proaedere,
1610 4489 1668 4556 sed
1685 4489 1850 4573 gravitate
1867 4489 2018 4572 supplicii
2033 4505 2172 4572 pensare
2183 4489 2380 4554 tarditatem.

376 4576 556 4645 elausulam
582 4595 649 4639 nou
666 4572 791 4639 habeut
807 4573 958 4640 homines
975 4573 1010 4640 in
1028 4595 1129 4641 manu
1147 4584 1180 4640 et
1197 4583 1358 4659 potestate
1407 4576 1519 4660 Quare
1546 4596 1613 4641 non
1642 4584 1693 4641 ast
1722 4595 1782 4640 eur
1809 4595 1847 4640 eo
1880 4573 2108 4640 dissimulante
2139 4574 2205 4640 sibi
2237 4575 2385 4657 pleasant

376 4685 446 4744 sna,
467 4661 631 4727 Dominus
653 4680 750 4726 servo
773 4681 833 4727 suo
851 4660 960 4727 Abrae
982 4659 1144 4743 placidam
1162 4668 1196 4726 et
1213 4663 1356 4746 quietam
1408 4661 1552 4746 reprobi:
1576 4661 1729 4744 quoniam
1751 4661 1800 4725 ita
1820 4661 1959 4744 quiesoit
1980 4660 2014 4725 in
2036 4659 2135 4740 neele,
2155 4671 2196 4725 ut
2218 4681 2281 4725 non
2302 4659 2384 4724 desi·

377 4757 519 4814 mortem
554 4747 764 4831 promittens,
798 4767 894 4812 suum
922 4744 1116 4812 benefioium
1149 4768 1221 4814 esse
1253 4747 1356 4814 donet.
1408 4756 1467 4814 nat
1494 4769 1565 4814 esse
1591 4745 1693 4814 iudex
1722 4747 1853 4825 mnndi,
1884 4767 1944 4813 neo
1971 4745 2071 4811 offieii
2099 4747 2151 4811 sni
2172 4747 2209 4810 in
2239 4755 2384 4829 tempore

378 4837 429 4899 Ao
450 4833 600 4900 videmus
622 4840 659 4896 ut
681 4853 776 4917 reges
804 4832 885 4916 ipsi,
914 4839 948 4896 ot
969 4833 1155 4918 quicunque
1176 4835 1212 4899 in
1233 4835 1357 4900 mundo
1408 4833 1633 4901 obliviseatur.
1678 4831 1855 4899 Oeeterum
1883 4832 2068 4916 oolligimns
2089 4851 2133 4897 ex
2155 4830 2264 4899 verbis
2282 4832 2385 4897 Moris

378 4939 414 4984 se
440 4919 554 4984 beatos
587 4939 659 4984 esse
685 4918 870 4997 ιοιιιιιίιιιι,Δ
899 4918 934 4982 in
965 4929 1070 4985 morte
1101 4920 1356 4986 tumultuentur:
1408 4923 1455 4987 eie
1477 4920 1547 4986 dari
1569 4917 1715 5002 reprobis
1736 4919 1881 5003 spatium
1902 4918 1944 4983 ad
1972 4916 2247 5001 resipisoendnm,
2275 4927 2318 4982 ut
2339 4929 2384 4981 ta·

379 5005 456 5088 quia
472 5013 506 5070 et
525 5005 629 5070 oaeeis
648 5004 878 5086 pnnotionibus
899 5021 1034 5070 suorum
1056 5005 1218 5071 seelerum
1239 5027 1359 5092 nrgen·
1408 5027 1485 5072 men
1506 5007 1572 5071 iam
1598 5005 1700 5071 exitio
1729 5026 1790 5070 suo
1819 5002 1931 5070 devoti
1964 5005 2042 5068 sint.
2087 5002 2233 5085 Quidam
2261 5018 2306 5103 pu
2329 5023 2384 5087 pro

378 5099 450 5168 tur,
474 5098 507 5156 et
527 5091 564 5154 in
584 5098 690 5154 morte
711 5090 795 5155 nibil
823 5097 954 5174 praeter
982 5089 1151 5157 interitum
1174 5092 1357 5175 apprehen·
1408 5114 1513 5176 poena
1535 5091 1714 5174 aooipiunt,
1745 5111 1783 5156 ae
1805 5093 1834 5158 ei
1856 5089 1980 5156 dietum
2003 5099 2089 5155 esset
2116 5090 2208 5155 illam
2236 5090 2385 5154 nondum

382 5231 586 5238 --ηψ-
1407 5179 1615 5244 maturuisse.
1669 5174 1744 5243 Sed
1764 5178 1856 5259 prior
1884 5176 2043 5260 expositio
2072 5175 2190 5242 melius
2222 5177 2385 5252 eonvenit

448 5293 478 5360 1)
506 5293 701 5361 pamm
732 5298 821 5347 mm
851 5295 881 5346 tn
910 5293 973 5348 ,pq
1000 5295 1122 5348 namq·
1147 5297 1196 5350 ,up
1227 5297 1264 5352 N,
1292 5297 1358 5364 130,·
1407 5265 1535 5330 nullum
1553 5261 1729 5329 eoeleribns
1746 5263 1847 5328 finem
1859 5283 1929 5328 esse
1940 5264 2092 5339 tenturos,
2110 5262 2213 5328 donee
2229 5259 2386 5327 ultimum

380 5361 457 5430 apae
474 5361 624 5430 anquam
640 5361 671 5414 a
691 5361 781 5415 roae
798 5361 891 5430 raras
901 5379 928 5432 ρ.
946 5361 999 5417 ase
1015 5365 1066 5419 ruo
1076 5364 1114 5420 rr.
1133 5364 1191 5420 198.
1407 5349 1571 5416 exoidlnm
1591 5349 1653 5415 eibi
1673 5365 1851 5416 mursano.
