5000 6208
92 395 143 459 151
750 389 1118 458 COMMENTARIUS
1140 391 1191 457 IN
1212 391 1424 462 GENESIN.
2009 394 2070 458 158

91 583 134 647 26.
156 579 202 645 Et
224 581 334 646 Ioetcn
358 581 463 662 petiuit
485 579 657 656 Almodad,
686 584 713 644 et
736 577 860 660 Seleph,
883 583 910 643 et
932 577 1056 643 Hosor-
1107 581 1153 644 tia
1182 581 1328 665 refulget.
1374 582 1506 660 Quanto
1533 581 1636 646 satius
1663 590 1735 644 erat
1758 581 1794 644 11
1822 600 1933 645 earum
1964 593 2073 646 rerum

90 665 393 743 11111111111111,
428 663 742 743 2111111111,
767 671 795 729 et
823 664 910 744 Ucal,
930 670 958 728 et
979 662 1056 728 Die-
1106 665 1257 747 historia,
1291 687 1370 750 quas
1392 666 1486 731 Noah
1515 688 1580 730 non
1610 667 1680 730 1111
1707 665 1833 748 ingenti
1862 665 2074 731 admiratione

92 752 151 830 tot,
183 751 235 817 28.
276 751 321 815 Et
354 750 472 828 Hobol,
506 747 719 827 11Αό111111,
751 755 778 814 11
809 750 904 827 Saba,
932 749 983 814 29.
1014 748 1057 812 Et
1106 752 1298 818 1111111111
1321 753 1420 830 vidit,
1443 752 1551 816 Deum
1574 753 1753 835 suspicere,
1783 753 1895 816 mirari
1918 754 1986 817 eius
2011 754 2075 816 vir·

95 837 201 918 Ophir,
228 843 257 902 et
279 835 435 914 Hoec'lob,
457 841 485 900 et
506 834 616 901 11111.ι
649 855 751 899 omees
780 836 834 900 isa
853 835 915 915 11111
938 836 1055 899 Icelon.
1107 845 1226 912 tutem,
1256 840 1432 903 bonitatem
1455 838 1634 912 celebrare,
1657 846 1690 902 et
1712 839 1781 901 eius
1803 859 1936 902 manum
1958 859 2075 921 agnos-

92 927 135 990 30.
157 922 203 987 Et
221 925 285 1004 suit
305 922 452 987 habitatio
473 941 580 986 eorum
600 942 621 984 1
643 918 763 997 Meet,
786 923 878 987 donec
898 921 1055 1003 ingredic-
1107 943 1195 1000 core,
1223 925 1388 1006 mysteriis
1413 923 1567 987 refertam
1589 942 1654 987 non
1684 924 1793 986 minus
1816 923 1848 986 in
1876 924 2075 988 restituendo

91 1014 132 1076 ris
156 1008 277 1090 Saphar
304 1012 434 1073 merrtem
462 1006 608 1072 01111111.
652 1006 702 1070 31.
734 1005 792 1070 Isti
818 1006 882 1086 filii
910 1006 981 1070 Sero
997 1025 1058 1086 per
1107 1026 1202 1088 quam
1235 1010 1373 1074 creando
1399 1008 1541 1073 mundo?
1565 1007 1752 1073 Notandum
1780 1027 1858 1072 vero
1880 1020 1938 1089 est,
1959 1009 1994 1072 in
2018 1011 2075 1072 tri·

90 1095 227 1178 1111111
259 1114 350 1172 sans,
373 1093 703 1175 peraccesserat,
731 1093 766 1156 in
794 1093 887 1156 terris
913 1094 998 1169 suis,
1021 1092 1057 1155 ta
1106 1092 1166 1158 bus
1191 1095 1346 1177 catalogis
1376 1115 1458 1176 quos
1488 1094 1640 1159 describit
1662 1095 1787 1170 Moses,
1816 1114 1880 1158 non
1910 1095 2075 1158 numerari

90 1180 223 1265 91111111
242 1181 319 1244 sais.
362 1177 522 1244 3211111
549 1178 693 1259 familiae
714 1178 853 1258 filiorum
881 1177 974 1243 Nooh
995 1197 1057 1256 per
1106 1180 1237 1262 singula
1265 1181 1384 1262 capite:
1416 1179 1471 1243 sed
1499 1181 1534 1242 iu
1562 1178 1732 1261 nepotibus
1752 1179 1847 1243 Noah
1873 1191 2002 1244 tantum
2024 1201 2075 1244 re·

89 1267 296 1352 generationes
315 1285 399 1342 suos,
422 1265 457 1328 ia
477 1264 617 1346 pentibus
637 1265 720 1328 sais:
741 1263 914 1329 1111111111
933 1263 1055 1328 1111111
1107 1266 1233 1328 1111111
1266 1268 1321 1347 qui
1353 1265 1501 1349 gentium
1534 1266 1666 1328 fuerunt
1701 1265 1872 1347 principes.
1927 1265 2011 1328 Nam
2041 1274 2078 1329 11

91 1355 278 1435 rumpentes
298 1351 333 1414 ic
354 1355 436 1414 terra
453 1355 524 1430 post
545 1349 707 1414 dilucium.
1108 1351 1243 1431 quisque
1264 1351 1351 1415 iuter
1372 1352 1489 1415 fratres
1514 1350 1655 1433 ingenio,
1677 1351 1811 1428 virtute,
1832 1349 2001 1424 industria,
2024 1351 2076 1416 vel

1107 1435 1179 1500 aliis
1201 1436 1330 1501 dotibus
1352 1436 1518 1510 excelluit,
1541 1435 1602 1500 sibi
1626 1437 1751 1517 peperit
1773 1455 1892 1500 nomen
1914 1449 1946 1500 et
1965 1447 2076 1518 poten·

172 1523 200 1585 1.
230 1520 317 1586 Istae
345 1525 418 1584 surrt
445 1521 661 1602 persecutiones.
714 1519 750 1584 Si
783 1521 835 1586 111
874 1519 1056 1584 accuratius
1107 1521 1201 1601 tiam,
1231 1533 1268 1585 ut
1290 1523 1344 1586 alii
1366 1522 1425 1586 sub
1444 1541 1556 1586 eorum
1578 1519 1694 1584 umbra
1716 1522 1932 1602 quiescentes,
1956 1523 2077 1603 prima·

91 1621 238 1674 excutere
267 1605 474 1691 genealogias
502 1606 601 1670 libeat
618 1626 699 1686 quae
722 1606 783 1670 hoo
805 1605 910 1688 capite
932 1615 965 1668 et
984 1625 1056 1687 pro·
1108 1615 1178 1670 tum
1206 1607 1269 1672 illis
1295 1607 1434 1671 libenter
1466 1606 1688 1672 concederent.
1739 1607 1828 1690 Ergo
1854 1608 1890 1671 in
1919 1607 1996 1673 filiis
2024 1608 2077 1672 Ia-

90 1699 172 1760 rimo
195 1694 381 1756 referuntur
404 1714 423 1755 a
446 1692 552 1768 Mose,
582 1689 782 1774 diligentiam
806 1711 872 1755 non
899 1689 1056 1771 improbo.
1109 1693 1228 1774 pheth,
1252 1693 1368 1756 deinde
1391 1691 1503 1771 (iham,
1525 1705 1559 1757 et
1580 1691 1667 1768 Sem,
1693 1701 1818 1757 tantum
1841 1713 1896 1758 eos
1918 1694 1975 1776 qui
1996 1694 2079 1758 cele-

89 1782 128 1846 111
150 1778 280 1862 quidem
312 1781 505 1860 interpretes
529 1798 595 1842 non
627 1776 799 1842 infeliciter
825 1797 918 1840 suam
946 1776 1058 1841 indus·
1110 1779 1184 1842 bras
1206 1779 1355 1846 fuerunt.
1385 1793 1417 1841 et
1440 1799 1481 1842 ex
1503 1799 1639 1859 quorum
1669 1777 1853 1842 nominibus
1876 1779 1980 1842 vocati
2002 1793 2080 1844 sunt

88 1869 181 1930 triam
220 1877 253 1928 et
281 1863 427 1928 studium
459 1863 512 1926 hie
548 1873 733 1944 posuerunt.
785 1862 953 1926 Fruuntur
981 1882 1059 1944 ergo
1111 1863 1232 1946 populi,
1255 1878 1400 1928 recenset
1421 1864 1542 1928 Moses.
1586 1864 1690 1928 Porro
1713 1884 1773 1928 cur
1795 1885 1814 1928 a
1835 1863 1977 1946 lapheth
1999 1865 2080 1930 inci·

89 1973 142 2034 per
161 1973 214 2014 me
236 1950 312 2015 licet
333 1948 479 2013 laborum
501 1967 634 2012 suorum
652 1948 809 2012 mercede.
845 1948 931 2012 Mihi
949 1958 1059 2013 tamen
1111 1950 1179 2031 piat
1217 1950 1343 2028 Moses,
1385 1948 1526 2015 secundo
1564 1950 1633 2014 loco
1672 1949 1713 2013 ad
1751 1949 1856 2014 Oham
1896 1949 2080 2027 descendat,

89 2039 166 2102 satis
196 2037 259 2100 erit
289 2035 434 2099 breviter
461 2036 622 2116 attingere
653 2055 735 2116 quae
758 2032 931 2098 observatu
953 2035 1059 2116 magis
1112 2036 1260 2116 quamvis
1283 2056 1347 2098 non
1369 2045 1494 2099 constet
1521 2046 1607 2099 certa
1633 2055 1746 2109 causa,
1776 2036 1942 2116 probabile
1969 2049 2080 2100 tamen

88 2124 181 2186 utilia
210 2141 341 2194 censeo,
376 2130 408 2184 et
438 2140 575 2200 quorum
605 2139 703 2184 causa
734 2121 813 2184 istos
845 2119 1007 2200 catalogos
1042 2139 1061 2182 a
1112 2133 1161 2184 est
1183 2121 1322 2202 primam
1350 2121 1484 2184 classem
1514 2119 1585 2184 dari
1609 2120 1684 2184 filiis
1705 2120 1859 2202 Iapheth,
1888 2123 1944 2203 qui
1968 2122 2080 2186 multis

88 2211 179 2274 11111
201 2207 340 2288 scriptos
363 2226 434 2270 esse
456 2205 603 2271 arbitror.
640 2205 789 2269 Primum
813 2206 848 2269 in
870 2205 967 2269 nudis
989 2203 1061 2268 istis
1111 2205 1300 2288 regionibus
1328 2207 1522 2289 peragratis,
1554 2216 1587 2269 et
1607 2207 1691 2271 mari
1720 2206 1816 2270 etiam
1840 2207 1986 2279 traiecto,
2010 2207 2080 2270 lon·

88 2292 272 2359 nominibus
291 2289 448 2356 habemus
470 2301 578 2355 tamen
601 2291 821 2374 fragmentum
843 2290 973 2370 aliquod
994 2289 1062 2354 his·
1112 2292 1184 2373 gius
1207 2311 1226 2354 a
1247 2293 1356 2373 patria
1384 2302 1598 2358 recesserant:
1634 2294 1709 2372 qnia
1737 2291 1867 2355 Iudaeis
1890 2293 2000 2356 minus
2022 2311 2080 2356 no·

89 2382 187 2444 toriae
221 2377 350 2441 mundi:
383 2386 416 2439 et
449 2377 633 2457 proximum
669 2385 766 2458 caput
798 2376 947 2440 ostendet
982 2387 1062 2456 quot
1112 2389 1165 2440 tae
1198 2389 1291 2440 orant
1323 2391 1436 2460 gentes
1465 2376 1555 2452 illae,
1596 2376 1667 2440 ideo
1702 2379 1820 2442 cursim
1854 2397 1908 2441 eas
1939 2378 2079 2460 attingit.

88 2467 163 2532 anni
192 2487 212 2528 a
242 2463 367 2527 diluvio
404 2483 505 2543 usque
534 2462 575 2526 ad
608 2477 736 2545 tempus
772 2461 850 2526 illud
880 2483 941 2542 quo
968 2459 1060 2525 Deus
1113 2461 1302 2528 Secundum
1330 2463 1434 2527 locum
1459 2464 1603 2544 assignat
1623 2463 1699 2528 filiis
1720 2462 1843 2541 Oham,
1865 2483 2000 2544 quorum
2022 2484 2080 2528 no·

87 2550 198 2615 foedus
227 2569 322 2613 suum
350 2547 473 2630 pepigit
497 2569 570 2612 cum
596 2546 778 2622 Abraham,
807 2548 1059 2612 intercesserint.
1113 2549 1220 2611 titiam
1241 2550 1346 2630 magis
1375 2548 1567 2612 familiarem
1590 2547 1720 2612 Iudaeis
1742 2547 1897 2612 reddebat
1920 2549 2079 2614 vicinitas.

87 2637 147 2700 Est
176 2644 287 2699 autem
313 2633 347 2696 in
377 2633 491 2714 primis
521 2633 620 2716 digna
646 2635 778 2715 cognitu
810 2632 952 2696 secunda
982 2632 1061 2695 haec
1113 2631 1199 2712 Quia
1220 2642 1329 2696 autem
1351 2635 1503 2698 continuo
1532 2649 1642 2698 tenore
1669 2633 1837 2697 historiam
1859 2633 2010 2698 ecelesiae
2033 2645 2080 2698 te-

88 2723 176 2802 origo
199 2719 330 2802 generis
351 2717 503 2782 humani:
533 2717 1060 2782 11111111111111111111111111-
1113 2718 2080 2802 111111111111111,111111111ωὸ11,1111111111111111,

87 2804 263 2888 gratitudo,
286 2805 340 2885 qui
363 2825 460 2884 quum
485 2827 525 2868 ex
549 2805 693 2885 patribus
716 2814 748 2867 ct
770 2805 841 2868 evis
864 2805 933 2868 suis
955 2802 1059 2866 audis·
1113 2807 1147 2867 in
1176 2804 1325 2868 ultimum
1360 2805 1465 2868 locum
1501 2804 1618 2868 differt.
1665 2803 1775 2885 Quare
1807 2825 1871 2868 non
1905 2805 2081 2886 spectanda
2188 2855 2192 2865 .

87 2902 160 2956 sent
177 2911 275 2972 quam
294 2890 431 2954 mirifica
448 2889 564 2954 fuisset
581 2891 668 2954 intra
687 2891 784 2954 breve
802 2901 929 2971 tempus
946 2888 1060 2952 mundi
1113 2899 1163 2954 est
1180 2891 1213 2953 in
1232 2890 1345 2953 ordine
1365 2890 1516 2972 dignitas,
1534 2912 1636 2971 quum
1653 2891 1774 2973 primos
1791 2891 1935 2954 omnium
1958 2902 2081 2954 statuat

87 2977 295 3048 instauratio:
322 2985 435 3057 sponte
457 2987 565 3040 tamen
587 2977 711 3059 gratiae
733 2973 797 3039 Dei
820 2985 853 3038 et
871 2974 986 3039 salutis
1008 2973 1061 3038 11
1112 2976 1221 3040 Μο111
1242 2995 1323 3054 quos
1343 2976 1474 3040 volebat
1497 2989 1652 3057 tanquam
1675 2976 1828 3040 obscuros
1856 2977 1961 3041 levius
1982 2978 2080 3039 attin-

86 3062 135 3127 liti
164 3073 252 3126 sunt.
298 3058 435 3143 Sepulta
461 3062 565 3125 fuita
593 3061 707 3125 maiori
735 3069 829 3142 parte
858 3060 971 3124 diluvii
992 3081 1059 3124 me·
1113 3083 1198 3142 gere.
1236 3060 1408 3124 Caeterum
1427 3062 1489 3126 hoe
1506 3081 1631 3142 qnoque
1653 3060 1838 3126 habendum
1856 3073 1915 3138 est,
1938 3063 2081 3127 eminere

86 3150 200 3214 moria.
245 3145 423 3227 Quomodo,
444 3146 494 3210 vel
513 3148 546 3210 in
564 3167 659 3226 quem
682 3147 780 3210 finem
804 3147 923 3210 servati
942 3158 1060 3224 essent,
1112 3149 1196 3210 filios
1218 3145 1317 3209 huius
1334 3147 1454 3211 saeculi
1472 3146 1511 3208 ad
1536 3157 1731 3228 tempus,ut
1752 3148 1785 3210 11
1809 3167 1921 3212 eorum
1943 3147 2081 3229 gratiam

85 3231 292 3316 paucissimis
320 3251 416 3296 curae
443 3231 513 3296 fnit.
558 3231 672 3296 Multis
701 3241 774 3313 post
802 3231 954 3308 saeculis,
984 3232 1060 3313 quia
1112 3232 1262 3297 conditus
1284 3231 1387 3295 videri
1412 3233 1514 3315 possit
1543 3243 1704 3296 terrarum
1733 3231 1833 3310 orbis,
1863 3232 1920 3296 sed
1944 3231 2080 3315 gloriam

86 3321 150 3384 Dei
188 3318 308 3382 iudicio
341 3327 373 3381 et
407 3317 644 3382 misericordiae
680 3316 851 3400 caliginem
884 3316 1060 3382 induxerat
1112 3338 1234 3392 eorum,
1257 3327 1293 3380 ut
1311 3316 1400 3380 fluxa
1421 3329 1480 3397 est,
1503 3337 1709 3382 evanescere:
1732 3318 1899 3382 ecclesiam
1922 3339 1999 3382 vero
2021 3320 2081 3384 sub

84 3405 190 3486 impia
219 3403 387 3468 hominum
414 3401 550 3479 oblivio,
578 3403 678 3468 ianua
708 3401 849 3468 Satanae
882 3401 1058 3467 mendaciis
1112 3403 1247 3486 ignobili
1269 3411 1515 3486 contemptoque
1536 3402 1660 3478 habitu,
1683 3405 1774 3486 quasi
1795 3403 1886 3467 humi
1911 3403 2079 3484 serpendo,

85 3501 204 3572 aperta
226 3489 302 3553 fuit:
332 3489 422 3553 cuius
459 3489 595 3552 artificio
629 3487 753 3554 factum
790 3500 840 3552 est
869 3498 907 3551 11
933 3488 1060 3570 profani
1112 3488 1272 3552 divinitus
1294 3489 1434 3567 servari,
1456 3489 1557 3554 donec
1579 3499 1675 3568 caput
1697 3489 1827 3552 tandem
1850 3509 1909 3552 suo
1937 3497 2082 3570 tempore

82 3585 205 3658 poetae
235 3573 347 3639 futiles
379 3574 521 3657 adeoque
554 3575 670 3640 noxias
702 3574 827 3640 fabulas
859 3585 1060 3656 spargerent,
1112 3585 1251 3639 exserat.
1285 3571 1337 3638 De
1360 3572 1546 3638 nominibus
1566 3575 1630 3638 iam
1652 3574 1817 3654 praefatus
1838 3595 1924 3652 sum,
1946 3575 2078 3638 anxiam

85 3662 209 3743 quibus
237 3661 359 3724 veritas
388 3681 522 3742 operum
548 3659 612 3726 Dei
641 3658 822 3724 adulterata
853 3661 922 3724 fuit.
974 3660 1060 3725 Mire
1113 3680 1224 3726 eorum
1251 3659 1534 3742 investigationem
1564 3681 1616 3722 me
1644 3660 1716 3723 aliis
1744 3659 1935 3741 relinquere.
1988 3659 2078 3740 Quo·

86 3769 165 3830 ergo
206 3747 345 3810 certavit
374 3766 448 3810 cum
479 3744 647 3810 hominum
680 3746 807 3809 malitia
832 3745 897 3810 Dei
925 3744 1061 3820 bonitas,
1112 3745 1250 3810 rendam
1284 3767 1326 3808 ex
1358 3745 1529 3827 scripturis
1562 3745 1645 3809 ratio
1676 3745 1849 3809 manifesta
1877 3755 1943 3826 vest,
1985 3745 2081 3809 sicuti

86 3833 175 3915 quod
208 3843 275 3896 tam
303 3833 457 3914 ingratis,
487 3843 520 3895 et
547 3833 625 3896 feris
653 3841 687 3895 et
713 3832 858 3895 barbaris
888 3842 1062 3914 prorogata
1114 3829 1222 3910 0111,
1244 3830 1410 3905 Misraim,
1429 3829 1576 3913 Magdai‚
1600 3829 1772 3904 Chanaan,
1799 3843 1831 3895 et
1856 3829 2026 3894 similium:
2049 3833 2083 3894 in

86 3919 221 4000 longius
245 3917 307 3981 fuit
331 3918 407 3980 vita.
456 3916 529 3980 lam
558 3919 683 3981 nasutis
715 3915 903 3981 hominibus
932 3914 1061 4001 (quibus
1114 3917 1186 3981 aliis
1208 3919 1413 3981 coniecturae
1435 3927 1512 3980 sunt
1535 3915 1741 3980 verisimiles:
1763 3916 1799 3978 in
1820 3915 1893 3980 11111
1914 3915 2018 3979 maior
2035 3931 2084 3980 est

85 4003 270 4068 absurdum
294 4023 360 4066 non
384 4013 433 4066 est
461 4001 585 4067 nullum
616 4022 790 4084 agnoscere
815 4003 929 4066 mundi
951 4001 1061 4068 condi·
1113 4002 1292 4067 obscuritas
1320 4021 1416 4084 quam
1446 4015 1485 4065 ut
1512 4000 1592 4065 certi
1620 3999 1742 4081 aliquid
1770 4001 1947 4083 excogitari
1971 4013 2083 4083 queat:

85 4087 212 4173 torem)
250 4099 315 4151 tam
349 4087 455 4152 subita
489 4087 601 4152 mundi
637 4087 824 4170 propagatio
863 4087 1062 4165 incredibilis
1114 4103 1146 4151 11
1165 4107 1246 4169 quae
1264 4087 1460 4168 interpretes
1478 4087 1621 4150 afferunt
1638 4096 1828 4162 commenta,
1850 4087 1969 4168 partim
1988 4086 2084 4168 longe

85 4175 233 4250 videtur,
256 4187 353 4254 atque
374 4174 447 4238 ideo
468 4174 561 4254 quasi
581 4174 762 4238 fabulosam
785 4173 901 4237 rident.
942 4174 1063 4238 Fateor
1114 4187 1192 4238 suut
1213 4171 1339 4237 detorta
1359 4182 1392 4236 et
1414 4183 1531 4248 111111,
1557 4171 1676 4253 partim
1698 4170 1852 4254 insipida,
1875 4181 1908 4235 et
1929 4191 2013 4253 quae
2034 4175 2083 4236 ni·

86 4259 255 4340 equidem,
267 4259 295 4322 si
307 4279 405 4323 sensu
423 4271 535 4323 nostro
553 4259 724 4323 aestimare
743 4259 842 4322 libeat
859 4258 944 4340 quod
963 4259 1064 4323 tradit
1116 4259 1163 4324 hil
1185 4258 1308 4322 habent
1337 4257 1462 4324 eoloris.
1507 4257 1604 4321 Certe
1631 4256 1765 4320 frivolae
1792 4256 1988 4321 curiositatis
2014 4277 2084 4322 esse

85 4347 215 4422 Moses,
238 4364 298 4427 pro
320 4343 430 4409 fabula
453 4344 565 4410 haberi
587 4365 696 4426 posse:
717 4342 774 4409 sed
797 4345 895 4408 nimis
912 4364 1065 4426 perverse
1118 4345 1262 4419 videtur,
1294 4354 1399 4408 certos
1421 4364 1459 4408 ac
1487 4342 1655 4407 distinctos
1676 4344 1709 4406 in
1739 4341 1877 4422 singulis
1900 4343 2086 4407 nominibus

84 4431 217 4496 faciunt
239 4430 296 4512 qui
318 4450 382 4493 non
405 4429 580 4494 attendunt
601 4430 735 4511 spiritus
756 4433 859 4494 sancti
884 4431 1063 4495 consilium.
1116 4430 1251 4513 populos
1273 4448 1440 4510 quaerere.
1484 4426 1594 4507 Quum
1626 4426 1703 4490 dicit
1730 4427 1856 4504 111111,
1883 4448 1902 4490 1
1928 4426 2005 4491 filiis
2032 4428 2086 4491 Ia-

87 4515 183 4597 Quid
207 4518 303 4592 enim,
325 4516 465 4593 obsecro,
490 4515 591 4580 voluit
608 4515 751 4598 spiritus,
772 4516 836 4578 nisi
853 4515 985 4580 insolita
1001 4517 1064 4580 Dei
1117 4515 1221 4599 pheth
1242 4514 1362 4578 divisas
1380 4534 1450 4578 esse
1468 4515 1615 4596 gentium
1634 4512 1767 4586 insulas,
1789 4510 1936 4594 intellige
1953 4513 2088 4593 partitos

85 4603 256 4684 potentia,
287 4623 353 4666 neu
382 4611 493 4665 autem
521 4601 716 4666 naturaliter
738 4622 798 4664 nec
825 4600 953 4684 vulgari
975 4623 1066 4666 more
1115 4605 1202 4664 inter
1235 4621 1270 4664 se
1293 4598 1528 4663 transmarinas
1550 4600 1707 4680 regiones.
1761 4596 1846 4660 Nam
1881 4597 2021 4662 Graecia
2053 4609 2086 4660 et

85 4689 135 4752 sic
158 4699 291 4750 auctam
314 4687 412 4751 fuisse
435 4687 689 4750 triumvirorum
714 4686 865 4761 sobolem,
885 4698 921 4750 11
943 4693 1064 4749 terram
1115 4685 1222 4762 Italia,
1243 4685 1388 4764 aliasque
1410 4693 1515 4746 terrae
1536 4685 1747 4758 continentes,
1766 4683 1924 4746 Hebraeis
1942 4702 2006 4747 111
2025 4685 2086 4746 mi·

85 4773 193 4856 louge
215 4772 343 4853 lateque
365 4771 537 4854 impleret?
562 4770 690 4851 Quibus
712 4771 773 4836 hoo
791 4772 855 4835 Dei
873 4771 1066 4837 miraculum
1117 4792 1178 4835 nus
1206 4790 1302 4851 quam
1325 4768 1478 4846 Rhodus,
1511 4769 1566 4833 vel
1594 4767 1752 4852 Cyprus,
1768 4767 1895 4832 insulae
1923 4767 2085 4844 dicuntur,

85 4866 231 4942 propter
259 4878 350 4921 suam
383 4857 641 4940 magnitudinem
671 4856 854 4920 fabulosum
879 4866 941 4934 est,
963 4857 1066 4920 multo
1116 4867 1248 4938 propter
1274 4875 1365 4918 mare
1397 4854 1636 4936 interpositum.
1685 4852 1780 4918 Unde
1813 4853 2009 4936 colligimus,
2045 4876 2086 4919 ex

85 4945 209 5010 minus
229 4942 364 5008 credent
384 4943 494 5018 Noah,
524 4943 657 5024 eiusque
679 4943 762 5006 filios
785 4951 818 5006 et
839 4961 958 5006 uxores
979 4942 1067 5006 inter
1115 4942 1181 5006 illis
1203 4941 1354 5020 gentibus
1375 4959 1434 5004 nos
1456 4959 1526 5004 esse
1547 4938 1709 5004 oriundos.

86 5051 200 5113 aquas
230 5030 384 5110 spirasse,
414 5029 483 5092 sine
511 5028 578 5093 sole
600 5037 633 5092 et
659 5041 733 5092 aare
764 5026 884 5093 vixisse
913 5027 1067 5092 animalia
1202 5027 1231 5091 8.
1258 5024 1342 5092 0111
1361 5026 1468 5107 garait
1490 5025 1635 5089 Nemrod.
1676 5022 1769 5088 (1111
1786 5023 1965 5105 principem
1987 5026 2086 5090 fuisse

85 5116 160 5182 1111
181 5135 243 5196 per
263 5116 429 5198 integrum
452 5135 585 5178 annum.
628 5113 693 5178 Η11
715 5133 793 5196 ergo
814 5111 995 5196 cyclopicus
1017 5120 1068 5176 est
1117 5111 1326 5193 Aethiopum,
1348 5111 1474 5175 certum
1498 5120 1561 5175 est:
1584 5109 1624 5172 de
1645 5108 1712 5174 filio
1734 5110 1803 5173 eius
1825 5108 1967 5172 Nemrod
1990 5131 2085 5191 pecu-

85 5201 207 5276 furor,
230 5198 314 5283 quod
337 5199 377 5263 de
398 5201 601 5282 reparatione
623 5199 753 5282 generis
774 5197 909 5262 hnmani
939 5197 1066 5276 dicitur,
1118 5199 1230 5262 liarem
1254 5197 1423 5260 historiam
1446 5197 1544 5260 111111
1566 5195 1691 5268 111111,
1718 5194 1802 5276 quod
1824 5195 1964 5276 eoeperit
1985 5217 2084 5278 supra

84 5285 241 5354 ludibrio
262 5284 396 5349 habere:
420 5287 496 5367 quia
517 5285 583 5350 illie
602 5284 848 5349 inaestimabilis
868 5283 931 5348 Dei
955 5292 1066 5363 poten·
1118 5283 1273 5348 usitatum
1302 5301 1427 5346 morem
1451 5299 1625 5366 emergere.
1669 5279 1773 5345 Porro
1801 5279 1847 5344 sio
1878 5280 2084 5362 interpretor,
