<?xml version="1.0" encoding="UTF-8"?>
<!DOCTYPE html PUBLIC "-//W3C//DTD XHTML 1.0 Transitional//EN"
    "http://www.w3.org/TR/xhtml1/DTD/xhtml1-transitional.dtd">
<html xmlns="http://www.w3.org/1999/xhtml" xml:lang="en" lang="en">
 <head>
  <title>
</title>
<meta http-equiv="Content-Type" content="text/html;charset=utf-8" />
  <meta name='ocr-system' content='tesseract 3.04.00' />
  <meta name='ocr-capabilities' content='ocr_page ocr_carea ocr_par ocr_line ocrx_word'/>
</head>
<body>
  <div class='ocr_page' id='page_1' title='image "./ioanniscalvinio06reusgoog_0252.png"; bbox 0 0 4988 6192; ppageno 0'>
   <div class='ocr_carea' id='block_1_1' title="bbox 339 379 2338 495">
    <p class='ocr_par' dir='ltr' id='par_1_1' title="bbox 339 379 2338 495">
     <span class='ocr_line' id='line_1_1' title="bbox 339 379 2338 495; baseline 0.001 -49"><span class='ocrx_word' id='word_1_1' title='bbox 339 383 403 448; x_wconf 85' lang='lat'><strong>431</strong></span> <span class='ocrx_word' id='word_1_2' title='bbox 998 379 1370 448; x_wconf 70' lang='lat' dir='ltr'><strong>COMMENTARIUS</strong></span> <span class='ocrx_word' id='word_1_3' title='bbox 1392 382 1443 449; x_wconf 88' lang='lat' dir='ltr'><strong>IN</strong></span> <span class='ocrx_word' id='word_1_4' title='bbox 1465 381 1679 448; x_wconf 80' lang='lat' dir='ltr'><strong>GENESIN.</strong></span> <span class='ocrx_word' id='word_1_5' title='bbox 2274 384 2338 495; x_wconf 80' lang='grc'><strong>4321</strong></span> 
     </span>
    </p>
   </div>
   <div class='ocr_carea' id='block_1_2' title="bbox 339 567 2354 5369">
    <p class='ocr_par' dir='ltr' id='par_1_2' title="bbox 339 567 2354 5369">
     <span class='ocr_line' id='line_1_2' title="bbox 340 567 2336 655; baseline 0.001 -19"><span class='ocrx_word' id='word_1_6' title='bbox 340 571 439 639; x_wconf 82' lang='grc' dir='ltr'>Ιιιοι</span> <span class='ocrx_word' id='word_1_7' title='bbox 462 590 609 638; x_wconf 86' lang='lat' dir='ltr'><strong>socerum</strong></span> <span class='ocrx_word' id='word_1_8' title='bbox 627 589 723 634; x_wconf 90' lang='lat' dir='ltr'><strong>snum</strong></span> <span class='ocrx_word' id='word_1_9' title='bbox 741 577 839 653; x_wconf 85' lang='lat' dir='ltr'><strong>urget</strong></span> <span class='ocrx_word' id='word_1_10' title='bbox 855 569 989 653; x_wconf 89' lang='lat' dir='ltr'><strong>propria</strong></span> <span class='ocrx_word' id='word_1_11' title='bbox 1010 569 1220 636; x_wconf 84' lang='lat' dir='ltr'><strong>confessione.</strong></span> <span class='ocrx_word' id='word_1_12' title='bbox 1243 567 1313 636; x_wconf 80' lang='lat' dir='ltr'><strong>Gur</strong></span> <span class='ocrx_word' id='word_1_13' title='bbox 1363 569 1516 655; x_wconf 90' lang='lat' dir='ltr'><strong>porrigit:</strong></span> <span class='ocrx_word' id='word_1_14' title='bbox 1546 584 1581 635; x_wconf 90' lang='lat' dir='ltr'><strong>et</strong></span> <span class='ocrx_word' id='word_1_15' title='bbox 1603 568 1683 635; x_wconf 91' lang='lat' dir='ltr'><strong>adeo</strong></span> <span class='ocrx_word' id='word_1_16' title='bbox 1705 569 1856 653; x_wconf 81' lang='lat' dir='ltr'><strong>pertinax</strong></span> <span class='ocrx_word' id='word_1_17' title='bbox 1877 590 1947 636; x_wconf 92' lang='lat' dir='ltr'><strong>non</strong></span> <span class='ocrx_word' id='word_1_18' title='bbox 1974 578 2025 636; x_wconf 90' lang='lat' dir='ltr'><strong>est</strong></span> <span class='ocrx_word' id='word_1_19' title='bbox 2049 571 2083 635; x_wconf 94' lang='lat' dir='ltr'><strong>in</strong></span> <span class='ocrx_word' id='word_1_20' title='bbox 2114 571 2236 636; x_wconf 89' lang='lat' dir='ltr'><strong>tuendo</strong></span> <span class='ocrx_word' id='word_1_21' title='bbox 2265 572 2336 638; x_wconf 91' lang='lat' dir='ltr'><strong>iure</strong></span> 
     </span>
     <span class='ocr_line' id='line_1_3' title="bbox 343 655 2338 741; baseline 0 -19"><span class='ocrx_word' id='word_1_22' title='bbox 343 658 432 722; x_wconf 91' lang='lat' dir='ltr'><strong>enim</strong></span> <span class='ocrx_word' id='word_1_23' title='bbox 458 677 532 722; x_wconf 90' lang='lat' dir='ltr'><strong>eum</strong></span> <span class='ocrx_word' id='word_1_24' title='bbox 558 658 765 739; x_wconf 76' lang='lat' dir='ltr'><strong>increpuerat</strong></span> <span class='ocrx_word' id='word_1_25' title='bbox 793 656 898 735; x_wconf 88' lang='lat' dir='ltr'><strong>Deus,</strong></span> <span class='ocrx_word' id='word_1_26' title='bbox 928 656 991 721; x_wconf 91' lang='lat' dir='ltr'><strong>nisi</strong></span> <span class='ocrx_word' id='word_1_27' title='bbox 1020 657 1097 739; x_wconf 89' lang='lat' dir='ltr'><strong>quia</strong></span> <span class='ocrx_word' id='word_1_28' title='bbox 1119 659 1234 722; x_wconf 76' lang='lat' dir='ltr'><strong>oontm</strong></span> <span class='ocrx_word' id='word_1_29' title='bbox 1260 655 1313 720; x_wconf 91' lang='lat' dir='ltr'><strong>ius</strong></span> <span class='ocrx_word' id='word_1_30' title='bbox 1364 677 1432 736; x_wconf 88' lang='lat' dir='ltr'><strong>suo,</strong></span> <span class='ocrx_word' id='word_1_31' title='bbox 1456 663 1493 721; x_wconf 91' lang='lat' dir='ltr'><strong>ut</strong></span> <span class='ocrx_word' id='word_1_32' title='bbox 1515 655 1751 739; x_wconf 91' lang='lat' dir='ltr'><strong>quodammodo</strong></span> <span class='ocrx_word' id='word_1_33' title='bbox 1767 655 1957 739; x_wconf 89' lang='lat' dir='ltr'><strong>praeveniat</strong></span> <span class='ocrx_word' id='word_1_34' title='bbox 1979 655 2087 738; x_wconf 89' lang='lat' dir='ltr'><strong>ipsum</strong></span> <span class='ocrx_word' id='word_1_35' title='bbox 2106 655 2232 735; x_wconf 85' lang='lat' dir='ltr'><strong>Laban,</strong></span> <span class='ocrx_word' id='word_1_36' title='bbox 2255 657 2338 741; x_wconf 91' lang='lat' dir='ltr'><strong>lapi·</strong></span> 
     </span>
     <span class='ocr_line' id='line_1_4' title="bbox 342 739 2337 827; baseline 0 -19"><span class='ocrx_word' id='word_1_37' title='bbox 342 753 376 809; x_wconf 91' lang='lat' dir='ltr'><strong>et</strong></span> <span class='ocrx_word' id='word_1_38' title='bbox 397 742 448 808; x_wconf 86' lang='lat' dir='ltr'><strong>fas</strong></span> <span class='ocrx_word' id='word_1_39' title='bbox 469 741 638 808; x_wconf 90' lang='lat' dir='ltr'><strong>innoxium</strong></span> <span class='ocrx_word' id='word_1_40' title='bbox 660 740 827 806; x_wconf 91' lang='lat' dir='ltr'><strong>hominem</strong></span> <span class='ocrx_word' id='word_1_41' title='bbox 852 741 1128 825; x_wconf 81' lang='lat' dir='ltr'><strong>persequebatur?</strong></span> <span class='ocrx_word' id='word_1_42' title='bbox 1159 763 1235 806; x_wconf 91' lang='lat' dir='ltr'><strong>nam</strong></span> <span class='ocrx_word' id='word_1_43' title='bbox 1257 739 1313 827; x_wconf 93' lang='lat' dir='ltr'><strong>(si·</strong></span> <span class='ocrx_word' id='word_1_44' title='bbox 1365 743 1439 809; x_wconf 91' lang='lat' dir='ltr'><strong>dem</strong></span> <span class='ocrx_word' id='word_1_45' title='bbox 1462 741 1589 826; x_wconf 89' lang='lat' dir='ltr'><strong>primns</strong></span> <span class='ocrx_word' id='word_1_46' title='bbox 1609 748 1765 808; x_wconf 89' lang='lat' dir='ltr'><strong>statuens.</strong></span> <span class='ocrx_word' id='word_1_47' title='bbox 1798 741 1845 806; x_wconf 83' lang='lat' dir='ltr'><strong>Et</strong></span> <span class='ocrx_word' id='word_1_48' title='bbox 1866 760 1944 806; x_wconf 87' lang='lat' dir='ltr'><strong>sane</strong></span> <span class='ocrx_word' id='word_1_49' title='bbox 1966 741 2050 807; x_wconf 85' lang='lat' dir='ltr'><strong>lilios</strong></span> <span class='ocrx_word' id='word_1_50' title='bbox 2068 742 2131 806; x_wconf 92' lang='lat' dir='ltr'><strong>Dei</strong></span> <span class='ocrx_word' id='word_1_51' title='bbox 2155 764 2220 808; x_wconf 93' lang='lat' dir='ltr'><strong>non</strong></span> <span class='ocrx_word' id='word_1_52' title='bbox 2242 742 2337 809; x_wconf 91' lang='lat' dir='ltr'><strong>modo</strong></span> 
     </span>
     <span class='ocr_line' id='line_1_5' title="bbox 341 825 2337 913; baseline -0.001 -18"><span class='ocrx_word' id='word_1_53' title='bbox 341 829 410 895; x_wconf 89' lang='lat' dir='ltr'><strong>euti</strong></span> <span class='ocrx_word' id='word_1_54' title='bbox 431 848 537 911; x_wconf 86' lang='lat' dir='ltr'><strong>nuper</strong></span> <span class='ocrx_word' id='word_1_55' title='bbox 559 826 668 913; x_wconf 88' lang='lat' dir='ltr'><strong>attigi)</strong></span> <span class='ocrx_word' id='word_1_56' title='bbox 696 825 793 892; x_wconf 88' lang='lat' dir='ltr'><strong>mulis</strong></span> <span class='ocrx_word' id='word_1_57' title='bbox 822 835 856 892; x_wconf 91' lang='lat' dir='ltr'><strong>et</strong></span> <span class='ocrx_word' id='word_1_58' title='bbox 876 827 1005 894; x_wconf 89' lang='lat' dir='ltr'><strong>iniustis</strong></span> <span class='ocrx_word' id='word_1_59' title='bbox 1033 828 1139 894; x_wconf 85' lang='lat' dir='ltr'><strong>nausis</strong></span> <span class='ocrx_word' id='word_1_60' title='bbox 1160 827 1273 893; x_wconf 85' lang='lat' dir='ltr'><strong>favere</strong></span> <span class='ocrx_word' id='word_1_61' title='bbox 1296 848 1315 892; x_wconf 98' lang='lat' dir='ltr'><strong>a</strong></span> <span class='ocrx_word' id='word_1_62' title='bbox 1365 849 1478 912; x_wconf 90' lang='lat' dir='ltr'><strong>pacem</strong></span> <span class='ocrx_word' id='word_1_63' title='bbox 1508 826 1659 894; x_wconf 89' lang='lat' dir='ltr'><strong>alacriter</strong></span> <span class='ocrx_word' id='word_1_64' title='bbox 1686 827 1840 910; x_wconf 88' lang='lat' dir='ltr'><strong>amplecti</strong></span> <span class='ocrx_word' id='word_1_65' title='bbox 1868 827 1977 905; x_wconf 88' lang='lat' dir='ltr'><strong>decet,</strong></span> <span class='ocrx_word' id='word_1_66' title='bbox 2007 825 2064 892; x_wconf 93' lang='lat' dir='ltr'><strong>sed</strong></span> <span class='ocrx_word' id='word_1_67' title='bbox 2094 829 2195 893; x_wconf 90' lang='lat' dir='ltr'><strong>etiam</strong></span> <span class='ocrx_word' id='word_1_68' title='bbox 2222 849 2263 894; x_wconf 91' lang='lat' dir='ltr'><strong>ou</strong></span> <span class='ocrx_word' id='word_1_69' title='bbox 2285 827 2337 893; x_wconf 89' lang='lat' dir='ltr'><strong>ide</strong></span> 
     </span>
     <span class='ocr_line' id='line_1_6' title="bbox 343 849 2336 997; baseline 0.001 -18"><span class='ocrx_word' id='word_1_70' title='bbox 343 927 461 980; x_wconf 89' lang='lat' dir='ltr'><strong>natura</strong></span> <span class='ocrx_word' id='word_1_71' title='bbox 482 911 546 978; x_wconf 93' lang='lat' dir='ltr'><strong>Dei</strong></span> <span class='ocrx_word' id='word_1_72' title='bbox 568 912 730 978; x_wconf 90' lang='lat' dir='ltr'><strong>abhorret.</strong></span> <span class='ocrx_word' id='word_1_73' title='bbox 1365 913 1539 997; x_wconf 87' lang='lat' dir='ltr'><strong>inquirere,</strong></span> <span class='ocrx_word' id='word_1_74' title='bbox 1562 911 1659 978; x_wconf 85' lang='lat' dir='ltr'><strong>sicuti</strong></span> <span class='ocrx_word' id='word_1_75' title='bbox 1685 912 1836 979; x_wconf 89' lang='lat' dir='ltr'><strong>iubemur</strong></span> <span class='ocrx_word' id='word_1_76' title='bbox 1857 911 1989 978; x_wconf 81' lang='lat' dir='ltr'><strong>Psalmo</strong></span> <span class='ocrx_word' id='word_1_77' title='bbox 2011 913 2063 992; x_wconf 86' lang='lat'><strong>34,</strong></span> <span class='ocrx_word' id='word_1_78' title='bbox 2085 913 2135 979; x_wconf 83' lang='lat'><strong>15.</strong></span> <span class='ocrx_word' id='word_1_79' title='bbox 2180 849 2285 996; x_wconf 76' lang='lat' dir='ltr'><strong>Quod</strong></span> <span class='ocrx_word' id='word_1_80' title='bbox 2297 913 2336 980; x_wconf 85' lang='lat' dir='ltr'><strong>ad</strong></span> 
     </span>
     <span class='ocr_line' id='line_1_7' title="bbox 427 997 2338 1084; baseline -0.001 -20"><span class='ocrx_word' id='word_1_81' title='bbox 427 999 479 1064; x_wconf 87' lang='grc'><strong>43.</strong></span> <span class='ocrx_word' id='word_1_82' title='bbox 506 997 621 1077; x_wconf 68' lang='lat' dir='ltr'><strong>Filiae,</strong></span> <span class='ocrx_word' id='word_1_83' title='bbox 641 998 729 1080; x_wconf 65' lang='lat' dir='ltr'><strong>filiae</strong></span> <span class='ocrx_word' id='word_1_84' title='bbox 750 1017 835 1064; x_wconf 82' lang='lat' dir='ltr'><strong>meae</strong></span> <span class='ocrx_word' id='word_1_85' title='bbox 855 1003 938 1064; x_wconf 79' lang='lat' dir='ltr'><strong>auci.</strong></span> <span class='ocrx_word' id='word_1_86' title='bbox 981 998 1080 1064; x_wconf 84' lang='lat' dir='ltr'><strong>Nune</strong></span> <span class='ocrx_word' id='word_1_87' title='bbox 1102 999 1199 1084; x_wconf 85' lang='lat' dir='ltr'><strong>longe</strong></span> <span class='ocrx_word' id='word_1_88' title='bbox 1221 997 1316 1063; x_wconf 90' lang='lat' dir='ltr'><strong>aliter</strong></span> <span class='ocrx_word' id='word_1_89' title='bbox 1366 997 1511 1084; x_wconf 90' lang='lat' dir='ltr'><strong>lapidum</strong></span> <span class='ocrx_word' id='word_1_90' title='bbox 1530 1018 1684 1063; x_wconf 86' lang='lat' dir='ltr'><strong>acervum</strong></span> <span class='ocrx_word' id='word_1_91' title='bbox 1703 1007 1836 1083; x_wconf 90' lang='lat' dir='ltr'><strong>spectat,</strong></span> <span class='ocrx_word' id='word_1_92' title='bbox 1855 1019 1984 1083; x_wconf 82' lang='lat' dir='ltr'><strong>semper</strong></span> <span class='ocrx_word' id='word_1_93' title='bbox 1999 1019 2061 1065; x_wconf 87' lang='lat' dir='ltr'><strong>usu</strong></span> <span class='ocrx_word' id='word_1_94' title='bbox 2079 1007 2246 1083; x_wconf 90' lang='lat' dir='ltr'><strong>receptum</strong></span> <span class='ocrx_word' id='word_1_95' title='bbox 2267 1001 2338 1080; x_wconf 86' lang='lat' dir='ltr'><strong>fuit,</strong></span> 
     </span>
     <span class='ocr_line' id='line_1_8' title="bbox 339 1083 2338 1169; baseline 0.001 -19"><span class='ocrx_word' id='word_1_96' title='bbox 339 1083 566 1169; x_wconf 78' lang='lat' dir='ltr'><strong>loquiinoipit</strong></span> <span class='ocrx_word' id='word_1_97' title='bbox 588 1085 720 1163; x_wconf 90' lang='lat' dir='ltr'><strong>Laban,</strong></span> <span class='ocrx_word' id='word_1_98' title='bbox 750 1105 846 1167; x_wconf 88' lang='lat' dir='ltr'><strong>quam</strong></span> <span class='ocrx_word' id='word_1_99' title='bbox 872 1085 980 1168; x_wconf 89' lang='lat' dir='ltr'><strong>prius:</strong></span> <span class='ocrx_word' id='word_1_100' title='bbox 1010 1083 1102 1149; x_wconf 90' lang='lat' dir='ltr'><strong>videt</strong></span> <span class='ocrx_word' id='word_1_101' title='bbox 1129 1105 1163 1150; x_wconf 90' lang='lat' dir='ltr'><strong>se</strong></span> <span class='ocrx_word' id='word_1_102' title='bbox 1192 1085 1315 1150; x_wconf 91' lang='lat' dir='ltr'><strong>nullam</strong></span> <span class='ocrx_word' id='word_1_103' title='bbox 1367 1085 1605 1151; x_wconf 77' lang='lat' dir='ltr'><strong>caeremoniam</strong></span> <span class='ocrx_word' id='word_1_104' title='bbox 1629 1084 1769 1167; x_wconf 87' lang='lat' dir='ltr'><strong>aliquam</strong></span> <span class='ocrx_word' id='word_1_105' title='bbox 1792 1083 1946 1150; x_wconf 89' lang='lat' dir='ltr'><strong>adhibere</strong></span> <span class='ocrx_word' id='word_1_106' title='bbox 1963 1104 2046 1168; x_wconf 84' lang='lat' dir='ltr'><strong>quae</strong></span> <span class='ocrx_word' id='word_1_107' title='bbox 2067 1093 2161 1168; x_wconf 87' lang='lat' dir='ltr'><strong>pacta</strong></span> <span class='ocrx_word' id='word_1_108' title='bbox 2183 1087 2338 1169; x_wconf 90' lang='lat' dir='ltr'><strong>utrinque</strong></span> 
     </span>
     <span class='ocr_line' id='line_1_9' title="bbox 341 1168 2337 1255; baseline 0 -19"><span class='ocrx_word' id='word_1_109' title='bbox 341 1171 482 1255; x_wconf 89' lang='lat' dir='ltr'><strong>amplius</strong></span> <span class='ocrx_word' id='word_1_110' title='bbox 504 1169 624 1236; x_wconf 91' lang='lat' dir='ltr'><strong>babere</strong></span> <span class='ocrx_word' id='word_1_111' title='bbox 646 1170 798 1254; x_wconf 88' lang='lat' dir='ltr'><strong>litigandi</strong></span> <span class='ocrx_word' id='word_1_112' title='bbox 826 1188 968 1236; x_wconf 87' lang='lat' dir='ltr'><strong>causam.</strong></span> <span class='ocrx_word' id='word_1_113' title='bbox 1018 1170 1108 1254; x_wconf 83' lang='lat' dir='ltr'><strong>Ergo</strong></span> <span class='ocrx_word' id='word_1_114' title='bbox 1138 1171 1314 1248; x_wconf 87' lang='lat' dir='ltr'><strong>convictus,</strong></span> <span class='ocrx_word' id='word_1_115' title='bbox 1367 1171 1517 1250; x_wconf 80' lang='lat' dir='ltr'><strong>sanciret,</strong></span> <span class='ocrx_word' id='word_1_116' title='bbox 1537 1189 1625 1235; x_wconf 89' lang='lat' dir='ltr'><strong>nune</strong></span> <span class='ocrx_word' id='word_1_117' title='bbox 1636 1171 1803 1254; x_wconf 87' lang='lat' dir='ltr'><strong>congeries</strong></span> <span class='ocrx_word' id='word_1_118' title='bbox 1814 1168 1961 1252; x_wconf 89' lang='lat' dir='ltr'><strong>lapidum</strong></span> <span class='ocrx_word' id='word_1_119' title='bbox 1973 1171 2164 1251; x_wconf 87' lang='lat' dir='ltr'><strong>exstruitur,</strong></span> <span class='ocrx_word' id='word_1_120' title='bbox 2182 1179 2222 1236; x_wconf 94' lang='lat' dir='ltr'><strong>ut</strong></span> <span class='ocrx_word' id='word_1_121' title='bbox 2239 1171 2337 1236; x_wconf 90' lang='lat' dir='ltr'><strong>etiam</strong></span> 
     </span>
     <span class='ocr_line' id='line_1_10' title="bbox 341 1255 2338 1340; baseline -0.001 -17"><span class='ocrx_word' id='word_1_122' title='bbox 341 1255 478 1340; x_wconf 79' lang='lat' dir='ltr'><strong>sepultis</strong></span> <span class='ocrx_word' id='word_1_123' title='bbox 499 1256 616 1340; x_wconf 87' lang='lat' dir='ltr'><strong>iurgiis</strong></span> <span class='ocrx_word' id='word_1_124' title='bbox 638 1256 678 1320; x_wconf 91' lang='lat' dir='ltr'><strong>ad</strong></span> <span class='ocrx_word' id='word_1_125' title='bbox 700 1255 865 1338; x_wconf 90' lang='lat' dir='ltr'><strong>placidum</strong></span> <span class='ocrx_word' id='word_1_126' title='bbox 894 1257 1100 1339; x_wconf 87' lang='lat' dir='ltr'><strong>amicumque</strong></span> <span class='ocrx_word' id='word_1_127' title='bbox 1131 1276 1315 1320; x_wconf 88' lang='lat' dir='ltr'><strong>sermonem</strong></span> <span class='ocrx_word' id='word_1_128' title='bbox 1368 1256 1409 1322; x_wconf 92' lang='lat' dir='ltr'><strong>ad</strong></span> <span class='ocrx_word' id='word_1_129' title='bbox 1441 1265 1588 1340; x_wconf 89' lang='lat' dir='ltr'><strong>posteros</strong></span> <span class='ocrx_word' id='word_1_130' title='bbox 1623 1256 1733 1339; x_wconf 88' lang='lat' dir='ltr'><strong>vigeat</strong></span> <span class='ocrx_word' id='word_1_131' title='bbox 1768 1256 1906 1321; x_wconf 86' lang='lat' dir='ltr'><strong>foederis</strong></span> <span class='ocrx_word' id='word_1_132' title='bbox 1942 1257 2108 1321; x_wconf 87' lang='lat' dir='ltr'><strong>memoria.</strong></span> <span class='ocrx_word' id='word_1_133' title='bbox 2157 1255 2254 1338; x_wconf 79' lang='lat' dir='ltr'><strong>Quod</strong></span> <span class='ocrx_word' id='word_1_134' title='bbox 2279 1256 2338 1322; x_wconf 88' lang='lat' dir='ltr'><strong>bas</strong></span> 
     </span>
     <span class='ocr_line' id='line_1_11' title="bbox 341 1339 2338 1426; baseline 0 -19"><span class='ocrx_word' id='word_1_135' title='bbox 341 1342 513 1408; x_wconf 92' lang='lat' dir='ltr'><strong>delabitur.</strong></span> <span class='ocrx_word' id='word_1_136' title='bbox 569 1341 639 1407; x_wconf 82' lang='lat' dir='ltr'><strong>(lur</strong></span> <span class='ocrx_word' id='word_1_137' title='bbox 668 1362 759 1425; x_wconf 87' lang='lat' dir='ltr'><strong>ergo,</strong></span> <span class='ocrx_word' id='word_1_138' title='bbox 788 1341 910 1425; x_wconf 92' lang='lat' dir='ltr'><strong>inquit,</strong></span> <span class='ocrx_word' id='word_1_139' title='bbox 942 1342 1004 1407; x_wconf 92' lang='lat' dir='ltr'><strong>tibi</strong></span> <span class='ocrx_word' id='word_1_140' title='bbox 1030 1340 1170 1408; x_wconf 85' lang='lat' dir='ltr'><strong>infestus</strong></span> <span class='ocrx_word' id='word_1_141' title='bbox 1200 1361 1315 1421; x_wconf 71' lang='lat' dir='ltr'><strong>essem</strong></span> <span class='ocrx_word' id='word_1_142' title='bbox 1366 1351 1477 1426; x_wconf 88' lang='lat' dir='ltr'><strong>partes</strong></span> <span class='ocrx_word' id='word_1_143' title='bbox 1494 1350 1630 1424; x_wconf 84' lang='lat' dir='ltr'><strong>occupat</strong></span> <span class='ocrx_word' id='word_1_144' title='bbox 1647 1341 1756 1420; x_wconf 90' lang='lat' dir='ltr'><strong>Iacob,</strong></span> <span class='ocrx_word' id='word_1_145' title='bbox 1778 1341 1844 1406; x_wconf 91' lang='lat' dir='ltr'><strong>iam</strong></span> <span class='ocrx_word' id='word_1_146' title='bbox 1862 1339 2006 1407; x_wconf 88' lang='lat' dir='ltr'><strong>diximus</strong></span> <span class='ocrx_word' id='word_1_147' title='bbox 2023 1342 2154 1426; x_wconf 89' lang='lat' dir='ltr'><strong>signum</strong></span> <span class='ocrx_word' id='word_1_148' title='bbox 2171 1363 2244 1408; x_wconf 87' lang='lat' dir='ltr'><strong>esse</strong></span> <span class='ocrx_word' id='word_1_149' title='bbox 2265 1362 2338 1425; x_wconf 88' lang='lat' dir='ltr'><strong>pro·</strong></span> 
     </span>
     <span class='ocr_line' id='line_1_12' title="bbox 342 1426 2339 1512; baseline -0.001 -18"><span class='ocrx_word' id='word_1_150' title='bbox 342 1450 444 1512; x_wconf 91' lang='lat' dir='ltr'><strong>quum</strong></span> <span class='ocrx_word' id='word_1_151' title='bbox 467 1429 534 1494; x_wconf 87' lang='lat' dir='ltr'><strong>sint</strong></span> <span class='ocrx_word' id='word_1_152' title='bbox 556 1428 665 1493; x_wconf 89' lang='lat' dir='ltr'><strong>omnia</strong></span> <span class='ocrx_word' id='word_1_153' title='bbox 687 1427 775 1492; x_wconf 91' lang='lat' dir='ltr'><strong>iuter</strong></span> <span class='ocrx_word' id='word_1_154' title='bbox 792 1448 851 1493; x_wconf 90' lang='lat' dir='ltr'><strong>nos</strong></span> <span class='ocrx_word' id='word_1_155' title='bbox 869 1426 1076 1494; x_wconf 89' lang='lat' dir='ltr'><strong>communia?</strong></span> <span class='ocrx_word' id='word_1_156' title='bbox 1122 1429 1177 1492; x_wconf 87' lang='lat' dir='ltr'><strong>An</strong></span> <span class='ocrx_word' id='word_1_157' title='bbox 1199 1448 1258 1512; x_wconf 87' lang='lat' dir='ltr'><strong>ego</strong></span> <span class='ocrx_word' id='word_1_158' title='bbox 1280 1427 1316 1491; x_wconf 92' lang='lat' dir='ltr'><strong>in</strong></span> <span class='ocrx_word' id='word_1_159' title='bbox 1366 1429 1460 1511; x_wconf 91' lang='lat' dir='ltr'><strong>pensi</strong></span> <span class='ocrx_word' id='word_1_160' title='bbox 1482 1426 1524 1492; x_wconf 91' lang='lat' dir='ltr'><strong>ad</strong></span> <span class='ocrx_word' id='word_1_161' title='bbox 1546 1447 1658 1510; x_wconf 82' lang='lat' dir='ltr'><strong>pacem</strong></span> <span class='ocrx_word' id='word_1_162' title='bbox 1681 1427 1791 1493; x_wconf 90' lang='lat' dir='ltr'><strong>animi.</strong></span> <span class='ocrx_word' id='word_1_163' title='bbox 1843 1426 1963 1493; x_wconf 86' lang='lat' dir='ltr'><strong>Libere</strong></span> <span class='ocrx_word' id='word_1_164' title='bbox 1988 1426 2119 1510; x_wconf 91' lang='lat' dir='ltr'><strong>quidem</strong></span> <span class='ocrx_word' id='word_1_165' title='bbox 2141 1437 2339 1511; x_wconf 87' lang='lat' dir='ltr'><strong>conquestus</strong></span> 
     </span>
     <span class='ocr_line' id='line_1_13' title="bbox 341 1511 2338 1596; baseline -0.001 -16"><span class='ocrx_word' id='word_1_166' title='bbox 341 1515 468 1581; x_wconf 87' lang='lat' dir='ltr'><strong>viscera</strong></span> <span class='ocrx_word' id='word_1_167' title='bbox 489 1535 563 1579; x_wconf 92' lang='lat' dir='ltr'><strong>mea</strong></span> <span class='ocrx_word' id='word_1_168' title='bbox 584 1512 769 1579; x_wconf 80' lang='lat' dir='ltr'><strong>saevirem?</strong></span> <span class='ocrx_word' id='word_1_169' title='bbox 799 1534 876 1578; x_wconf 91' lang='lat' dir='ltr'><strong>nam</strong></span> <span class='ocrx_word' id='word_1_170' title='bbox 903 1521 936 1578; x_wconf 91' lang='lat' dir='ltr'><strong>et</strong></span> <span class='ocrx_word' id='word_1_171' title='bbox 962 1534 1081 1578; x_wconf 91' lang='lat' dir='ltr'><strong>uxores</strong></span> <span class='ocrx_word' id='word_1_172' title='bbox 1104 1521 1194 1592; x_wconf 88' lang='lat' dir='ltr'><strong>tuae,</strong></span> <span class='ocrx_word' id='word_1_173' title='bbox 1225 1522 1258 1578; x_wconf 92' lang='lat' dir='ltr'><strong>et</strong></span> <span class='ocrx_word' id='word_1_174' title='bbox 1280 1511 1317 1576; x_wconf 94' lang='lat' dir='ltr'><strong>li·</strong></span> <span class='ocrx_word' id='word_1_175' title='bbox 1368 1522 1433 1592; x_wconf 89' lang='lat' dir='ltr'><strong>est,</strong></span> <span class='ocrx_word' id='word_1_176' title='bbox 1468 1511 1544 1578; x_wconf 89' lang='lat' dir='ltr'><strong>dum</strong></span> <span class='ocrx_word' id='word_1_177' title='bbox 1572 1513 1618 1576; x_wconf 89' lang='lat' dir='ltr'><strong>ita</strong></span> <span class='ocrx_word' id='word_1_178' title='bbox 1646 1513 1806 1596; x_wconf 87' lang='lat' dir='ltr'><strong>oportuit,</strong></span> <span class='ocrx_word' id='word_1_179' title='bbox 1840 1511 1897 1578; x_wconf 87' lang='lat' dir='ltr'><strong>sed</strong></span> <span class='ocrx_word' id='word_1_180' title='bbox 1925 1513 1983 1577; x_wconf 92' lang='lat' dir='ltr'><strong>ubi</strong></span> <span class='ocrx_word' id='word_1_181' title='bbox 2009 1512 2050 1577; x_wconf 90' lang='lat' dir='ltr'><strong>ad</strong></span> <span class='ocrx_word' id='word_1_182' title='bbox 2083 1514 2338 1596; x_wconf 87' lang='lat' dir='ltr'><strong>pacificationem</strong></span> 
     </span>
     <span class='ocr_line' id='line_1_14' title="bbox 342 1597 2337 1683; baseline -0.002 -16"><span class='ocrx_word' id='word_1_183' title='bbox 342 1598 412 1667; x_wconf 90' lang='lat' dir='ltr'><strong>beri</strong></span> <span class='ocrx_word' id='word_1_184' title='bbox 434 1600 491 1678; x_wconf 88' lang='lat' dir='ltr'><strong>tui,</strong></span> <span class='ocrx_word' id='word_1_185' title='bbox 515 1600 649 1683; x_wconf 86' lang='lat' dir='ltr'><strong>sanguis</strong></span> <span class='ocrx_word' id='word_1_186' title='bbox 671 1619 764 1665; x_wconf 91' lang='lat' dir='ltr'><strong>meus</strong></span> <span class='ocrx_word' id='word_1_187' title='bbox 787 1608 879 1664; x_wconf 90' lang='lat' dir='ltr'><strong>sunt:</strong></span> <span class='ocrx_word' id='word_1_188' title='bbox 901 1620 1001 1683; x_wconf 91' lang='lat' dir='ltr'><strong>quare</strong></span> <span class='ocrx_word' id='word_1_189' title='bbox 1022 1599 1070 1663; x_wconf 87' lang='lat' dir='ltr'><strong>ita</strong></span> <span class='ocrx_word' id='word_1_190' title='bbox 1087 1620 1139 1664; x_wconf 93' lang='lat' dir='ltr'><strong>me</strong></span> <span class='ocrx_word' id='word_1_191' title='bbox 1162 1619 1240 1682; x_wconf 86' lang='lat' dir='ltr'><strong>erga</strong></span> <span class='ocrx_word' id='word_1_192' title='bbox 1258 1618 1316 1664; x_wconf 92' lang='lat' dir='ltr'><strong>vos</strong></span> <span class='ocrx_word' id='word_1_193' title='bbox 1367 1607 1503 1664; x_wconf 90' lang='lat' dir='ltr'><strong>ventum</strong></span> <span class='ocrx_word' id='word_1_194' title='bbox 1526 1606 1584 1676; x_wconf 86' lang='lat' dir='ltr'><strong>est,</strong></span> <span class='ocrx_word' id='word_1_195' title='bbox 1608 1597 1811 1664; x_wconf 88' lang='lat' dir='ltr'><strong>demonstrat</strong></span> <span class='ocrx_word' id='word_1_196' title='bbox 1827 1619 1862 1663; x_wconf 90' lang='lat' dir='ltr'><strong>se</strong></span> <span class='ocrx_word' id='word_1_197' title='bbox 1874 1598 1956 1663; x_wconf 93' lang='lat' dir='ltr'><strong>nibil</strong></span> <span class='ocrx_word' id='word_1_198' title='bbox 1970 1597 2058 1664; x_wconf 90' lang='lat' dir='ltr'><strong>alere</strong></span> <span class='ocrx_word' id='word_1_199' title='bbox 2069 1600 2198 1665; x_wconf 88' lang='lat' dir='ltr'><strong>veneni.</strong></span> <span class='ocrx_word' id='word_1_200' title='bbox 2222 1597 2337 1681; x_wconf 75' lang='lat' dir='ltr'><strong>Qrvum</strong></span> 
     </span>
     <span class='ocr_line' id='line_1_15' title="bbox 342 1682 2341 1770; baseline 0 -19"><span class='ocrx_word' id='word_1_201' title='bbox 342 1684 429 1752; x_wconf 81' lang='lat' dir='ltr'><strong>affici</strong></span> <span class='ocrx_word' id='word_1_202' title='bbox 458 1704 517 1770; x_wconf 88' lang='lat' dir='ltr'><strong>par</strong></span> <span class='ocrx_word' id='word_1_203' title='bbox 545 1694 611 1762; x_wconf 90' lang='lat' dir='ltr'><strong>est,</strong></span> <span class='ocrx_word' id='word_1_204' title='bbox 628 1755 629 1760; x_wconf 40' lang='lat'><strong>.</strong></span> <span class='ocrx_word' id='word_1_205' title='bbox 646 1705 683 1751; x_wconf 88' lang='lat' dir='ltr'><strong>ae</strong></span> <span class='ocrx_word' id='word_1_206' title='bbox 716 1684 744 1750; x_wconf 89' lang='lat' dir='ltr'><strong>si</strong></span> <span class='ocrx_word' id='word_1_207' title='bbox 781 1705 928 1770; x_wconf 85' lang='lat' dir='ltr'><strong>gererem</strong></span> <span class='ocrx_word' id='word_1_208' title='bbox 959 1685 1104 1749; x_wconf 91' lang='lat' dir='ltr'><strong>omnium</strong></span> <span class='ocrx_word' id='word_1_209' title='bbox 1131 1704 1315 1769; x_wconf 85' lang='lat' dir='ltr'><strong>personum.</strong></span> <span class='ocrx_word' id='word_1_210' title='bbox 1367 1705 1445 1751; x_wconf 85' lang='lat' dir='ltr'><strong>mox</strong></span> <span class='ocrx_word' id='word_1_211' title='bbox 1479 1682 1608 1750; x_wconf 86' lang='lat' dir='ltr'><strong>subiicit</strong></span> <span class='ocrx_word' id='word_1_212' title='bbox 1637 1685 1760 1768; x_wconf 74' lang='lat' dir='ltr'><strong>Moses,</strong></span> <span class='ocrx_word' id='word_1_213' title='bbox 1795 1704 1845 1750; x_wconf 82' lang='lat' dir='ltr'><strong>eoa</strong></span> <span class='ocrx_word' id='word_1_214' title='bbox 1870 1684 2037 1749; x_wconf 81' lang='lat' dir='ltr'><strong>comedisse</strong></span> <span class='ocrx_word' id='word_1_215' title='bbox 2065 1703 2161 1766; x_wconf 81' lang='lat' dir='ltr'><strong>super</strong></span> <span class='ocrx_word' id='word_1_216' title='bbox 2186 1701 2341 1765; x_wconf 74' lang='grc' dir='ltr'>αιιιιιιιι,</span> 
     </span>
     <span class='ocr_line' id='line_1_16' title="bbox 341 1769 2342 1854; baseline -0.001 -16"><span class='ocrx_word' id='word_1_217' title='bbox 341 1771 485 1838; x_wconf 91' lang='lat' dir='ltr'><strong>Perinde</strong></span> <span class='ocrx_word' id='word_1_218' title='bbox 518 1772 583 1836; x_wconf 93' lang='lat' dir='ltr'><strong>iam</strong></span> <span class='ocrx_word' id='word_1_219' title='bbox 617 1769 790 1853; x_wconf 88' lang='lat' dir='ltr'><strong>respondet</strong></span> <span class='ocrx_word' id='word_1_220' title='bbox 823 1779 919 1854; x_wconf 84' lang='lat' dir='ltr'><strong>atque</strong></span> <span class='ocrx_word' id='word_1_221' title='bbox 957 1770 1053 1836; x_wconf 91' lang='lat' dir='ltr'><strong>homo</strong></span> <span class='ocrx_word' id='word_1_222' title='bbox 1089 1770 1314 1854; x_wconf 87' lang='lat' dir='ltr'><strong>aequissimus.</strong></span> <span class='ocrx_word' id='word_1_223' title='bbox 1367 1792 1433 1836; x_wconf 92' lang='lat' dir='ltr'><strong>non</strong></span> <span class='ocrx_word' id='word_1_224' title='bbox 1456 1769 1607 1836; x_wconf 91' lang='lat' dir='ltr'><strong>observat</strong></span> <span class='ocrx_word' id='word_1_225' title='bbox 1625 1769 1783 1834; x_wconf 89' lang='lat' dir='ltr'><strong>historiae</strong></span> <span class='ocrx_word' id='word_1_226' title='bbox 1803 1769 1930 1834; x_wconf 89' lang='lat' dir='ltr'><strong>seriem.</strong></span> <span class='ocrx_word' id='word_1_227' title='bbox 1953 1769 2053 1834; x_wconf 90' lang='lat' dir='ltr'><strong>Prius</strong></span> <span class='ocrx_word' id='word_1_228' title='bbox 2075 1771 2162 1834; x_wconf 89' lang='lat' dir='ltr'><strong>euim</strong></span> <span class='ocrx_word' id='word_1_229' title='bbox 2185 1771 2342 1854; x_wconf 84' lang='lat' dir='ltr'><strong>utrinque</strong></span> 
     </span>
     <span class='ocr_line' id='line_1_17' title="bbox 342 1854 2342 1941; baseline -0.002 -17"><span class='ocrx_word' id='word_1_230' title='bbox 342 1857 439 1924; x_wconf 89' lang='lat' dir='ltr'><strong>Unde</strong></span> <span class='ocrx_word' id='word_1_231' title='bbox 469 1865 577 1921; x_wconf 86' lang='lat' dir='ltr'><strong>autem</strong></span> <span class='ocrx_word' id='word_1_232' title='bbox 607 1864 675 1921; x_wconf 85' lang='lat' dir='ltr'><strong>tam</strong></span> <span class='ocrx_word' id='word_1_233' title='bbox 704 1863 840 1939; x_wconf 88' lang='lat' dir='ltr'><strong>repente</strong></span> <span class='ocrx_word' id='word_1_234' title='bbox 867 1855 915 1920; x_wconf 92' lang='lat' dir='ltr'><strong>illi</strong></span> <span class='ocrx_word' id='word_1_235' title='bbox 935 1863 1013 1920; x_wconf 88' lang='lat' dir='ltr'><strong>nata</strong></span> <span class='ocrx_word' id='word_1_236' title='bbox 1033 1854 1237 1936; x_wconf 89' lang='lat' dir='ltr'><strong>humanitas,</strong></span> <span class='ocrx_word' id='word_1_237' title='bbox 1260 1857 1316 1940; x_wconf 93' lang='lat' dir='ltr'><strong>qui</strong></span> <span class='ocrx_word' id='word_1_238' title='bbox 1366 1865 1481 1941; x_wconf 89' lang='lat' dir='ltr'><strong>pactae</strong></span> <span class='ocrx_word' id='word_1_239' title='bbox 1502 1862 1581 1921; x_wconf 91' lang='lat' dir='ltr'><strong>sunt</strong></span> <span class='ocrx_word' id='word_1_240' title='bbox 1603 1877 1641 1922; x_wconf 90' lang='lat' dir='ltr'><strong>ao</strong></span> <span class='ocrx_word' id='word_1_241' title='bbox 1667 1854 1773 1921; x_wconf 89' lang='lat' dir='ltr'><strong>diotae</strong></span> <span class='ocrx_word' id='word_1_242' title='bbox 1801 1855 1890 1937; x_wconf 83' lang='lat' dir='ltr'><strong>leges</strong></span> <span class='ocrx_word' id='word_1_243' title='bbox 1918 1875 2017 1938; x_wconf 90' lang='lat' dir='ltr'><strong>quam</strong></span> <span class='ocrx_word' id='word_1_244' title='bbox 2038 1854 2239 1921; x_wconf 88' lang='lat' dir='ltr'><strong>celebratum</strong></span> <span class='ocrx_word' id='word_1_245' title='bbox 2265 1877 2342 1923; x_wconf 92' lang='lat' dir='ltr'><strong>con·</strong></span> 
     </span>
     <span class='ocr_line' id='line_1_18' title="bbox 342 1939 2342 2028; baseline 0.001 -21"><span class='ocrx_word' id='word_1_246' title='bbox 342 1963 450 2026; x_wconf 88' lang='lat' dir='ltr'><strong>nuper</strong></span> <span class='ocrx_word' id='word_1_247' title='bbox 469 1942 561 2006; x_wconf 89' lang='lat' dir='ltr'><strong>nullo</strong></span> <span class='ocrx_word' id='word_1_248' title='bbox 589 1941 669 2008; x_wconf 89' lang='lat' dir='ltr'><strong>recti</strong></span> <span class='ocrx_word' id='word_1_249' title='bbox 698 1941 752 2006; x_wconf 95' lang='lat' dir='ltr'><strong>vel</strong></span> <span class='ocrx_word' id='word_1_250' title='bbox 781 1943 875 2025; x_wconf 91' lang='lat' dir='ltr'><strong>pravi</strong></span> <span class='ocrx_word' id='word_1_251' title='bbox 904 1939 1046 2022; x_wconf 89' lang='lat' dir='ltr'><strong>delectu,</strong></span> <span class='ocrx_word' id='word_1_252' title='bbox 1073 1942 1109 2006; x_wconf 95' lang='lat' dir='ltr'><strong>in</strong></span> <span class='ocrx_word' id='word_1_253' title='bbox 1136 1942 1316 2027; x_wconf 91' lang='lat' dir='ltr'><strong>perniciem</strong></span> <span class='ocrx_word' id='word_1_254' title='bbox 1368 1942 1506 2008; x_wconf 90' lang='lat' dir='ltr'><strong>vivium:</strong></span> <span class='ocrx_word' id='word_1_255' title='bbox 1538 1940 1596 2007; x_wconf 89' lang='lat' dir='ltr'><strong>sed</strong></span> <span class='ocrx_word' id='word_1_256' title='bbox 1623 1941 1702 2008; x_wconf 90' lang='lat' dir='ltr'><strong>baec</strong></span> <span class='ocrx_word' id='word_1_257' title='bbox 1731 1942 1838 2026; x_wconf 86' lang='lat' dir='ltr'><strong>figura</strong></span> <span class='ocrx_word' id='word_1_258' title='bbox 1868 1939 1919 2027; x_wconf 90' lang='lat' dir='ltr'><strong>(ut</strong></span> <span class='ocrx_word' id='word_1_259' title='bbox 1955 1942 2045 2025; x_wconf 91' lang='lat' dir='ltr'><strong>prius</strong></span> <span class='ocrx_word' id='word_1_260' title='bbox 2073 1939 2231 2028; x_wconf 88' lang='lat' dir='ltr'><strong>vidimus)</strong></span> <span class='ocrx_word' id='word_1_261' title='bbox 2260 1943 2342 2009; x_wconf 88' lang='lat' dir='ltr'><strong>satie</strong></span> 
     </span>
     <span class='ocr_line' id='line_1_19' title="bbox 342 2026 1570 2111; baseline -0.002 -18"><span class='ocrx_word' id='word_1_262' title='bbox 342 2028 441 2095; x_wconf 88' lang='lat' dir='ltr'><strong>Iacob</strong></span> <span class='ocrx_word' id='word_1_263' title='bbox 463 2028 660 2110; x_wconf 89' lang='lat' dir='ltr'><strong>rapiebatur,</strong></span> <span class='ocrx_word' id='word_1_264' title='bbox 683 2027 746 2093; x_wconf 89' lang='lat' dir='ltr'><strong>nisi</strong></span> <span class='ocrx_word' id='word_1_265' title='bbox 767 2027 853 2111; x_wconf 93' lang='lat' dir='ltr'><strong>quod</strong></span> <span class='ocrx_word' id='word_1_266' title='bbox 870 2029 1016 2111; x_wconf 88' lang='lat' dir='ltr'><strong>agnoseit</strong></span> <span class='ocrx_word' id='word_1_267' title='bbox 1034 2026 1131 2093; x_wconf 88' lang='lat' dir='ltr'><strong>Iacob</strong></span> <span class='ocrx_word' id='word_1_268' title='bbox 1149 2028 1234 2093; x_wconf 90' lang='lat' dir='ltr'><strong>bona</strong></span> <span class='ocrx_word' id='word_1_269' title='bbox 1251 2027 1315 2093; x_wconf 89' lang='lat' dir='ltr'><strong>fide</strong></span> <span class='ocrx_word' id='word_1_270' title='bbox 1367 2027 1489 2094; x_wconf 86' lang='lat' dir='ltr'><strong>usitata</strong></span> <span class='ocrx_word' id='word_1_271' title='bbox 1511 2034 1570 2092; x_wconf 90' lang='lat' dir='ltr'><strong>est.</strong></span> 
     </span>
     <span class='ocr_line' id='line_1_20' title="bbox 343 2110 2341 2198; baseline -0.002 -17"><span class='ocrx_word' id='word_1_272' title='bbox 343 2134 452 2182; x_wconf 86' lang='lat' dir='ltr'><strong>seeum</strong></span> <span class='ocrx_word' id='word_1_273' title='bbox 472 2114 592 2198; x_wconf 82' lang='lat' dir='ltr'><strong>egisse,</strong></span> <span class='ocrx_word' id='word_1_274' title='bbox 616 2124 649 2178; x_wconf 94' lang='lat' dir='ltr'><strong>et</strong></span> <span class='ocrx_word' id='word_1_275' title='bbox 671 2110 802 2177; x_wconf 90' lang='lat' dir='ltr'><strong>tandem</strong></span> <span class='ocrx_word' id='word_1_276' title='bbox 825 2113 1018 2179; x_wconf 86' lang='lat' dir='ltr'><strong>necessitate</strong></span> <span class='ocrx_word' id='word_1_277' title='bbox 1042 2113 1143 2178; x_wconf 83' lang='lat' dir='ltr'><strong>fuisse</strong></span> <span class='ocrx_word' id='word_1_278' title='bbox 1166 2121 1315 2179; x_wconf 89' lang='lat' dir='ltr'><strong>coactum</strong></span> <span class='ocrx_word' id='word_1_279' title='bbox 1451 2113 1503 2178; x_wconf 82' lang='grc'><strong>47.</strong></span> <span class='ocrx_word' id='word_1_280' title='bbox 1534 2111 1579 2178; x_wconf 76' lang='lat' dir='ltr'><strong>Et</strong></span> <span class='ocrx_word' id='word_1_281' title='bbox 1600 2113 1718 2178; x_wconf 78' lang='lat' dir='ltr'><strong>vomuit</strong></span> <span class='ocrx_word' id='word_1_282' title='bbox 1739 2132 1808 2178; x_wconf 67' lang='lat' dir='ltr'><strong>mm</strong></span> <span class='ocrx_word' id='word_1_283' title='bbox 1827 2111 1948 2178; x_wconf 79' lang='lat' dir='ltr'><strong>Lobou</strong></span> <span class='ocrx_word' id='word_1_284' title='bbox 1982 2111 2107 2179; x_wconf 82' lang='lat' dir='ltr'><strong>Eodem</strong></span> <span class='ocrx_word' id='word_1_285' title='bbox 2129 2133 2228 2178; x_wconf 87' lang='lat' dir='ltr'><strong>sensu</strong></span> <span class='ocrx_word' id='word_1_286' title='bbox 2251 2121 2341 2178; x_wconf 76' lang='lat' dir='ltr'><strong>nter</strong></span> 
     </span>
     <span class='ocr_line' id='line_1_21' title="bbox 343 2197 2342 2283; baseline -0.001 -18"><span class='ocrx_word' id='word_1_287' title='bbox 343 2208 381 2265; x_wconf 89' lang='lat' dir='ltr'><strong>ut</strong></span> <span class='ocrx_word' id='word_1_288' title='bbox 401 2199 572 2266; x_wconf 87' lang='lat' dir='ltr'><strong>consilium</strong></span> <span class='ocrx_word' id='word_1_289' title='bbox 594 2198 656 2264; x_wconf 91' lang='lat' dir='ltr'><strong>hoc</strong></span> <span class='ocrx_word' id='word_1_290' title='bbox 679 2197 793 2264; x_wconf 82' lang='lat' dir='ltr'><strong>furtivi</strong></span> <span class='ocrx_word' id='word_1_291' title='bbox 815 2197 977 2265; x_wconf 84' lang='lat' dir='ltr'><strong>discessus</strong></span> <span class='ocrx_word' id='word_1_292' title='bbox 999 2199 1153 2282; x_wconf 89' lang='lat' dir='ltr'><strong>caperet?</strong></span> <span class='ocrx_word' id='word_1_293' title='bbox 1207 2203 1315 2282; x_wconf 82' lang='lat' dir='ltr'><strong>Atque</strong></span> <span class='ocrx_word' id='word_1_294' title='bbox 1366 2220 1429 2283; x_wconf 92' lang='lat' dir='ltr'><strong>que</strong></span> <span class='ocrx_word' id='word_1_295' title='bbox 1451 2218 1568 2263; x_wconf 91' lang='lat' dir='ltr'><strong>nomen</strong></span> <span class='ocrx_word' id='word_1_296' title='bbox 1592 2219 1633 2263; x_wconf 92' lang='lat' dir='ltr'><strong>ex</strong></span> <span class='ocrx_word' id='word_1_297' title='bbox 1659 2218 1719 2264; x_wconf 93' lang='lat' dir='ltr'><strong>sna</strong></span> <span class='ocrx_word' id='word_1_298' title='bbox 1743 2199 1859 2283; x_wconf 90' lang='lat' dir='ltr'><strong>lingua</strong></span> <span class='ocrx_word' id='word_1_299' title='bbox 1888 2198 2014 2264; x_wconf 89' lang='lat' dir='ltr'><strong>tumulo</strong></span> <span class='ocrx_word' id='word_1_300' title='bbox 2042 2198 2190 2282; x_wconf 90' lang='lat' dir='ltr'><strong>imponit.</strong></span> <span class='ocrx_word' id='word_1_301' title='bbox 2242 2198 2342 2265; x_wconf 91' lang='lat' dir='ltr'><strong>Unde</strong></span> 
     </span>
     <span class='ocr_line' id='line_1_22' title="bbox 343 2282 2342 2369; baseline 0 -19"><span class='ocrx_word' id='word_1_302' title='bbox 343 2286 404 2352; x_wconf 91' lang='lat' dir='ltr'><strong>hoo</strong></span> <span class='ocrx_word' id='word_1_303' title='bbox 433 2285 495 2350; x_wconf 85' lang='lat' dir='ltr'><strong>fnit</strong></span> <span class='ocrx_word' id='word_1_304' title='bbox 527 2285 657 2368; x_wconf 89' lang='lat' dir='ltr'><strong>signum</strong></span> <span class='ocrx_word' id='word_1_305' title='bbox 691 2284 834 2349; x_wconf 91' lang='lat' dir='ltr'><strong>hominis</strong></span> <span class='ocrx_word' id='word_1_306' title='bbox 873 2305 939 2350; x_wconf 93' lang='lat' dir='ltr'><strong>non</strong></span> <span class='ocrx_word' id='word_1_307' title='bbox 974 2305 1109 2368; x_wconf 90' lang='lat' dir='ltr'><strong>prorsus</strong></span> <span class='ocrx_word' id='word_1_308' title='bbox 1138 2285 1314 2368; x_wconf 89' lang='lat' dir='ltr'><strong>desperati:</strong></span> <span class='ocrx_word' id='word_1_309' title='bbox 1366 2293 1501 2369; x_wconf 89' lang='lat' dir='ltr'><strong>apparet</strong></span> <span class='ocrx_word' id='word_1_310' title='bbox 1522 2284 1638 2349; x_wconf 86' lang='lat' dir='ltr'><strong>Laban</strong></span> <span class='ocrx_word' id='word_1_311' title='bbox 1661 2304 1759 2349; x_wconf 92' lang='lat' dir='ltr'><strong>usum</strong></span> <span class='ocrx_word' id='word_1_312' title='bbox 1780 2283 1880 2348; x_wconf 81' lang='lat' dir='ltr'><strong>fnisse</strong></span> <span class='ocrx_word' id='word_1_313' title='bbox 1901 2282 2017 2369; x_wconf 90' lang='lat' dir='ltr'><strong>lingua</strong></span> <span class='ocrx_word' id='word_1_314' title='bbox 2037 2285 2171 2368; x_wconf 73' lang='lat' dir='ltr'><strong>symona,</strong></span> <span class='ocrx_word' id='word_1_315' title='bbox 2190 2285 2342 2368; x_wconf 88' lang='lat' dir='ltr'><strong>quamvis</strong></span> 
     </span>
     <span class='ocr_line' id='line_1_23' title="bbox 342 2369 2341 2456; baseline -0.001 -20"><span class='ocrx_word' id='word_1_316' title='bbox 342 2391 420 2436; x_wconf 92' lang='lat' dir='ltr'><strong>nam</strong></span> <span class='ocrx_word' id='word_1_317' title='bbox 451 2370 574 2435; x_wconf 90' lang='lat' dir='ltr'><strong>multos</strong></span> <span class='ocrx_word' id='word_1_318' title='bbox 603 2390 735 2436; x_wconf 89' lang='lat' dir='ltr'><strong>cernere</strong></span> <span class='ocrx_word' id='word_1_319' title='bbox 761 2369 837 2436; x_wconf 90' lang='lat' dir='ltr'><strong>linet</strong></span> <span class='ocrx_word' id='word_1_320' title='bbox 867 2378 935 2435; x_wconf 88' lang='lat' dir='ltr'><strong>tam</strong></span> <span class='ocrx_word' id='word_1_321' title='bbox 970 2369 1116 2453; x_wconf 89' lang='lat' dir='ltr'><strong>perditae</strong></span> <span class='ocrx_word' id='word_1_322' title='bbox 1144 2369 1315 2456; x_wconf 90' lang='lat' dir='ltr'><strong>impuden-</strong></span> <span class='ocrx_word' id='word_1_323' title='bbox 1366 2393 1408 2436; x_wconf 87' lang='lat' dir='ltr'><strong>ex</strong></span> <span class='ocrx_word' id='word_1_324' title='bbox 1429 2390 1550 2453; x_wconf 81' lang='lat' dir='ltr'><strong>genere</strong></span> <span class='ocrx_word' id='word_1_325' title='bbox 1570 2369 1684 2434; x_wconf 90' lang='lat' dir='ltr'><strong>Heber</strong></span> <span class='ocrx_word' id='word_1_326' title='bbox 1706 2380 1790 2435; x_wconf 89' lang='lat' dir='ltr'><strong>esset</strong></span> <span class='ocrx_word' id='word_1_327' title='bbox 1812 2371 2011 2452; x_wconf 88' lang='lat' dir='ltr'><strong>progenitus.</strong></span> <span class='ocrx_word' id='word_1_328' title='bbox 2044 2369 2110 2437; x_wconf 85' lang='lat' dir='ltr'><strong>Sed</strong></span> <span class='ocrx_word' id='word_1_329' title='bbox 2128 2391 2193 2435; x_wconf 93' lang='lat' dir='ltr'><strong>non</strong></span> <span class='ocrx_word' id='word_1_330' title='bbox 2218 2371 2341 2435; x_wconf 91' lang='lat' dir='ltr'><strong>mirum</strong></span> 
     </span>
     <span class='ocr_line' id='line_1_24' title="bbox 343 2453 2341 2540; baseline -0.001 -19"><span class='ocrx_word' id='word_1_331' title='bbox 343 2457 426 2534; x_wconf 89' lang='lat' dir='ltr'><strong>tiae,</strong></span> <span class='ocrx_word' id='word_1_332' title='bbox 455 2462 494 2521; x_wconf 94' lang='lat' dir='ltr'><strong>ut</strong></span> <span class='ocrx_word' id='word_1_333' title='bbox 514 2455 696 2521; x_wconf 89' lang='lat' dir='ltr'><strong>rationibus</strong></span> <span class='ocrx_word' id='word_1_334' title='bbox 723 2455 802 2521; x_wconf 91' lang='lat' dir='ltr'><strong>victi</strong></span> <span class='ocrx_word' id='word_1_335' title='bbox 831 2463 865 2521; x_wconf 91' lang='lat' dir='ltr'><strong>et</strong></span> <span class='ocrx_word' id='word_1_336' title='bbox 891 2456 1019 2534; x_wconf 89' lang='lat' dir='ltr'><strong>obruti,</strong></span> <span class='ocrx_word' id='word_1_337' title='bbox 1048 2455 1180 2540; x_wconf 86' lang='lat' dir='ltr'><strong>stupida</strong></span> <span class='ocrx_word' id='word_1_338' title='bbox 1204 2465 1315 2522; x_wconf 84' lang='lat' dir='ltr'><strong>tamen</strong></span> <span class='ocrx_word' id='word_1_339' title='bbox 1366 2465 1416 2522; x_wconf 92' lang='lat' dir='ltr'><strong>est</strong></span> <span class='ocrx_word' id='word_1_340' title='bbox 1444 2454 1528 2538; x_wconf 91' lang='lat' dir='ltr'><strong>quod</strong></span> <span class='ocrx_word' id='word_1_341' title='bbox 1558 2456 1645 2520; x_wconf 91' lang='lat' dir='ltr'><strong>inter</strong></span> <span class='ocrx_word' id='word_1_342' title='bbox 1674 2453 1777 2540; x_wconf 73' lang='lat' dir='ltr'><strong>syros</strong></span> <span class='ocrx_word' id='word_1_343' title='bbox 1806 2454 1975 2535; x_wconf 88' lang='lat' dir='ltr'><strong>habitans,</strong></span> <span class='ocrx_word' id='word_1_344' title='bbox 1999 2464 2066 2520; x_wconf 88' lang='lat' dir='ltr'><strong>tam</strong></span> <span class='ocrx_word' id='word_1_345' title='bbox 2087 2455 2220 2540; x_wconf 88' lang='lat' dir='ltr'><strong>linguae</strong></span> <span class='ocrx_word' id='word_1_346' title='bbox 2243 2475 2341 2538; x_wconf 88' lang='lat' dir='ltr'><strong>quam</strong></span> 
     </span>
     <span class='ocr_line' id='line_1_25' title="bbox 343 2539 2342 2626; baseline -0.002 -17"><span class='ocrx_word' id='word_1_347' title='bbox 343 2543 545 2609; x_wconf 87' lang='lat' dir='ltr'><strong>contumacia</strong></span> <span class='ocrx_word' id='word_1_348' title='bbox 567 2562 661 2606; x_wconf 88' lang='lat' dir='ltr'><strong>ruere</strong></span> <span class='ocrx_word' id='word_1_349' title='bbox 683 2561 750 2606; x_wconf 92' lang='lat' dir='ltr'><strong>non</strong></span> <span class='ocrx_word' id='word_1_350' title='bbox 780 2541 938 2607; x_wconf 88' lang='lat' dir='ltr'><strong>desinant.</strong></span> <span class='ocrx_word' id='word_1_351' title='bbox 984 2540 1178 2626; x_wconf 82' lang='lat' dir='ltr'><strong>Oolligimue</strong></span> <span class='ocrx_word' id='word_1_352' title='bbox 1205 2553 1315 2608; x_wconf 88' lang='lat' dir='ltr'><strong>autem</strong></span> <span class='ocrx_word' id='word_1_353' title='bbox 1367 2541 1511 2622; x_wconf 88' lang='lat' dir='ltr'><strong>moribus</strong></span> <span class='ocrx_word' id='word_1_354' title='bbox 1532 2541 1639 2626; x_wconf 88' lang='lat' dir='ltr'><strong>gentis</strong></span> <span class='ocrx_word' id='word_1_355' title='bbox 1661 2539 1849 2606; x_wconf 86' lang='lat' dir='ltr'><strong>assueverit.</strong></span> <span class='ocrx_word' id='word_1_356' title='bbox 1892 2541 1937 2605; x_wconf 83' lang='lat' dir='ltr'><strong>Et</strong></span> <span class='ocrx_word' id='word_1_357' title='bbox 1958 2542 2057 2625; x_wconf 91' lang='lat' dir='ltr'><strong>paulo</strong></span> <span class='ocrx_word' id='word_1_358' title='bbox 2078 2551 2154 2607; x_wconf 89' lang='lat' dir='ltr'><strong>aute</strong></span> <span class='ocrx_word' id='word_1_359' title='bbox 2176 2541 2227 2606; x_wconf 91' lang='lat' dir='ltr'><strong>bis</strong></span> <span class='ocrx_word' id='word_1_360' title='bbox 2245 2561 2342 2608; x_wconf 86' lang='lat' dir='ltr'><strong>voca·</strong></span> 
     </span>
     <span class='ocr_line' id='line_1_26' title="bbox 343 2624 2342 2712; baseline -0.001 -19"><span class='ocrx_word' id='word_1_361' title='bbox 343 2649 386 2694; x_wconf 89' lang='lat' dir='ltr'><strong>ex</strong></span> <span class='ocrx_word' id='word_1_362' title='bbox 407 2627 574 2705; x_wconf 90' lang='lat' dir='ltr'><strong>hocloco,</strong></span> <span class='ocrx_word' id='word_1_363' title='bbox 605 2627 681 2693; x_wconf 89' lang='lat' dir='ltr'><strong>licet</strong></span> <span class='ocrx_word' id='word_1_364' title='bbox 711 2627 849 2692; x_wconf 88' lang='lat' dir='ltr'><strong>avaritia</strong></span> <span class='ocrx_word' id='word_1_365' title='bbox 871 2627 1080 2711; x_wconf 78' lang='lat' dir='ltr'><strong>perversique</strong></span> <span class='ocrx_word' id='word_1_366' title='bbox 1102 2626 1157 2693; x_wconf 89' lang='lat' dir='ltr'><strong>alii</strong></span> <span class='ocrx_word' id='word_1_367' title='bbox 1180 2629 1315 2694; x_wconf 89' lang='lat' dir='ltr'><strong>affectus</strong></span> <span class='ocrx_word' id='word_1_368' title='bbox 1367 2636 1420 2694; x_wconf 89' lang='lat' dir='ltr'><strong>tus</strong></span> <span class='ocrx_word' id='word_1_369' title='bbox 1442 2634 1495 2693; x_wconf 89' lang='lat' dir='ltr'><strong>est</strong></span> <span class='ocrx_word' id='word_1_370' title='bbox 1516 2624 1639 2710; x_wconf 82' lang='lat' dir='ltr'><strong>Syrus:</strong></span> <span class='ocrx_word' id='word_1_371' title='bbox 1669 2647 1707 2692; x_wconf 88' lang='lat' dir='ltr'><strong>ao</strong></span> <span class='ocrx_word' id='word_1_372' title='bbox 1729 2626 1756 2692; x_wconf 90' lang='lat' dir='ltr'><strong>si</strong></span> <span class='ocrx_word' id='word_1_373' title='bbox 1779 2625 1888 2692; x_wconf 81' lang='lat' dir='ltr'><strong>Moses</strong></span> <span class='ocrx_word' id='word_1_374' title='bbox 1911 2625 2105 2712; x_wconf 80' lang='lat' dir='ltr'><strong>degenerem</strong></span> <span class='ocrx_word' id='word_1_375' title='bbox 2134 2637 2168 2692; x_wconf 91' lang='lat' dir='ltr'><strong>et</strong></span> <span class='ocrx_word' id='word_1_376' title='bbox 2196 2627 2342 2692; x_wconf 88' lang='lat' dir='ltr'><strong>alienum</strong></span> 
     </span>
     <span class='ocr_line' id='line_1_27' title="bbox 342 2709 2341 2797; baseline -0.001 -17"><span class='ocrx_word' id='word_1_377' title='bbox 342 2712 500 2780; x_wconf 91' lang='lat' dir='ltr'><strong>iudicium</strong></span> <span class='ocrx_word' id='word_1_378' title='bbox 522 2719 558 2778; x_wconf 92' lang='lat' dir='ltr'><strong>et</strong></span> <span class='ocrx_word' id='word_1_379' title='bbox 577 2733 693 2778; x_wconf 86' lang='lat' dir='ltr'><strong>sanam</strong></span> <span class='ocrx_word' id='word_1_380' title='bbox 715 2720 858 2778; x_wconf 84' lang='lat' dir='ltr'><strong>mentem</strong></span> <span class='ocrx_word' id='word_1_381' title='bbox 880 2713 1028 2797; x_wconf 86' lang='lat' dir='ltr'><strong>eripiant,</strong></span> <span class='ocrx_word' id='word_1_382' title='bbox 1051 2733 1184 2778; x_wconf 91' lang='lat' dir='ltr'><strong>manere</strong></span> <span class='ocrx_word' id='word_1_383' title='bbox 1204 2721 1315 2780; x_wconf 88' lang='lat' dir='ltr'><strong>tamen</strong></span> <span class='ocrx_word' id='word_1_384' title='bbox 1367 2714 1407 2779; x_wconf 89' lang='lat' dir='ltr'><strong>ab</strong></span> <span class='ocrx_word' id='word_1_385' title='bbox 1429 2713 1590 2778; x_wconf 90' lang='lat' dir='ltr'><strong>Hebraeis</strong></span> <span class='ocrx_word' id='word_1_386' title='bbox 1619 2711 1762 2778; x_wconf 83' lang='lat' dir='ltr'><strong>dixisset.</strong></span> <span class='ocrx_word' id='word_1_387' title='bbox 1811 2709 1880 2778; x_wconf 82' lang='lat' dir='ltr'><strong>Sed</strong></span> <span class='ocrx_word' id='word_1_388' title='bbox 1906 2711 1968 2778; x_wconf 91' lang='lat' dir='ltr'><strong>hon</strong></span> <span class='ocrx_word' id='word_1_389' title='bbox 1996 2713 2155 2796; x_wconf 91' lang='lat' dir='ltr'><strong>superiori</strong></span> <span class='ocrx_word' id='word_1_390' title='bbox 2183 2711 2341 2778; x_wconf 86' lang='lat' dir='ltr'><strong>historiae</strong></span> 
     </span>
     <span class='ocr_line' id='line_1_28' title="bbox 343 2796 2340 2884; baseline -0.001 -19"><span class='ocrx_word' id='word_1_391' title='bbox 343 2799 514 2865; x_wconf 89' lang='lat' dir='ltr'><strong>inanimis</strong></span> <span class='ocrx_word' id='word_1_392' title='bbox 537 2798 707 2863; x_wconf 92' lang='lat' dir='ltr'><strong>hominum</strong></span> <span class='ocrx_word' id='word_1_393' title='bbox 729 2798 927 2882; x_wconf 88' lang='lat' dir='ltr'><strong>insculptam</strong></span> <span class='ocrx_word' id='word_1_394' title='bbox 950 2801 1018 2863; x_wconf 90' lang='lat' dir='ltr'><strong>veri</strong></span> <span class='ocrx_word' id='word_1_395' title='bbox 1040 2798 1200 2879; x_wconf 88' lang='lat' dir='ltr'><strong>notitiam,</strong></span> <span class='ocrx_word' id='word_1_396' title='bbox 1233 2819 1315 2884; x_wconf 90' lang='lat' dir='ltr'><strong>quae</strong></span> <span class='ocrx_word' id='word_1_397' title='bbox 1366 2799 1502 2864; x_wconf 92' lang='lat' dir='ltr'><strong>minimo</strong></span> <span class='ocrx_word' id='word_1_398' title='bbox 1524 2817 1705 2880; x_wconf 83' lang='lat' dir='ltr'><strong>congruere</strong></span> <span class='ocrx_word' id='word_1_399' title='bbox 1722 2797 1864 2875; x_wconf 88' lang='lat' dir='ltr'><strong>videtur,</strong></span> <span class='ocrx_word' id='word_1_400' title='bbox 1886 2797 1940 2864; x_wconf 91' lang='lat' dir='ltr'><strong>ubi</strong></span> <span class='ocrx_word' id='word_1_401' title='bbox 1958 2796 2099 2883; x_wconf 87' lang='lat' dir='ltr'><strong>legimns</strong></span> <span class='ocrx_word' id='word_1_402' title='bbox 2120 2798 2205 2863; x_wconf 89' lang='lat' dir='ltr'><strong>filias</strong></span> <span class='ocrx_word' id='word_1_403' title='bbox 2223 2796 2340 2864; x_wconf 85' lang='lat' dir='ltr'><strong>Labau</strong></span> 
     </span>
     <span class='ocr_line' id='line_1_29' title="bbox 343 2881 2341 2970; baseline -0.001 -18"><span class='ocrx_word' id='word_1_404' title='bbox 343 2883 502 2970; x_wconf 65' lang='lat' dir='ltr'><strong>sfl&#39;ntillas</strong></span> <span class='ocrx_word' id='word_1_405' title='bbox 525 2883 668 2949; x_wconf 85' lang='lat' dir='ltr'><strong>excitata</strong></span> <span class='ocrx_word' id='word_1_406' title='bbox 690 2884 819 2962; x_wconf 88' lang='lat' dir='ltr'><strong>emittit,</strong></span> <span class='ocrx_word' id='word_1_407' title='bbox 841 2884 905 2949; x_wconf 90' lang='lat' dir='ltr'><strong>nisi</strong></span> <span class='ocrx_word' id='word_1_408' title='bbox 926 2885 963 2949; x_wconf 91' lang='lat' dir='ltr'><strong>in</strong></span> <span class='ocrx_word' id='word_1_409' title='bbox 984 2892 1091 2950; x_wconf 89' lang='lat' dir='ltr'><strong>totum</strong></span> <span class='ocrx_word' id='word_1_410' title='bbox 1113 2885 1239 2950; x_wconf 89' lang='lat' dir='ltr'><strong>malitia</strong></span> <span class='ocrx_word' id='word_1_411' title='bbox 1260 2884 1314 2951; x_wconf 93' lang='lat' dir='ltr'><strong>do·</strong></span> <span class='ocrx_word' id='word_1_412' title='bbox 1367 2885 1560 2968; x_wconf 88' lang='lat' dir='ltr'><strong>imposuisse</strong></span> <span class='ocrx_word' id='word_1_413' title='bbox 1581 2881 1656 2948; x_wconf 88' lang='lat' dir='ltr'><strong>filiis</strong></span> <span class='ocrx_word' id='word_1_414' title='bbox 1677 2883 1745 2948; x_wconf 90' lang='lat' dir='ltr'><strong>suis</strong></span> <span class='ocrx_word' id='word_1_415' title='bbox 1767 2883 1920 2950; x_wconf 87' lang='lat' dir='ltr'><strong>hebraica</strong></span> <span class='ocrx_word' id='word_1_416' title='bbox 1941 2884 2083 2950; x_wconf 89' lang='lat' dir='ltr'><strong>nomina.</strong></span> <span class='ocrx_word' id='word_1_417' title='bbox 2138 2883 2270 2949; x_wconf 86' lang='lat' dir='ltr'><strong>Verum</strong></span> <span class='ocrx_word' id='word_1_418' title='bbox 2292 2905 2341 2950; x_wconf 88' lang='lat' dir='ltr'><strong>so·</strong></span> 
     </span>
     <span class='ocr_line' id='line_1_30' title="bbox 343 2967 2339 3055; baseline -0.001 -19"><span class='ocrx_word' id='word_1_419' title='bbox 343 2971 497 3036; x_wconf 89' lang='lat' dir='ltr'><strong>minetur.</strong></span> <span class='ocrx_word' id='word_1_420' title='bbox 526 2967 655 3052; x_wconf 84' lang='lat' dir='ltr'><strong>Siquis</strong></span> <span class='ocrx_word' id='word_1_421' title='bbox 675 2969 767 3053; x_wconf 86' lang='lat' dir='ltr'><strong>prins</strong></span> <span class='ocrx_word' id='word_1_422' title='bbox 789 2968 941 3036; x_wconf 85' lang='lat' dir='ltr'><strong>dixisset:</strong></span> <span class='ocrx_word' id='word_1_423' title='bbox 972 2969 1060 3052; x_wconf 80' lang='lat' dir='ltr'><strong>Quid</strong></span> <span class='ocrx_word' id='word_1_424' title='bbox 1082 2971 1152 3055; x_wconf 85' lang='lat' dir='ltr'><strong>agie</strong></span> <span class='ocrx_word' id='word_1_425' title='bbox 1173 2970 1313 3036; x_wconf 84' lang='lat' dir='ltr'><strong>Laban?</strong></span> <span class='ocrx_word' id='word_1_426' title='bbox 1367 2969 1448 3036; x_wconf 91' lang='lat' dir='ltr'><strong>lutio</strong></span> <span class='ocrx_word' id='word_1_427' title='bbox 1470 2990 1537 3034; x_wconf 92' lang='lat' dir='ltr'><strong>non</strong></span> <span class='ocrx_word' id='word_1_428' title='bbox 1558 2976 1610 3034; x_wconf 93' lang='grc' dir='ltr'><strong>ιιι</strong></span> <span class='ocrx_word' id='word_1_429' title='bbox 1630 2967 1787 3035; x_wconf 87' lang='lat' dir='ltr'><strong>difficilis:</strong></span> <span class='ocrx_word' id='word_1_430' title='bbox 1818 2989 1894 3033; x_wconf 88' lang='lat' dir='ltr'><strong>nam</strong></span> <span class='ocrx_word' id='word_1_431' title='bbox 1922 2989 2023 3053; x_wconf 90' lang='lat' dir='ltr'><strong>quum</strong></span> <span class='ocrx_word' id='word_1_432' title='bbox 2052 2989 2174 3055; x_wconf 88' lang='lat' dir='ltr'><strong>magna</strong></span> <span class='ocrx_word' id='word_1_433' title='bbox 2195 2969 2240 3035; x_wconf 88' lang='lat' dir='ltr'><strong>sit</strong></span> <span class='ocrx_word' id='word_1_434' title='bbox 2262 2969 2339 3036; x_wconf 86' lang='lat' dir='ltr'><strong>ista·</strong></span> 
     </span>
     <span class='ocr_line' id='line_1_31' title="bbox 342 3053 2339 3141; baseline -0.001 -20"><span class='ocrx_word' id='word_1_435' title='bbox 342 3077 507 3140; x_wconf 89' lang='lat' dir='ltr'><strong>quaenam</strong></span> <span class='ocrx_word' id='word_1_436' title='bbox 527 3055 593 3120; x_wconf 88' lang='lat' dir='ltr'><strong>iata</strong></span> <span class='ocrx_word' id='word_1_437' title='bbox 615 3054 737 3134; x_wconf 84' lang='lat' dir='ltr'><strong>feritas,</strong></span> <span class='ocrx_word' id='word_1_438' title='bbox 759 3065 873 3122; x_wconf 89' lang='lat' dir='ltr'><strong>contra</strong></span> <span class='ocrx_word' id='word_1_439' title='bbox 895 3057 1021 3122; x_wconf 86' lang='lat' dir='ltr'><strong>viscera</strong></span> <span class='ocrx_word' id='word_1_440' title='bbox 1042 3063 1100 3121; x_wconf 88' lang='lat' dir='ltr'><strong>tna</strong></span> <span class='ocrx_word' id='word_1_441' title='bbox 1121 3055 1314 3141; x_wconf 81' lang='lat' dir='ltr'><strong>insurgere?</strong></span> <span class='ocrx_word' id='word_1_442' title='bbox 1366 3077 1440 3122; x_wconf 89' lang='lat' dir='ltr'><strong>rum</strong></span> <span class='ocrx_word' id='word_1_443' title='bbox 1463 3055 1652 3140; x_wconf 87' lang='lat' dir='ltr'><strong>linguarum</strong></span> <span class='ocrx_word' id='word_1_444' title='bbox 1674 3054 1762 3119; x_wconf 87' lang='lat' dir='ltr'><strong>inter</strong></span> <span class='ocrx_word' id='word_1_445' title='bbox 1782 3074 1817 3120; x_wconf 89' lang='lat' dir='ltr'><strong>se</strong></span> <span class='ocrx_word' id='word_1_446' title='bbox 1837 3053 1995 3136; x_wconf 88' lang='lat' dir='ltr'><strong>affinitas,</strong></span> <span class='ocrx_word' id='word_1_447' title='bbox 2024 3055 2128 3122; x_wconf 83' lang='lat' dir='ltr'><strong>facilis</strong></span> <span class='ocrx_word' id='word_1_448' title='bbox 2156 3054 2221 3120; x_wconf 80' lang='lat' dir='ltr'><strong>fnit</strong></span> <span class='ocrx_word' id='word_1_449' title='bbox 2240 3057 2339 3121; x_wconf 85' lang='lat' dir='ltr'><strong>nnius</strong></span> 
     </span>
     <span class='ocr_line' id='line_1_32' title="bbox 344 3137 2339 3227; baseline 0 -21"><span class='ocrx_word' id='word_1_450' title='bbox 344 3141 481 3207; x_wconf 89' lang='lat' dir='ltr'><strong>minime</strong></span> <span class='ocrx_word' id='word_1_451' title='bbox 510 3140 626 3206; x_wconf 84' lang='lat' dir='ltr'><strong>fuisset</strong></span> <span class='ocrx_word' id='word_1_452' title='bbox 654 3140 799 3206; x_wconf 86' lang='lat' dir='ltr'><strong>auditus:</strong></span> <span class='ocrx_word' id='word_1_453' title='bbox 827 3140 998 3227; x_wconf 90' lang='lat' dir='ltr'><strong>praecipiti</strong></span> <span class='ocrx_word' id='word_1_454' title='bbox 1019 3141 1107 3207; x_wconf 90' lang='lat' dir='ltr'><strong>enim</strong></span> <span class='ocrx_word' id='word_1_455' title='bbox 1128 3143 1239 3208; x_wconf 87' lang='lat' dir='ltr'><strong>furore</strong></span> <span class='ocrx_word' id='word_1_456' title='bbox 1262 3163 1315 3208; x_wconf 87' lang='lat' dir='ltr'><strong>ar·</strong></span> <span class='ocrx_word' id='word_1_457' title='bbox 1367 3142 1457 3209; x_wconf 89' lang='lat' dir='ltr'><strong>vocis</strong></span> <span class='ocrx_word' id='word_1_458' title='bbox 1481 3142 1518 3206; x_wconf 91' lang='lat' dir='ltr'><strong>in</strong></span> <span class='ocrx_word' id='word_1_459' title='bbox 1540 3139 1677 3206; x_wconf 87' lang='lat' dir='ltr'><strong>alteram</strong></span> <span class='ocrx_word' id='word_1_460' title='bbox 1698 3140 1848 3221; x_wconf 91' lang='lat' dir='ltr'><strong>inflexio,</strong></span> <span class='ocrx_word' id='word_1_461' title='bbox 1871 3137 2004 3220; x_wconf 90' lang='lat' dir='ltr'><strong>deinde,</strong></span> <span class='ocrx_word' id='word_1_462' title='bbox 2024 3142 2052 3207; x_wconf 91' lang='lat' dir='ltr'><strong>si</strong></span> <span class='ocrx_word' id='word_1_463' title='bbox 2074 3141 2258 3226; x_wconf 86' lang='lat' dir='ltr'><strong>morigeras</strong></span> <span class='ocrx_word' id='word_1_464' title='bbox 2279 3141 2339 3206; x_wconf 89' lang='lat' dir='ltr'><strong>sibi</strong></span> 
     </span>
     <span class='ocr_line' id='line_1_33' title="bbox 344 3225 2337 3312; baseline -0.001 -20"><span class='ocrx_word' id='word_1_465' title='bbox 344 3226 452 3292; x_wconf 90' lang='lat' dir='ltr'><strong>debat.</strong></span> <span class='ocrx_word' id='word_1_466' title='bbox 502 3225 597 3293; x_wconf 90' lang='lat' dir='ltr'><strong>Nunc</strong></span> <span class='ocrx_word' id='word_1_467' title='bbox 619 3225 707 3291; x_wconf 90' lang='lat' dir='ltr'><strong>ultro</strong></span> <span class='ocrx_word' id='word_1_468' title='bbox 728 3226 797 3309; x_wconf 88' lang='lat' dir='ltr'><strong>ipse</strong></span> <span class='ocrx_word' id='word_1_469' title='bbox 819 3227 882 3293; x_wconf 90' lang='lat' dir='ltr'><strong>sibi</strong></span> <span class='ocrx_word' id='word_1_470' title='bbox 905 3227 1067 3311; x_wconf 79' lang='lat' dir='ltr'><strong>suggerit,</strong></span> <span class='ocrx_word' id='word_1_471' title='bbox 1091 3249 1129 3296; x_wconf 90' lang='lat' dir='ltr'><strong>ac</strong></span> <span class='ocrx_word' id='word_1_472' title='bbox 1149 3228 1317 3312; x_wconf 89' lang='lat' dir='ltr'><strong>praedicat</strong></span> <span class='ocrx_word' id='word_1_473' title='bbox 1366 3247 1488 3293; x_wconf 84' lang='lat' dir='ltr'><strong>uxores</strong></span> <span class='ocrx_word' id='word_1_474' title='bbox 1510 3225 1741 3304; x_wconf 85' lang='lat' dir='ltr'><strong>habuitIaoob,</strong></span> <span class='ocrx_word' id='word_1_475' title='bbox 1760 3245 1827 3290; x_wconf 93' lang='lat' dir='ltr'><strong>non</strong></span> <span class='ocrx_word' id='word_1_476' title='bbox 1844 3226 1966 3292; x_wconf 90' lang='lat' dir='ltr'><strong>mirum</strong></span> <span class='ocrx_word' id='word_1_477' title='bbox 1985 3239 2036 3293; x_wconf 91' lang='lat' dir='ltr'><strong>est</strong></span> <span class='ocrx_word' id='word_1_478' title='bbox 2053 3226 2082 3292; x_wconf 90' lang='lat' dir='ltr'><strong>si</strong></span> <span class='ocrx_word' id='word_1_479' title='bbox 2099 3228 2170 3292; x_wconf 88' lang='lat' dir='ltr'><strong>eius</strong></span> <span class='ocrx_word' id='word_1_480' title='bbox 2190 3226 2337 3312; x_wconf 89' lang='lat' dir='ltr'><strong>linguam</strong></span> 
     </span>
     <span class='ocr_line' id='line_1_34' title="bbox 344 3307 2336 3398; baseline 0 -20"><span class='ocrx_word' id='word_1_481' title='bbox 344 3311 429 3398; x_wconf 91' lang='lat' dir='ltr'><strong>quod</strong></span> <span class='ocrx_word' id='word_1_482' title='bbox 453 3310 494 3377; x_wconf 88' lang='lat' dir='ltr'><strong>ab</strong></span> <span class='ocrx_word' id='word_1_483' title='bbox 515 3311 580 3378; x_wconf 90' lang='lat' dir='ltr'><strong>alio</strong></span> <span class='ocrx_word' id='word_1_484' title='bbox 602 3310 715 3377; x_wconf 76' lang='lat' dir='ltr'><strong>andire</strong></span> <span class='ocrx_word' id='word_1_485' title='bbox 736 3311 901 3378; x_wconf 89' lang='lat' dir='ltr'><strong>noluisset.</strong></span> <span class='ocrx_word' id='word_1_486' title='bbox 930 3312 1070 3380; x_wconf 85' lang='lat' dir='ltr'><strong>Oonstat</strong></span> <span class='ocrx_word' id='word_1_487' title='bbox 1090 3313 1193 3397; x_wconf 88' lang='lat' dir='ltr'><strong>igitur</strong></span> <span class='ocrx_word' id='word_1_488' title='bbox 1209 3314 1316 3381; x_wconf 89' lang='lat' dir='ltr'><strong>lucem</strong></span> <span class='ocrx_word' id='word_1_489' title='bbox 1368 3311 1549 3380; x_wconf 89' lang='lat' dir='ltr'><strong>didicerint.</strong></span> <span class='ocrx_word' id='word_1_490' title='bbox 1577 3312 1785 3395; x_wconf 69' lang='lat' dir='ltr'><strong>Ipse-autem</strong></span> <span class='ocrx_word' id='word_1_491' title='bbox 1803 3312 1917 3396; x_wconf 87' lang='lat' dir='ltr'><strong>prpoul</strong></span> <span class='ocrx_word' id='word_1_492' title='bbox 1932 3307 2030 3379; x_wconf 90' lang='lat' dir='ltr'><strong>dubio</strong></span> <span class='ocrx_word' id='word_1_493' title='bbox 2042 3313 2077 3376; x_wconf 92' lang='lat' dir='ltr'><strong>in</strong></span> <span class='ocrx_word' id='word_1_494' title='bbox 2095 3311 2157 3380; x_wconf 91' lang='lat' dir='ltr'><strong>hoc</strong></span> <span class='ocrx_word' id='word_1_495' title='bbox 2178 3312 2336 3379; x_wconf 90' lang='lat' dir='ltr'><strong>incubuit:</strong></span> 
     </span>
     <span class='ocr_line' id='line_1_35' title="bbox 344 3395 2338 3483; baseline -0.001 -19"><span class='ocrx_word' id='word_1_496' title='bbox 344 3397 528 3482; x_wconf 87' lang='lat' dir='ltr'><strong>aequitatis,</strong></span> <span class='ocrx_word' id='word_1_497' title='bbox 550 3418 632 3481; x_wconf 88' lang='lat' dir='ltr'><strong>quae</strong></span> <span class='ocrx_word' id='word_1_498' title='bbox 653 3417 740 3463; x_wconf 92' lang='lat' dir='ltr'><strong>nunc</strong></span> <span class='ocrx_word' id='word_1_499' title='bbox 761 3399 908 3483; x_wconf 84' lang='lat' dir='ltr'><strong>emergit,</strong></span> <span class='ocrx_word' id='word_1_500' title='bbox 936 3399 1038 3465; x_wconf 84' lang='lat' dir='ltr'><strong>fuisse</strong></span> <span class='ocrx_word' id='word_1_501' title='bbox 1059 3399 1094 3465; x_wconf 92' lang='lat' dir='ltr'><strong>in</strong></span> <span class='ocrx_word' id='word_1_502' title='bbox 1115 3399 1186 3466; x_wconf 89' lang='lat' dir='ltr'><strong>eius</strong></span> <span class='ocrx_word' id='word_1_503' title='bbox 1207 3400 1316 3466; x_wconf 90' lang='lat' dir='ltr'><strong>animo</strong></span> <span class='ocrx_word' id='word_1_504' title='bbox 1367 3406 1478 3482; x_wconf 92' lang='lat' dir='ltr'><strong>utpote</strong></span> <span class='ocrx_word' id='word_1_505' title='bbox 1506 3398 1561 3481; x_wconf 93' lang='lat' dir='ltr'><strong>qui</strong></span> <span class='ocrx_word' id='word_1_506' title='bbox 1590 3395 1716 3464; x_wconf 91' lang='lat' dir='ltr'><strong>sciebat</strong></span> <span class='ocrx_word' id='word_1_507' title='bbox 1743 3397 1901 3462; x_wconf 87' lang='lat' dir='ltr'><strong>familiam</strong></span> <span class='ocrx_word' id='word_1_508' title='bbox 1924 3418 2017 3463; x_wconf 88' lang='lat' dir='ltr'><strong>suam</strong></span> <span class='ocrx_word' id='word_1_509' title='bbox 2039 3419 2059 3463; x_wconf 91' lang='lat' dir='ltr'><strong>a</strong></span> <span class='ocrx_word' id='word_1_510' title='bbox 2080 3397 2216 3482; x_wconf 88' lang='lat' dir='ltr'><strong>reliquis</strong></span> <span class='ocrx_word' id='word_1_511' title='bbox 2237 3398 2338 3483; x_wconf 90' lang='lat' dir='ltr'><strong>genti·</strong></span> 
     </span>
     <span class='ocr_line' id='line_1_36' title="bbox 344 3481 2337 3569; baseline -0.002 -18"><span class='ocrx_word' id='word_1_512' title='bbox 344 3485 545 3551; x_wconf 86' lang='lat' dir='ltr'><strong>suffocatam.</strong></span> <span class='ocrx_word' id='word_1_513' title='bbox 600 3482 641 3547; x_wconf 92' lang='lat' dir='ltr'><strong>In</strong></span> <span class='ocrx_word' id='word_1_514' title='bbox 664 3503 804 3565; x_wconf 90' lang='lat' dir='ltr'><strong>summa,</strong></span> <span class='ocrx_word' id='word_1_515' title='bbox 827 3484 916 3550; x_wconf 89' lang='lat' dir='ltr'><strong>solus</strong></span> <span class='ocrx_word' id='word_1_516' title='bbox 937 3504 1030 3551; x_wconf 91' lang='lat' dir='ltr'><strong>amor</strong></span> <span class='ocrx_word' id='word_1_517' title='bbox 1051 3484 1156 3551; x_wconf 87' lang='lat' dir='ltr'><strong>nostri</strong></span> <span class='ocrx_word' id='word_1_518' title='bbox 1179 3504 1238 3551; x_wconf 91' lang='lat' dir='ltr'><strong>nos</strong></span> <span class='ocrx_word' id='word_1_519' title='bbox 1260 3507 1315 3551; x_wconf 90' lang='lat' dir='ltr'><strong>ex·</strong></span> <span class='ocrx_word' id='word_1_520' title='bbox 1365 3486 1427 3552; x_wconf 88' lang='lat' dir='ltr'><strong>bus</strong></span> <span class='ocrx_word' id='word_1_521' title='bbox 1449 3490 1654 3569; x_wconf 85' lang='lat' dir='ltr'><strong>segregatam</strong></span> <span class='ocrx_word' id='word_1_522' title='bbox 1676 3503 1756 3549; x_wconf 88' lang='lat' dir='ltr'><strong>esse.</strong></span> <span class='ocrx_word' id='word_1_523' title='bbox 1809 3481 1906 3563; x_wconf 79' lang='lat' dir='ltr'><strong>Quod</strong></span> <span class='ocrx_word' id='word_1_524' title='bbox 1934 3491 2044 3550; x_wconf 88' lang='lat' dir='ltr'><strong>autem</strong></span> <span class='ocrx_word' id='word_1_525' title='bbox 2067 3504 2167 3567; x_wconf 86' lang='lat' dir='ltr'><strong>supra</strong></span> <span class='ocrx_word' id='word_1_526' title='bbox 2188 3504 2270 3550; x_wconf 87' lang='lat' dir='ltr'><strong>usne</strong></span> <span class='ocrx_word' id='word_1_527' title='bbox 2291 3489 2337 3549; x_wconf 89' lang='lat' dir='ltr'><strong>est</strong></span> 
     </span>
     <span class='ocr_line' id='line_1_37' title="bbox 342 3567 2335 3655; baseline -0.001 -18"><span class='ocrx_word' id='word_1_528' title='bbox 342 3579 462 3648; x_wconf 83' lang='lat' dir='ltr'><strong>caecat,</strong></span> <span class='ocrx_word' id='word_1_529' title='bbox 486 3570 562 3652; x_wconf 91' lang='lat' dir='ltr'><strong>quia</strong></span> <span class='ocrx_word' id='word_1_530' title='bbox 580 3576 669 3636; x_wconf 89' lang='lat' dir='ltr'><strong>recte</strong></span> <span class='ocrx_word' id='word_1_531' title='bbox 688 3569 825 3652; x_wconf 91' lang='lat' dir='ltr'><strong>quisque</strong></span> <span class='ocrx_word' id='word_1_532' title='bbox 846 3580 997 3636; x_wconf 90' lang='lat' dir='ltr'><strong>nostrum</strong></span> <span class='ocrx_word' id='word_1_533' title='bbox 1018 3569 1148 3652; x_wconf 90' lang='lat' dir='ltr'><strong>iudicat,</strong></span> <span class='ocrx_word' id='word_1_534' title='bbox 1170 3570 1227 3637; x_wconf 89' lang='lat' dir='ltr'><strong>nbi</strong></span> <span class='ocrx_word' id='word_1_535' title='bbox 1249 3592 1316 3636; x_wconf 91' lang='lat' dir='ltr'><strong>non</strong></span> <span class='ocrx_word' id='word_1_536' title='bbox 1364 3571 1476 3636; x_wconf 86' lang='lat' dir='ltr'><strong>Moses</strong></span> <span class='ocrx_word' id='word_1_537' title='bbox 1505 3570 1637 3634; x_wconf 90' lang='lat' dir='ltr'><strong>nomine</strong></span> <span class='ocrx_word' id='word_1_538' title='bbox 1665 3567 1810 3647; x_wconf 74' lang='lat' dir='ltr'><strong>(laland,</strong></span> <span class='ocrx_word' id='word_1_539' title='bbox 1838 3568 1997 3652; x_wconf 87' lang='lat' dir='ltr'><strong>prolepsis</strong></span> <span class='ocrx_word' id='word_1_540' title='bbox 2026 3569 2103 3650; x_wconf 82' lang='lat' dir='ltr'><strong>fuit,</strong></span> <span class='ocrx_word' id='word_1_541' title='bbox 2133 3590 2213 3635; x_wconf 92' lang='lat' dir='ltr'><strong>nam</strong></span> <span class='ocrx_word' id='word_1_542' title='bbox 2241 3589 2335 3655; x_wconf 89' lang='lat' dir='ltr'><strong>quum</strong></span> 
     </span>
     <span class='ocr_line' id='line_1_38' title="bbox 342 3651 2334 3742; baseline -0.001 -20"><span class='ocrx_word' id='word_1_543' title='bbox 342 3668 420 3722; x_wconf 90' lang='lat' dir='ltr'><strong>sunt</strong></span> <span class='ocrx_word' id='word_1_544' title='bbox 441 3651 652 3720; x_wconf 90' lang='lat' dir='ltr'><strong>intermediae</strong></span> <span class='ocrx_word' id='word_1_545' title='bbox 675 3675 841 3737; x_wconf 87' lang='lat' dir='ltr'><strong>personae.</strong></span> <span class='ocrx_word' id='word_1_546' title='bbox 893 3655 1068 3723; x_wconf 79' lang='lat' dir='ltr'><strong>Caeterum</strong></span> <span class='ocrx_word' id='word_1_547' title='bbox 1090 3657 1119 3722; x_wconf 93' lang='lat' dir='ltr'><strong>si</strong></span> <span class='ocrx_word' id='word_1_548' title='bbox 1143 3657 1316 3742; x_wconf 88' lang='lat' dir='ltr'><strong>eontigerit</strong></span> <span class='ocrx_word' id='word_1_549' title='bbox 1365 3656 1465 3722; x_wconf 91' lang='lat' dir='ltr'><strong>aetati</strong></span> <span class='ocrx_word' id='word_1_550' title='bbox 1481 3675 1560 3720; x_wconf 91' lang='lat' dir='ltr'><strong>snae</strong></span> <span class='ocrx_word' id='word_1_551' title='bbox 1577 3655 1742 3735; x_wconf 89' lang='lat' dir='ltr'><strong>scriberet,</strong></span> <span class='ocrx_word' id='word_1_552' title='bbox 1764 3674 1833 3719; x_wconf 91' lang='lat' dir='ltr'><strong>non</strong></span> <span class='ocrx_word' id='word_1_553' title='bbox 1850 3652 2012 3722; x_wconf 87' lang='lat' dir='ltr'><strong>dubitavit</strong></span> <span class='ocrx_word' id='word_1_554' title='bbox 2029 3664 2198 3739; x_wconf 89' lang='lat' dir='ltr'><strong>receptum</strong></span> <span class='ocrx_word' id='word_1_555' title='bbox 2219 3675 2334 3721; x_wconf 90' lang='lat' dir='ltr'><strong>nomeu</strong></span> 
     </span>
     <span class='ocr_line' id='line_1_39' title="bbox 342 3739 2334 3826; baseline -0.001 -19"><span class='ocrx_word' id='word_1_556' title='bbox 342 3763 403 3808; x_wconf 89' lang='lat' dir='ltr'><strong>nos</strong></span> <span class='ocrx_word' id='word_1_557' title='bbox 424 3740 465 3806; x_wconf 90' lang='lat' dir='ltr'><strong>ad</strong></span> <span class='ocrx_word' id='word_1_558' title='bbox 492 3749 619 3823; x_wconf 87' lang='lat' dir='ltr'><strong>tempus</strong></span> <span class='ocrx_word' id='word_1_559' title='bbox 642 3740 783 3818; x_wconf 89' lang='lat' dir='ltr'><strong>turbari,</strong></span> <span class='ocrx_word' id='word_1_560' title='bbox 815 3740 923 3806; x_wconf 90' lang='lat' dir='ltr'><strong>danda</strong></span> <span class='ocrx_word' id='word_1_561' title='bbox 945 3742 1061 3808; x_wconf 90' lang='lat' dir='ltr'><strong>saltem</strong></span> <span class='ocrx_word' id='word_1_562' title='bbox 1085 3762 1185 3826; x_wconf 88' lang='lat' dir='ltr'><strong>opera</strong></span> <span class='ocrx_word' id='word_1_563' title='bbox 1206 3750 1316 3809; x_wconf 90' lang='lat' dir='ltr'><strong>estut</strong></span> <span class='ocrx_word' id='word_1_564' title='bbox 1365 3762 1495 3826; x_wconf 91' lang='lat' dir='ltr'><strong>ponere.</strong></span> <span class='ocrx_word' id='word_1_565' title='bbox 1540 3740 1714 3807; x_wconf 74' lang='lat' dir='ltr'><strong>(laetarum</strong></span> <span class='ocrx_word' id='word_1_566' title='bbox 1736 3739 1814 3806; x_wconf 91' lang='lat' dir='ltr'><strong>binc</strong></span> <span class='ocrx_word' id='word_1_567' title='bbox 1836 3740 2036 3825; x_wconf 86' lang='lat' dir='ltr'><strong>colligimus,</strong></span> <span class='ocrx_word' id='word_1_568' title='bbox 2063 3742 2284 3808; x_wconf 84' lang='lat' dir='ltr'><strong>caeremonias</strong></span> <span class='ocrx_word' id='word_1_569' title='bbox 2305 3748 2334 3805; x_wconf 90' lang='lat' dir='ltr'><strong>et</strong></span> 
     </span>
     <span class='ocr_line' id='line_1_40' title="bbox 341 3825 2334 3913; baseline 0.001 -21"><span class='ocrx_word' id='word_1_570' title='bbox 341 3826 531 3913; x_wconf 87' lang='lat' dir='ltr'><strong>praevaleat</strong></span> <span class='ocrx_word' id='word_1_571' title='bbox 553 3825 685 3891; x_wconf 90' lang='lat' dir='ltr'><strong>tandem</strong></span> <span class='ocrx_word' id='word_1_572' title='bbox 709 3827 791 3890; x_wconf 91' lang='lat' dir='ltr'><strong>ratio</strong></span> <span class='ocrx_word' id='word_1_573' title='bbox 813 3833 847 3891; x_wconf 91' lang='lat' dir='ltr'><strong>et</strong></span> <span class='ocrx_word' id='word_1_574' title='bbox 869 3827 1025 3911; x_wconf 89' lang='lat' dir='ltr'><strong>aequitas.</strong></span> <span class='ocrx_word' id='word_1_575' title='bbox 1071 3826 1169 3908; x_wconf 78' lang='lat' dir='ltr'><strong>Quod</strong></span> <span class='ocrx_word' id='word_1_576' title='bbox 1192 3828 1220 3894; x_wconf 89' lang='lat' dir='ltr'><strong>si</strong></span> <span class='ocrx_word' id='word_1_577' title='bbox 1243 3829 1316 3911; x_wconf 91' lang='lat' dir='ltr'><strong>quis</strong></span> <span class='ocrx_word' id='word_1_578' title='bbox 1365 3829 1450 3894; x_wconf 89' lang='lat' dir='ltr'><strong>ritus</strong></span> <span class='ocrx_word' id='word_1_579' title='bbox 1472 3827 1514 3892; x_wconf 90' lang='lat' dir='ltr'><strong>ad</strong></span> <span class='ocrx_word' id='word_1_580' title='bbox 1537 3827 1569 3892; x_wconf 90' lang='lat' dir='ltr'><strong>id</strong></span> <span class='ocrx_word' id='word_1_581' title='bbox 1592 3827 1678 3910; x_wconf 90' lang='lat' dir='ltr'><strong>quod</strong></span> <span class='ocrx_word' id='word_1_582' title='bbox 1700 3825 1787 3889; x_wconf 92' lang='lat' dir='ltr'><strong>inter</strong></span> <span class='ocrx_word' id='word_1_583' title='bbox 1809 3846 1844 3890; x_wconf 92' lang='lat' dir='ltr'><strong>se</strong></span> <span class='ocrx_word' id='word_1_584' title='bbox 1868 3827 2074 3893; x_wconf 88' lang='lat' dir='ltr'><strong>constituunt</strong></span> <span class='ocrx_word' id='word_1_585' title='bbox 2098 3827 2266 3909; x_wconf 87' lang='lat' dir='ltr'><strong>homines,</strong></span> <span class='ocrx_word' id='word_1_586' title='bbox 2287 3847 2334 3891; x_wconf 89' lang='lat' dir='ltr'><strong>re·</strong></span> 
     </span>
     <span class='ocr_line' id='line_1_41' title="bbox 342 3909 2336 3998; baseline -0.001 -20"><span class='ocrx_word' id='word_1_587' title='bbox 342 3912 383 3978; x_wconf 87' lang='lat' dir='ltr'><strong>ad</strong></span> <span class='ocrx_word' id='word_1_588' title='bbox 405 3911 565 3977; x_wconf 88' lang='lat' dir='ltr'><strong>malitiam</strong></span> <span class='ocrx_word' id='word_1_589' title='bbox 594 3932 629 3976; x_wconf 89' lang='lat' dir='ltr'><strong>se</strong></span> <span class='ocrx_word' id='word_1_590' title='bbox 658 3910 811 3991; x_wconf 87' lang='lat' dir='ltr'><strong>obduret,</strong></span> <span class='ocrx_word' id='word_1_591' title='bbox 840 3912 985 3978; x_wconf 88' lang='lat' dir='ltr'><strong>manebit</strong></span> <span class='ocrx_word' id='word_1_592' title='bbox 1014 3924 1123 3978; x_wconf 88' lang='lat' dir='ltr'><strong>tamen</strong></span> <span class='ocrx_word' id='word_1_593' title='bbox 1151 3914 1316 3998; x_wconf 88' lang='lat' dir='ltr'><strong>insculpta</strong></span> <span class='ocrx_word' id='word_1_594' title='bbox 1366 3913 1444 3980; x_wconf 81' lang='lat' dir='ltr'><strong>ferri</strong></span> <span class='ocrx_word' id='word_1_595' title='bbox 1473 3911 1599 3978; x_wconf 90' lang='lat' dir='ltr'><strong>debere.</strong></span> <span class='ocrx_word' id='word_1_596' title='bbox 1655 3909 1751 3994; x_wconf 75' lang='lat' dir='ltr'><strong>Quae</strong></span> <span class='ocrx_word' id='word_1_597' title='bbox 1782 3912 1881 3976; x_wconf 90' lang='lat' dir='ltr'><strong>etiam</strong></span> <span class='ocrx_word' id='word_1_598' title='bbox 1917 3913 2030 3997; x_wconf 88' lang='lat' dir='ltr'><strong>regula</strong></span> <span class='ocrx_word' id='word_1_599' title='bbox 2059 3912 2094 3978; x_wconf 94' lang='lat' dir='ltr'><strong>in</strong></span> <span class='ocrx_word' id='word_1_600' title='bbox 2123 3913 2336 3980; x_wconf 86' lang='lat' dir='ltr'><strong>sacramentis</strong></span> 
     </span>
     <span class='ocr_line' id='line_1_42' title="bbox 342 3995 2337 4083; baseline 0.001 -19"><span class='ocrx_word' id='word_1_601' title='bbox 342 3998 415 4078; x_wconf 87' lang='lat' dir='ltr'><strong>illa,</strong></span> <span class='ocrx_word' id='word_1_602' title='bbox 437 4017 534 4082; x_wconf 89' lang='lat' dir='ltr'><strong>quam</strong></span> <span class='ocrx_word' id='word_1_603' title='bbox 554 3995 636 4076; x_wconf 89' lang='lat' dir='ltr'><strong>dixi,</strong></span> <span class='ocrx_word' id='word_1_604' title='bbox 654 3997 791 4063; x_wconf 90' lang='lat' dir='ltr'><strong>interior</strong></span> <span class='ocrx_word' id='word_1_605' title='bbox 809 4004 842 4061; x_wconf 92' lang='lat' dir='ltr'><strong>et</strong></span> <span class='ocrx_word' id='word_1_606' title='bbox 863 3999 990 4065; x_wconf 89' lang='lat' dir='ltr'><strong>occulta</strong></span> <span class='ocrx_word' id='word_1_607' title='bbox 1011 3999 1144 4078; x_wconf 90' lang='lat' dir='ltr'><strong>notitia,</strong></span> <span class='ocrx_word' id='word_1_608' title='bbox 1168 4020 1251 4083; x_wconf 88' lang='lat' dir='ltr'><strong>quae</strong></span> <span class='ocrx_word' id='word_1_609' title='bbox 1274 3999 1314 4065; x_wconf 91' lang='lat' dir='ltr'><strong>ad</strong></span> <span class='ocrx_word' id='word_1_610' title='bbox 1364 4000 1476 4064; x_wconf 87' lang='lat' dir='ltr'><strong>valere</strong></span> <span class='ocrx_word' id='word_1_611' title='bbox 1498 3997 1609 4064; x_wconf 91' lang='lat' dir='ltr'><strong>debet:</strong></span> <span class='ocrx_word' id='word_1_612' title='bbox 1632 3997 1757 4081; x_wconf 86' lang='lat' dir='ltr'><strong>quiesi</strong></span> <span class='ocrx_word' id='word_1_613' title='bbox 1780 3996 1914 4063; x_wconf 90' lang='lat' dir='ltr'><strong>tollatur</strong></span> <span class='ocrx_word' id='word_1_614' title='bbox 1931 3997 2068 4063; x_wconf 90' lang='lat' dir='ltr'><strong>verbnm</strong></span> <span class='ocrx_word' id='word_1_615' title='bbox 2087 4018 2149 4083; x_wconf 92' lang='lat' dir='ltr'><strong>quo</strong></span> <span class='ocrx_word' id='word_1_616' title='bbox 2171 3999 2337 4065; x_wconf 88' lang='lat' dir='ltr'><strong>nobiscnm</strong></span> 
     </span>
     <span class='ocr_line' id='line_1_43' title="bbox 342 4081 2339 4170; baseline 0.001 -21"><span class='ocrx_word' id='word_1_617' title='bbox 342 4105 419 4150; x_wconf 92' lang='lat' dir='ltr'><strong>eum</strong></span> <span class='ocrx_word' id='word_1_618' title='bbox 441 4081 663 4147; x_wconf 91' lang='lat' dir='ltr'><strong>damnandum</strong></span> <span class='ocrx_word' id='word_1_619' title='bbox 685 4083 834 4148; x_wconf 82' lang='lat' dir='ltr'><strong>sufficiat.</strong></span> <span class='ocrx_word' id='word_1_620' title='bbox 1365 4084 1540 4169; x_wconf 87' lang='lat' dir='ltr'><strong>paciscitur</strong></span> <span class='ocrx_word' id='word_1_621' title='bbox 1562 4084 1663 4163; x_wconf 90' lang='lat' dir='ltr'><strong>Dens,</strong></span> <span class='ocrx_word' id='word_1_622' title='bbox 1686 4082 1821 4149; x_wconf 89' lang='lat' dir='ltr'><strong>inutiles</strong></span> <span class='ocrx_word' id='word_1_623' title='bbox 1838 4091 1968 4149; x_wconf 87' lang='lat' dir='ltr'><strong>tantum</strong></span> <span class='ocrx_word' id='word_1_624' title='bbox 1987 4092 2021 4148; x_wconf 91' lang='lat' dir='ltr'><strong>et</strong></span> <span class='ocrx_word' id='word_1_625' title='bbox 2042 4099 2191 4150; x_wconf 87' lang='lat' dir='ltr'><strong>mortuae</strong></span> <span class='ocrx_word' id='word_1_626' title='bbox 2214 4087 2339 4170; x_wconf 86' lang='lat' dir='ltr'><strong>figurae</strong></span> 
     </span>
     <span class='ocr_line' id='line_1_44' title="bbox 429 4166 1545 4252; baseline 0.001 -19"><span class='ocrx_word' id='word_1_627' title='bbox 429 4169 481 4234; x_wconf 87' lang='grc'><strong>44.</strong></span> <span class='ocrx_word' id='word_1_628' title='bbox 517 4166 734 4234; x_wconf 76' lang='lat' dir='ltr'><strong>Pcrodiumas</strong></span> <span class='ocrx_word' id='word_1_629' title='bbox 761 4168 870 4250; x_wconf 73' lang='lat' dir='ltr'><strong>foedae</strong></span> <span class='ocrx_word' id='word_1_630' title='bbox 903 4189 956 4252; x_wconf 83' lang='lat' dir='ltr'><strong>epo</strong></span> <span class='ocrx_word' id='word_1_631' title='bbox 986 4173 1014 4234; x_wconf 84' lang='lat' dir='ltr'><strong>ei</strong></span> <span class='ocrx_word' id='word_1_632' title='bbox 1042 4175 1086 4236; x_wconf 81' lang='lat' dir='ltr'><strong>tu.</strong></span> <span class='ocrx_word' id='word_1_633' title='bbox 1142 4170 1208 4236; x_wconf 93' lang='lat' dir='ltr'><strong>Hio</strong></span> <span class='ocrx_word' id='word_1_634' title='bbox 1236 4170 1316 4238; x_wconf 80' lang='lat' dir='ltr'><strong>facit</strong></span> <span class='ocrx_word' id='word_1_635' title='bbox 1366 4171 1545 4237; x_wconf 82' lang='lat' dir='ltr'><strong>restabunt</strong></span> 
     </span>
     <span class='ocr_line' id='line_1_45' title="bbox 342 4253 2341 4340; baseline 0.001 -20"><span class='ocrx_word' id='word_1_636' title='bbox 342 4254 460 4321; x_wconf 72' lang='lat' dir='ltr'><strong>Iraban</strong></span> <span class='ocrx_word' id='word_1_637' title='bbox 482 4253 566 4336; x_wconf 88' lang='lat' dir='ltr'><strong>quod</strong></span> <span class='ocrx_word' id='word_1_638' title='bbox 588 4253 696 4318; x_wconf 90' lang='lat' dir='ltr'><strong>solent</strong></span> <span class='ocrx_word' id='word_1_639' title='bbox 716 4253 867 4320; x_wconf 90' lang='lat' dir='ltr'><strong>homines</strong></span> <span class='ocrx_word' id='word_1_640' title='bbox 886 4254 972 4320; x_wconf 90' lang='lat' dir='ltr'><strong>male</strong></span> <span class='ocrx_word' id='word_1_641' title='bbox 991 4255 1053 4320; x_wconf 89' lang='lat' dir='ltr'><strong>sibi</strong></span> <span class='ocrx_word' id='word_1_642' title='bbox 1076 4256 1213 4336; x_wconf 85' lang='lat' dir='ltr'><strong>conscii,</strong></span> <span class='ocrx_word' id='word_1_643' title='bbox 1236 4256 1316 4322; x_wconf 93' lang='lat' dir='ltr'><strong>dum</strong></span> <span class='ocrx_word' id='word_1_644' title='bbox 1451 4256 1503 4322; x_wconf 88' lang='lat'><strong>49.</strong></span> <span class='ocrx_word' id='word_1_645' title='bbox 1535 4253 1715 4340; x_wconf 70' lang='lat' dir='ltr'><strong>Speucletar</strong></span> <span class='ocrx_word' id='word_1_646' title='bbox 1736 4254 1903 4320; x_wconf 79' lang='lat' dir='ltr'><strong>Dominus.</strong></span> <span class='ocrx_word' id='word_1_647' title='bbox 1939 4253 2065 4320; x_wconf 90' lang='lat' dir='ltr'><strong>Indicio</strong></span> <span class='ocrx_word' id='word_1_648' title='bbox 2083 4255 2147 4321; x_wconf 90' lang='lat' dir='ltr'><strong>Dei</strong></span> <span class='ocrx_word' id='word_1_649' title='bbox 2161 4254 2341 4330; x_wconf 78' lang='lat' dir='ltr'><strong>,vindican-</strong></span> 
     </span>
     <span class='ocr_line' id='line_1_46' title="bbox 343 4337 2345 4426; baseline 0 -20"><span class='ocrx_word' id='word_1_650' title='bbox 343 4340 405 4406; x_wconf 88' lang='lat' dir='ltr'><strong>sibi</strong></span> <span class='ocrx_word' id='word_1_651' title='bbox 427 4345 522 4406; x_wconf 90' lang='lat' dir='ltr'><strong>cavet</strong></span> <span class='ocrx_word' id='word_1_652' title='bbox 544 4360 563 4404; x_wconf 92' lang='lat' dir='ltr'><strong>a</strong></span> <span class='ocrx_word' id='word_1_653' title='bbox 589 4347 703 4404; x_wconf 90' lang='lat' dir='ltr'><strong>mutua</strong></span> <span class='ocrx_word' id='word_1_654' title='bbox 727 4337 886 4405; x_wconf 90' lang='lat' dir='ltr'><strong>vindicta:</strong></span> <span class='ocrx_word' id='word_1_655' title='bbox 920 4361 957 4406; x_wconf 89' lang='lat' dir='ltr'><strong>ao</strong></span> <span class='ocrx_word' id='word_1_656' title='bbox 985 4340 1061 4406; x_wconf 87' lang='lat' dir='ltr'><strong>talis</strong></span> <span class='ocrx_word' id='word_1_657' title='bbox 1086 4341 1259 4426; x_wconf 89' lang='lat' dir='ltr'><strong>trepidatio</strong></span> <span class='ocrx_word' id='word_1_658' title='bbox 1282 4351 1316 4408; x_wconf 91' lang='grc' dir='ltr'><strong>ιι</strong></span> <span class='ocrx_word' id='word_1_659' title='bbox 1366 4341 1444 4407; x_wconf 91' lang='lat' dir='ltr'><strong>dnm</strong></span> <span class='ocrx_word' id='word_1_660' title='bbox 1470 4340 1675 4408; x_wconf 89' lang='lat' dir='ltr'><strong>commendat</strong></span> <span class='ocrx_word' id='word_1_661' title='bbox 1696 4338 1814 4404; x_wconf 86' lang='lat' dir='ltr'><strong>Laban</strong></span> <span class='ocrx_word' id='word_1_662' title='bbox 1842 4339 1999 4424; x_wconf 88' lang='lat' dir='ltr'><strong>quidquid</strong></span> <span class='ocrx_word' id='word_1_663' title='bbox 2027 4340 2111 4405; x_wconf 88' lang='lat' dir='ltr'><strong>alter</strong></span> <span class='ocrx_word' id='word_1_664' title='bbox 2137 4342 2175 4406; x_wconf 92' lang='lat' dir='ltr'><strong>in</strong></span> <span class='ocrx_word' id='word_1_665' title='bbox 2201 4343 2345 4407; x_wconf 82' lang='lat' dir='ltr'><strong>alterum</strong></span> 
     </span>
     <span class='ocr_line' id='line_1_47' title="bbox 343 4423 2345 4511; baseline 0 -19"><span class='ocrx_word' id='word_1_666' title='bbox 343 4426 491 4493; x_wconf 84' lang='lat' dir='ltr'><strong>anxietas</strong></span> <span class='ocrx_word' id='word_1_667' title='bbox 513 4425 599 4490; x_wconf 91' lang='lat' dir='ltr'><strong>insta</strong></span> <span class='ocrx_word' id='word_1_668' title='bbox 620 4433 670 4490; x_wconf 89' lang='lat' dir='ltr'><strong>ast</strong></span> <span class='ocrx_word' id='word_1_669' title='bbox 692 4423 925 4492; x_wconf 86' lang='lat' dir='ltr'><strong>maleficiorum</strong></span> <span class='ocrx_word' id='word_1_670' title='bbox 947 4446 1081 4492; x_wconf 89' lang='lat' dir='ltr'><strong>meroes.</strong></span> <span class='ocrx_word' id='word_1_671' title='bbox 1112 4427 1207 4492; x_wconf 82' lang='lat' dir='ltr'><strong>Adde</strong></span> <span class='ocrx_word' id='word_1_672' title='bbox 1228 4427 1315 4511; x_wconf 91' lang='lat' dir='ltr'><strong>quod</strong></span> <span class='ocrx_word' id='word_1_673' title='bbox 1366 4428 1532 4494; x_wconf 86' lang='lat' dir='ltr'><strong>absentem</strong></span> <span class='ocrx_word' id='word_1_674' title='bbox 1555 4426 1751 4509; x_wconf 86' lang='lat' dir='ltr'><strong>peccaverit:</strong></span> <span class='ocrx_word' id='word_1_675' title='bbox 1774 4425 1869 4509; x_wconf 88' lang='lat' dir='ltr'><strong>quasi</strong></span> <span class='ocrx_word' id='word_1_676' title='bbox 1890 4425 2026 4492; x_wconf 90' lang='lat' dir='ltr'><strong>diceret:</strong></span> <span class='ocrx_word' id='word_1_677' title='bbox 2048 4425 2210 4508; x_wconf 79' lang='lat' dir='ltr'><strong>Quamvis</strong></span> <span class='ocrx_word' id='word_1_678' title='bbox 2228 4427 2267 4492; x_wconf 91' lang='lat' dir='ltr'><strong>ad</strong></span> <span class='ocrx_word' id='word_1_679' title='bbox 2286 4449 2345 4493; x_wconf 92' lang='lat' dir='ltr'><strong>me</strong></span> 
     </span>
     <span class='ocr_line' id='line_1_48' title="bbox 343 4499 2344 4598; baseline 0.001 -22"><span class='ocrx_word' id='word_1_680' title='bbox 343 4511 484 4595; x_wconf 90' lang='lat' dir='ltr'><strong>improbi</strong></span> <span class='ocrx_word' id='word_1_681' title='bbox 506 4509 589 4576; x_wconf 90' lang='lat' dir='ltr'><strong>alios</strong></span> <span class='ocrx_word' id='word_1_682' title='bbox 611 4531 738 4594; x_wconf 89' lang='lat' dir='ltr'><strong>semper</strong></span> <span class='ocrx_word' id='word_1_683' title='bbox 760 4499 934 4577; x_wconf 89' lang='lat' dir='ltr'><strong>aestimant</strong></span> <span class='ocrx_word' id='word_1_684' title='bbox 956 4532 999 4577; x_wconf 89' lang='lat' dir='ltr'><strong>ex</strong></span> <span class='ocrx_word' id='word_1_685' title='bbox 1019 4515 1151 4597; x_wconf 89' lang='lat' dir='ltr'><strong>proprio</strong></span> <span class='ocrx_word' id='word_1_686' title='bbox 1173 4513 1315 4598; x_wconf 87' lang='lat' dir='ltr'><strong>ingenio,</strong></span> <span class='ocrx_word' id='word_1_687' title='bbox 1365 4535 1466 4596; x_wconf 92' lang='lat' dir='ltr'><strong>usque</strong></span> <span class='ocrx_word' id='word_1_688' title='bbox 1495 4534 1561 4577; x_wconf 92' lang='lat' dir='ltr'><strong>non</strong></span> <span class='ocrx_word' id='word_1_689' title='bbox 1589 4511 1761 4595; x_wconf 89' lang='lat' dir='ltr'><strong>perveniat</strong></span> <span class='ocrx_word' id='word_1_690' title='bbox 1788 4511 1927 4577; x_wconf 87' lang='lat' dir='ltr'><strong>iniuriae</strong></span> <span class='ocrx_word' id='word_1_691' title='bbox 1957 4514 2091 4592; x_wconf 89' lang='lat' dir='ltr'><strong>notitia,</strong></span> <span class='ocrx_word' id='word_1_692' title='bbox 2122 4515 2200 4597; x_wconf 87' lang='lat' dir='ltr'><strong>quia</strong></span> <span class='ocrx_word' id='word_1_693' title='bbox 2228 4513 2344 4597; x_wconf 89' lang='lat' dir='ltr'><strong>procul</strong></span> 
     </span>
     <span class='ocr_line' id='line_1_49' title="bbox 343 4595 2344 4682; baseline 0.001 -19"><span class='ocrx_word' id='word_1_694' title='bbox 343 4597 432 4664; x_wconf 88' lang='lat' dir='ltr'><strong>unde</strong></span> <span class='ocrx_word' id='word_1_695' title='bbox 453 4597 492 4661; x_wconf 89' lang='lat' dir='ltr'><strong>fit</strong></span> <span class='ocrx_word' id='word_1_696' title='bbox 512 4603 551 4661; x_wconf 91' lang='lat' dir='ltr'><strong>nt</strong></span> <span class='ocrx_word' id='word_1_697' title='bbox 574 4595 717 4679; x_wconf 90' lang='lat' dir='ltr'><strong>undique</strong></span> <span class='ocrx_word' id='word_1_698' title='bbox 739 4595 800 4663; x_wconf 92' lang='lat' dir='ltr'><strong>sibi</strong></span> <span class='ocrx_word' id='word_1_699' title='bbox 822 4605 981 4663; x_wconf 88' lang='lat' dir='ltr'><strong>metuant.</strong></span> <span class='ocrx_word' id='word_1_700' title='bbox 1026 4597 1138 4680; x_wconf 79' lang='lat' dir='ltr'><strong>Quare</strong></span> <span class='ocrx_word' id='word_1_701' title='bbox 1159 4599 1225 4665; x_wconf 90' lang='lat' dir='ltr'><strong>tale</strong></span> <span class='ocrx_word' id='word_1_702' title='bbox 1246 4599 1315 4664; x_wconf 84' lang='lat' dir='ltr'><strong>fere</strong></span> <span class='ocrx_word' id='word_1_703' title='bbox 1365 4600 1470 4676; x_wconf 90' lang='lat' dir='ltr'><strong>abero,</strong></span> <span class='ocrx_word' id='word_1_704' title='bbox 1494 4598 1657 4664; x_wconf 87' lang='lat' dir='ltr'><strong>Dominus</strong></span> <span class='ocrx_word' id='word_1_705' title='bbox 1675 4605 1787 4662; x_wconf 85' lang='lat' dir='ltr'><strong>tamen</strong></span> <span class='ocrx_word' id='word_1_706' title='bbox 1808 4598 1864 4680; x_wconf 90' lang='lat' dir='ltr'><strong>qui</strong></span> <span class='ocrx_word' id='word_1_707' title='bbox 1882 4596 2000 4681; x_wconf 91' lang='lat' dir='ltr'><strong>ubique</strong></span> <span class='ocrx_word' id='word_1_708' title='bbox 2018 4596 2120 4678; x_wconf 86' lang='lat' dir='ltr'><strong>adest,</strong></span> <span class='ocrx_word' id='word_1_709' title='bbox 2142 4599 2344 4682; x_wconf 89' lang='lat' dir='ltr'><strong>speculetur.</strong></span> 
     </span>
     <span class='ocr_line' id='line_1_50' title="bbox 344 4681 2346 4770; baseline 0.001 -24"><span class='ocrx_word' id='word_1_710' title='bbox 344 4682 532 4764; x_wconf 87' lang='lat' dir='ltr'><strong>exemplum</strong></span> <span class='ocrx_word' id='word_1_711' title='bbox 561 4690 636 4746; x_wconf 89' lang='lat' dir='ltr'><strong>aute</strong></span> <span class='ocrx_word' id='word_1_712' title='bbox 662 4682 808 4749; x_wconf 81' lang='lat' dir='ltr'><strong>narravit</strong></span> <span class='ocrx_word' id='word_1_713' title='bbox 838 4681 963 4763; x_wconf 87' lang='lat' dir='ltr'><strong>Moses,</strong></span> <span class='ocrx_word' id='word_1_714' title='bbox 994 4705 1093 4767; x_wconf 92' lang='lat' dir='ltr'><strong>quum</strong></span> <span class='ocrx_word' id='word_1_715' title='bbox 1123 4684 1315 4752; x_wconf 81' lang='lat' dir='ltr'><strong>Abimelech</strong></span> <span class='ocrx_word' id='word_1_716' title='bbox 1366 4683 1476 4765; x_wconf 79' lang='lat' dir='ltr'><strong>Quam</strong></span> <span class='ocrx_word' id='word_1_717' title='bbox 1502 4684 1697 4750; x_wconf 88' lang='lat' dir='ltr'><strong>senteutiam</strong></span> <span class='ocrx_word' id='word_1_718' title='bbox 1726 4682 1846 4749; x_wconf 89' lang='lat' dir='ltr'><strong>clarius</strong></span> <span class='ocrx_word' id='word_1_719' title='bbox 1875 4683 1971 4767; x_wconf 91' lang='lat' dir='ltr'><strong>paulo</strong></span> <span class='ocrx_word' id='word_1_720' title='bbox 2000 4691 2073 4767; x_wconf 92' lang='lat' dir='ltr'><strong>post</strong></span> <span class='ocrx_word' id='word_1_721' title='bbox 2095 4685 2267 4770; x_wconf 84' lang='lat' dir='ltr'><strong>exprimit,</strong></span> <span class='ocrx_word' id='word_1_722' title='bbox 2289 4683 2346 4749; x_wconf 89' lang='lat' dir='ltr'><strong>di·</strong></span> 
     </span>
     <span class='ocr_line' id='line_1_51' title="bbox 343 4765 2349 4856; baseline 0.002 -23"><span class='ocrx_word' id='word_1_723' title='bbox 343 4765 458 4833; x_wconf 90' lang='lat' dir='ltr'><strong>foedus</strong></span> <span class='ocrx_word' id='word_1_724' title='bbox 479 4787 553 4832; x_wconf 89' lang='lat' dir='ltr'><strong>oum</strong></span> <span class='ocrx_word' id='word_1_725' title='bbox 575 4767 668 4833; x_wconf 85' lang='grc' dir='ltr'>Ιιιιι</span> <span class='ocrx_word' id='word_1_726' title='bbox 690 4767 857 4850; x_wconf 90' lang='lat' dir='ltr'><strong>percussit.</strong></span> <span class='ocrx_word' id='word_1_727' title='bbox 892 4767 967 4850; x_wconf 79' lang='lat' dir='ltr'><strong>Quo</strong></span> <span class='ocrx_word' id='word_1_728' title='bbox 989 4770 1094 4856; x_wconf 88' lang='lat' dir='ltr'><strong>magis</strong></span> <span class='ocrx_word' id='word_1_729' title='bbox 1116 4769 1314 4836; x_wconf 91' lang='lat' dir='ltr'><strong>studendum</strong></span> <span class='ocrx_word' id='word_1_730' title='bbox 1365 4789 1457 4836; x_wconf 84' lang='lat' dir='ltr'><strong>nene:</strong></span> <span class='ocrx_word' id='word_1_731' title='bbox 1481 4769 1582 4834; x_wconf 90' lang='lat' dir='ltr'><strong>Nemo</strong></span> <span class='ocrx_word' id='word_1_732' title='bbox 1603 4768 1770 4835; x_wconf 90' lang='lat' dir='ltr'><strong>nobiseum</strong></span> <span class='ocrx_word' id='word_1_733' title='bbox 1793 4776 1851 4849; x_wconf 90' lang='lat' dir='ltr'><strong>est,</strong></span> <span class='ocrx_word' id='word_1_734' title='bbox 1875 4770 1967 4835; x_wconf 89' lang='lat' dir='ltr'><strong>Dens</strong></span> <span class='ocrx_word' id='word_1_735' title='bbox 1982 4771 2070 4835; x_wconf 91' lang='lat' dir='ltr'><strong>inter</strong></span> <span class='ocrx_word' id='word_1_736' title='bbox 2091 4790 2145 4835; x_wconf 92' lang='lat' dir='ltr'><strong>me</strong></span> <span class='ocrx_word' id='word_1_737' title='bbox 2166 4779 2201 4836; x_wconf 92' lang='grc' dir='ltr'><strong>ιι</strong></span> <span class='ocrx_word' id='word_1_738' title='bbox 2222 4779 2253 4836; x_wconf 83' lang='grc' dir='ltr'><strong>ιι</strong></span> <span class='ocrx_word' id='word_1_739' title='bbox 2273 4771 2349 4837; x_wconf 91' lang='lat' dir='ltr'><strong>erit</strong></span> 
     </span>
     <span class='ocr_line' id='line_1_52' title="bbox 344 4852 2350 4940; baseline 0.001 -21"><span class='ocrx_word' id='word_1_740' title='bbox 344 4861 412 4933; x_wconf 87' lang='lat' dir='ltr'><strong>est,</strong></span> <span class='ocrx_word' id='word_1_741' title='bbox 441 4853 468 4918; x_wconf 89' lang='lat' dir='ltr'><strong>si</strong></span> <span class='ocrx_word' id='word_1_742' title='bbox 488 4853 607 4918; x_wconf 88' lang='lat' dir='ltr'><strong>animis</strong></span> <span class='ocrx_word' id='word_1_743' title='bbox 629 4852 750 4920; x_wconf 87' lang='lat' dir='ltr'><strong>sedatis</strong></span> <span class='ocrx_word' id='word_1_744' title='bbox 774 4873 845 4920; x_wconf 87' lang='lat' dir='ltr'><strong>esse</strong></span> <span class='ocrx_word' id='word_1_745' title='bbox 867 4855 1030 4938; x_wconf 88' lang='lat' dir='ltr'><strong>cupimus,</strong></span> <span class='ocrx_word' id='word_1_746' title='bbox 1060 4865 1098 4921; x_wconf 93' lang='lat' dir='ltr'><strong>ut</strong></span> <span class='ocrx_word' id='word_1_747' title='bbox 1128 4856 1253 4923; x_wconf 89' lang='lat' dir='ltr'><strong>sineere</strong></span> <span class='ocrx_word' id='word_1_748' title='bbox 1282 4864 1316 4922; x_wconf 91' lang='lat' dir='ltr'><strong>et</strong></span> <span class='ocrx_word' id='word_1_749' title='bbox 1365 4857 1467 4922; x_wconf 88' lang='lat' dir='ltr'><strong>testis.</strong></span> <span class='ocrx_word' id='word_1_750' title='bbox 1512 4853 1641 4936; x_wconf 80' lang='lat' dir='ltr'><strong>Quibus</strong></span> <span class='ocrx_word' id='word_1_751' title='bbox 1669 4854 1777 4920; x_wconf 90' lang='lat' dir='ltr'><strong>verbis</strong></span> <span class='ocrx_word' id='word_1_752' title='bbox 1798 4855 1962 4940; x_wconf 78' lang='lat' dir='ltr'><strong>significat</strong></span> <span class='ocrx_word' id='word_1_753' title='bbox 1983 4856 2094 4921; x_wconf 90' lang='lat' dir='ltr'><strong>Deum</strong></span> <span class='ocrx_word' id='word_1_754' title='bbox 2115 4864 2198 4922; x_wconf 90' lang='lat' dir='ltr'><strong>tuno</strong></span> <span class='ocrx_word' id='word_1_755' title='bbox 2220 4858 2350 4922; x_wconf 85' lang='lat' dir='ltr'><strong>acerri-</strong></span> 
     </span>
     <span class='ocr_line' id='line_1_53' title="bbox 343 4939 2351 5022; baseline 0.003 -18"><span class='ocrx_word' id='word_1_756' title='bbox 343 4939 478 5004; x_wconf 92' lang='lat' dir='ltr'><strong>innoxie</strong></span> <span class='ocrx_word' id='word_1_757' title='bbox 510 4958 681 5004; x_wconf 87' lang='lat' dir='ltr'><strong>versemur</strong></span> <span class='ocrx_word' id='word_1_758' title='bbox 713 4960 786 5005; x_wconf 92' lang='lat' dir='ltr'><strong>cum</strong></span> <span class='ocrx_word' id='word_1_759' title='bbox 823 4941 991 5022; x_wconf 92' lang='lat' dir='ltr'><strong>proximis.</strong></span> <span class='ocrx_word' id='word_1_760' title='bbox 1052 4941 1186 5008; x_wconf 87' lang='lat' dir='ltr'><strong>Interea</strong></span> <span class='ocrx_word' id='word_1_761' title='bbox 1223 4942 1316 5007; x_wconf 88' lang='lat' dir='ltr'><strong>docet</strong></span> <span class='ocrx_word' id='word_1_762' title='bbox 1365 4961 1456 5007; x_wconf 90' lang='lat' dir='ltr'><strong>mum</strong></span> <span class='ocrx_word' id='word_1_763' title='bbox 1486 4941 1554 5006; x_wconf 85' lang='lat' dir='ltr'><strong>iore</strong></span> <span class='ocrx_word' id='word_1_764' title='bbox 1582 4939 1755 5006; x_wconf 89' lang='lat' dir='ltr'><strong>cuiuslibet</strong></span> <span class='ocrx_word' id='word_1_765' title='bbox 1781 4941 1913 5007; x_wconf 86' lang='lat' dir='ltr'><strong>sceleris</strong></span> <span class='ocrx_word' id='word_1_766' title='bbox 1942 4941 2120 5019; x_wconf 88' lang='lat' dir='ltr'><strong>vindicem,</strong></span> <span class='ocrx_word' id='word_1_767' title='bbox 2145 4942 2201 5008; x_wconf 95' lang='lat' dir='ltr'><strong>ubi</strong></span> <span class='ocrx_word' id='word_1_768' title='bbox 2226 4941 2351 5011; x_wconf 85' lang='lat' dir='ltr'><strong>nullus</strong></span> 
     </span>
     <span class='ocr_line' id='line_1_54' title="bbox 344 5022 2351 5111; baseline 0.002 -20"><span class='ocrx_word' id='word_1_769' title='bbox 344 5025 454 5091; x_wconf 83' lang='lat' dir='ltr'><strong>Moses</strong></span> <span class='ocrx_word' id='word_1_770' title='bbox 477 5043 573 5106; x_wconf 89' lang='lat' dir='ltr'><strong>quam</strong></span> <span class='ocrx_word' id='word_1_771' title='bbox 595 5023 763 5106; x_wconf 90' lang='lat' dir='ltr'><strong>placabilis</strong></span> <span class='ocrx_word' id='word_1_772' title='bbox 785 5022 882 5091; x_wconf 87' lang='lat' dir='ltr'><strong>inerit</strong></span> <span class='ocrx_word' id='word_1_773' title='bbox 903 5026 1016 5106; x_wconf 89' lang='lat' dir='ltr'><strong>Iacob,</strong></span> <span class='ocrx_word' id='word_1_774' title='bbox 1038 5035 1071 5092; x_wconf 92' lang='lat' dir='ltr'><strong>et</strong></span> <span class='ocrx_word' id='word_1_775' title='bbox 1092 5035 1216 5111; x_wconf 84' lang='lat' dir='ltr'><strong>quanto</strong></span> <span class='ocrx_word' id='word_1_776' title='bbox 1237 5028 1314 5093; x_wconf 84' lang='lat' dir='ltr'><strong>faoi·</strong></span> <span class='ocrx_word' id='word_1_777' title='bbox 1364 5026 1544 5094; x_wconf 82' lang='lat' dir='ltr'><strong>sedebitis</strong></span> <span class='ocrx_word' id='word_1_778' title='bbox 1567 5023 1687 5092; x_wconf 91' lang='lat' dir='ltr'><strong>mundo</strong></span> <span class='ocrx_word' id='word_1_779' title='bbox 1707 5023 1816 5091; x_wconf 90' lang='lat' dir='ltr'><strong>iudex.</strong></span> <span class='ocrx_word' id='word_1_780' title='bbox 1867 5027 1912 5092; x_wconf 82' lang='lat' dir='ltr'><strong>Et</strong></span> <span class='ocrx_word' id='word_1_781' title='bbox 1936 5035 2023 5094; x_wconf 90' lang='lat' dir='ltr'><strong>certe</strong></span> <span class='ocrx_word' id='word_1_782' title='bbox 2045 5026 2075 5092; x_wconf 89' lang='lat' dir='ltr'><strong>si</strong></span> <span class='ocrx_word' id='word_1_783' title='bbox 2104 5029 2225 5110; x_wconf 90' lang='lat' dir='ltr'><strong>quain</strong></span> <span class='ocrx_word' id='word_1_784' title='bbox 2246 5027 2351 5096; x_wconf 89' lang='lat' dir='ltr'><strong>nobis</strong></span> 
     </span>
     <span class='ocr_line' id='line_1_55' title="bbox 343 5109 2352 5198; baseline 0.004 -24"><span class='ocrx_word' id='word_1_785' title='bbox 343 5109 435 5176; x_wconf 89' lang='lat' dir='ltr'><strong>litate</strong></span> <span class='ocrx_word' id='word_1_786' title='bbox 457 5130 571 5193; x_wconf 85' lang='lat' dir='ltr'><strong>passus</strong></span> <span class='ocrx_word' id='word_1_787' title='bbox 591 5111 689 5175; x_wconf 82' lang='lat' dir='ltr'><strong>fuerit</strong></span> <span class='ocrx_word' id='word_1_788' title='bbox 715 5132 750 5175; x_wconf 92' lang='lat' dir='ltr'><strong>se</strong></span> <span class='ocrx_word' id='word_1_789' title='bbox 772 5109 888 5178; x_wconf 87' lang='lat' dir='ltr'><strong>adduci</strong></span> <span class='ocrx_word' id='word_1_790' title='bbox 909 5111 951 5177; x_wconf 91' lang='lat' dir='ltr'><strong>ad</strong></span> <span class='ocrx_word' id='word_1_791' title='bbox 973 5113 1187 5178; x_wconf 88' lang='lat' dir='ltr'><strong>concordiam.</strong></span> <span class='ocrx_word' id='word_1_792' title='bbox 1235 5112 1315 5178; x_wconf 91' lang='lat' dir='ltr'><strong>Plu·</strong></span> <span class='ocrx_word' id='word_1_793' title='bbox 1365 5113 1492 5198; x_wconf 85' lang='lat' dir='ltr'><strong>vigeret</strong></span> <span class='ocrx_word' id='word_1_794' title='bbox 1514 5112 1636 5195; x_wconf 88' lang='lat' dir='ltr'><strong>religio,</strong></span> <span class='ocrx_word' id='word_1_795' title='bbox 1660 5110 1758 5196; x_wconf 88' lang='lat' dir='ltr'><strong>louge</strong></span> <span class='ocrx_word' id='word_1_796' title='bbox 1780 5113 1885 5196; x_wconf 88' lang='lat' dir='ltr'><strong>magis</strong></span> <span class='ocrx_word' id='word_1_797' title='bbox 1908 5133 1968 5179; x_wconf 92' lang='lat' dir='ltr'><strong>nos</strong></span> <span class='ocrx_word' id='word_1_798' title='bbox 1990 5120 2138 5178; x_wconf 86' lang='lat' dir='ltr'><strong>moveret</strong></span> <span class='ocrx_word' id='word_1_799' title='bbox 2161 5114 2225 5179; x_wconf 90' lang='lat' dir='ltr'><strong>Dei</strong></span> <span class='ocrx_word' id='word_1_800' title='bbox 2244 5134 2352 5196; x_wconf 82' lang='lat' dir='ltr'><strong>prae·</strong></span> 
     </span>
     <span class='ocr_line' id='line_1_56' title="bbox 345 5195 2353 5281; baseline 0.004 -22"><span class='ocrx_word' id='word_1_801' title='bbox 345 5196 447 5260; x_wconf 86' lang='lat' dir='ltr'><strong>rimas</strong></span> <span class='ocrx_word' id='word_1_802' title='bbox 463 5205 496 5260; x_wconf 91' lang='lat' dir='ltr'><strong>et</strong></span> <span class='ocrx_word' id='word_1_803' title='bbox 517 5195 728 5278; x_wconf 86' lang='lat' dir='ltr'><strong>gravissimas</strong></span> <span class='ocrx_word' id='word_1_804' title='bbox 750 5196 887 5262; x_wconf 88' lang='lat' dir='ltr'><strong>iniurias</strong></span> <span class='ocrx_word' id='word_1_805' title='bbox 910 5197 1106 5280; x_wconf 90' lang='lat' dir='ltr'><strong>pertulerat:</strong></span> <span class='ocrx_word' id='word_1_806' title='bbox 1137 5219 1224 5266; x_wconf 88' lang='lat' dir='ltr'><strong>nnnc</strong></span> <span class='ocrx_word' id='word_1_807' title='bbox 1245 5219 1313 5264; x_wconf 90' lang='lat' dir='ltr'><strong>om·</strong></span> <span class='ocrx_word' id='word_1_808' title='bbox 1365 5199 1470 5264; x_wconf 90' lang='lat' dir='ltr'><strong>sentia</strong></span> <span class='ocrx_word' id='word_1_809' title='bbox 1492 5218 1591 5280; x_wconf 88' lang='lat' dir='ltr'><strong>quam</strong></span> <span class='ocrx_word' id='word_1_810' title='bbox 1613 5197 1760 5262; x_wconf 91' lang='lat' dir='ltr'><strong>omnium</strong></span> <span class='ocrx_word' id='word_1_811' title='bbox 1785 5197 1955 5264; x_wconf 91' lang='lat' dir='ltr'><strong>hominum</strong></span> <span class='ocrx_word' id='word_1_812' title='bbox 1984 5207 2191 5281; x_wconf 88' lang='lat' dir='ltr'><strong>conspectus:</strong></span> <span class='ocrx_word' id='word_1_813' title='bbox 2221 5196 2281 5264; x_wconf 86' lang='lat' dir='ltr'><strong>sed</strong></span> <span class='ocrx_word' id='word_1_814' title='bbox 2308 5203 2353 5268; x_wconf 84' lang='lat' dir='ltr'><strong>fit</strong></span> 
     </span>
     <span class='ocr_line' id='line_1_57' title="bbox 344 5279 2354 5369; baseline 0.006 -25"><span class='ocrx_word' id='word_1_815' title='bbox 344 5280 435 5344; x_wconf 90' lang='lat' dir='ltr'><strong>nium</strong></span> <span class='ocrx_word' id='word_1_816' title='bbox 468 5279 605 5360; x_wconf 91' lang='lat' dir='ltr'><strong>oblitus,</strong></span> <span class='ocrx_word' id='word_1_817' title='bbox 641 5300 775 5346; x_wconf 89' lang='lat' dir='ltr'><strong>manum</strong></span> <span class='ocrx_word' id='word_1_818' title='bbox 806 5281 847 5347; x_wconf 96' lang='lat' dir='ltr'><strong>ad</strong></span> <span class='ocrx_word' id='word_1_819' title='bbox 880 5282 1143 5350; x_wconf 89' lang='lat' dir='ltr'><strong>benevolentiam</strong></span> <span class='ocrx_word' id='word_1_820' title='bbox 1173 5283 1314 5351; x_wconf 91' lang='lat' dir='ltr'><strong>libenter</strong></span> <span class='ocrx_word' id='word_1_821' title='bbox 1364 5283 1460 5351; x_wconf 90' lang='lat' dir='ltr'><strong>bruto</strong></span> <span class='ocrx_word' id='word_1_822' title='bbox 1489 5283 1596 5348; x_wconf 89' lang='lat' dir='ltr'><strong>carnis</strong></span> <span class='ocrx_word' id='word_1_823' title='bbox 1629 5292 1760 5348; x_wconf 87' lang='lat' dir='ltr'><strong>nostrae</strong></span> <span class='ocrx_word' id='word_1_824' title='bbox 1790 5292 1923 5369; x_wconf 88' lang='lat' dir='ltr'><strong>stupore</strong></span> <span class='ocrx_word' id='word_1_825' title='bbox 1953 5294 1990 5351; x_wconf 93' lang='lat' dir='ltr'><strong>ut</strong></span> <span class='ocrx_word' id='word_1_826' title='bbox 2025 5285 2159 5351; x_wconf 90' lang='lat' dir='ltr'><strong>nonnisi</strong></span> <span class='ocrx_word' id='word_1_827' title='bbox 2188 5285 2354 5357; x_wconf 88' lang='lat' dir='ltr'><strong>homines</strong></span> 
     </span>
    </p>
   </div>
   <div class='ocr_carea' id='block_1_3' title="bbox 0 0 2498 6192">
    <p class='ocr_par' dir='ltr' id='par_1_3' title="bbox 0 0 2498 6192">
     <span class='ocr_line' id='line_1_58' title="bbox 0 0 2498 6192; baseline 0 0"><span class='ocrx_word' id='word_1_828' title='bbox 0 0 2498 6192; x_wconf 95' lang='lat' dir='ltr'><strong> </strong></span> 
     </span>
    </p>
   </div>
  </div>
 </body>
</html>
