5000 6208
120 443 175 510 353
764 431 1134 503 COMMENTARIUS
1153 433 1201 499 IN
1225 431 1438 500 annuant.
1756 477 1762 494 .
2043 441 2109 508 354

121 633 201 697 bunt.
246 622 313 692 Sed
347 625 402 708 qui
435 623 506 689 fieri
539 623 643 707 potuit
676 629 714 687 ut
742 631 834 705 pater
863 623 987 688 oraculi
1015 642 1080 688 non
1133 641 1254 706 genus,
1283 631 1317 687 et
1346 622 1446 687 exitio
1475 621 1655 704 addictum,
1682 623 1866 709 quicunque
1896 625 1980 692 salvi
2011 628 2106 708 fiunt,

120 719 259 802 ignarus,
287 711 479 795 propensior
509 709 677 776 tamenin
705 707 959 792 primogenitum
987 708 1081 788 ieret,
1133 707 1266 772 nonnisi
1287 727 1378 772 mera
1400 707 1464 773 Dei
1487 710 1593 792 gratia
1614 709 1654 774 ab
1677 710 1814 776 interitu
1836 710 1977 778 libcrari.
2013 713 2109 780 Ideo-

121 821 205 886 qucm
235 797 393 862 divinitus
423 797 579 862 reiectum
612 793 755 861 sciebat?
785 793 917 877 pietatis
939 793 1027 858 euim
1049 802 1083 860 et
1132 813 1195 876 quc
1224 813 1289 858 non
1320 793 1479 877 praeferri
1511 793 1591 860 alios
1619 794 1691 860 aliis
1724 796 1856 880 proprio
1883 800 2013 864 merito:
2048 801 2107 867 sed

120 885 287 952 modestiae
308 883 422 948 inisset
440 881 593 947 effectum
614 881 723 964 potius
744 900 841 946 suum
864 880 1083 964 subigerent
1133 897 1233 962 quum
1256 899 1416 963 peraeque
1437 901 1551 946 omncs
1574 880 1681 966 gratie
1709 880 1835 966 indigui
1865 883 1946 964 sint,
1977 887 2105 952 servari

120 973 183 1038 Deo
204 985 341 1052 pareret.
378 967 509 1033 Priores
530 969 649 1031 amoris
670 974 781 1049 partes
803 965 864 1032 sibi
888 964 1083 1031 naturaliter
1132 984 1212 1046 quos
1231 985 1290 1030 eno
1308 965 1441 1031 arbitrio
1460 967 1552 1031 Dens
1568 966 1681 1051 clegit:
1702 966 1819 1032 deinde
1837 967 1936 1035 altius
1953 990 2106 1037 conscen-

120 1055 347 1142 primogenitus
370 1053 535 1120 vendicat:
565 1052 622 1118 sed
645 1051 757 1135 quiin
784 1050 931 1116 ordinem
954 1062 1083 1117 coactus
1133 1047 1190 1128 dit,
1213 1070 1314 1133 quum
1336 1051 1429 1116 Deus
1450 1051 1565 1116 mnndi
1587 1052 1631 1116 sit
1651 1052 1770 1136 opifex,
1793 1073 1852 1120 suo
1874 1054 1946 1121 iure
1967 1057 2014 1120 ita
2035 1078 2106 1124 esse

119 1157 181 1210 erat
197 1141 259 1206 Dei
282 1139 423 1219 oraculo,
445 1159 519 1204 cnm
539 1158 638 1221 snpra
654 1137 790 1202 fratrem
809 1134 973 1230 extollere,
997 1137 1082 1220 petri
1134 1136 1220 1201 vitae
1249 1144 1282 1201 et
1310 1137 1424 1202 mortis
1454 1136 1629 1216 arbitrum,
1661 1147 1698 1203 ut
1726 1139 1810 1205 ratio
1840 1160 1906 1205 non
1928 1143 1970 1206 sit
1996 1142 2037 1208 ab
2067 1165 2105 1209 oo

119 1229 249 1295 liberum
279 1246 343 1292 non
371 1225 441 1291 suit
490 1223 600 1291 Multo
624 1223 722 1288 etiam
753 1223 856 1306 magis
884 1222 1082 1305 pudendum,
1132 1220 1309 1306 exigenda:
1331 1221 1389 1288 sed
1411 1221 1481 1288 eius
1502 1222 1656 1289 voluutas
1677 1224 1721 1289 sit
1742 1244 1841 1290 causa
1862 1245 2044 1308 cansarum,
2068 1239 2106 1294 nt

119 1323 147 1380 et
168 1321 279 1379 sancto
308 1309 496 1396 patriarche
523 1309 711 1393 indignum,
739 1307 826 1390 qnod
853 1327 930 1373 mox
952 1307 1084 1374 subiicit
1133 1307 1179 1371 ita
1201 1306 1323 1388 loquar.
1366 1307 1481 1390 Neque
1509 1329 1584 1374 vero
1607 1308 1668 1374 hoc
1690 1309 1785 1376 modo
1806 1309 1933 1378 Paulus
1956 1315 2106 1398 tyranni·

118 1401 227 1477 Moses,
248 1411 346 1482 gustu
364 1397 473 1463 carnis
489 1394 614 1460 ferinae
631 1393 732 1460 fnisse
749 1393 904 1474 illectum,
922 1402 960 1458 ut
977 1394 1082 1459 filium
1134 1391 1207 1456 dem
1230 1391 1302 1459 Deo
1324 1393 1469 1478 affingit,
1498 1393 1594 1459 sicuti
1616 1393 1781 1478 sophistae
1803 1395 1843 1462 de
1865 1396 2013 1463 absoluta
2034 1399 2105 1467 cius

118 1486 201 1551 Idsan
222 1485 328 1568 magis
350 1490 484 1548 amaret.
528 1481 716 1546 Tantumne
738 1479 879 1546 valuisse
900 1478 987 1562 apud
1008 1501 1081 1544 eum
1132 1485 1292 1560 potestate
1314 1487 1490 1563 ungentur.
1528 1477 1594 1546 Sed
1615 1500 1716 1564 quum
1738 1481 1866 1548 habitet
1886 1483 1993 1550 lucem
2014 1484 2106 1553 inac-

121 1571 213 1654 palati
243 1568 385 1647 delitias,
415 1578 453 1632 nt
479 1567 600 1632 oblitus
629 1565 768 1646 oraculi,
796 1572 1022 1632 mntemncret
1045 1565 1081 1630 in
1133 1584 1272 1642 cessam,
1312 1573 1346 1630 et
1377 1564 1498 1630 iudicia
1529 1566 1598 1630 cius
1630 1587 1742 1633 omnes
1774 1567 1907 1648 abyssos
1940 1581 2105 1653 superent,

118 1655 207 1722 Iacob
228 1651 293 1720 Dei
316 1654 471 1739 gratiam:
501 1651 541 1718 ad
570 1673 645 1718 eum
669 1672 864 1735 veroquam
887 1652 979 1716 Deus
1000 1651 1082 1716 reie-
1133 1648 1312 1732 prudenter
1340 1649 1429 1716 iubet
1450 1650 1574 1717 Paulus
1600 1649 1636 1716 in
1665 1652 1732 1718 solo
1760 1653 1831 1718 cius
1859 1656 2022 1737 proposito
2052 1678 2106 1724 ac·

118 1749 215 1820 cerat,
245 1741 392 1806 animum
421 1748 630 1822 praepostere
658 1736 860 1822 applicaret?
882 1737 972 1802 Eaut
994 1757 1083 1802 nnnc
1133 1736 1314 1818 quiescere:
1333 1757 1374 1800 ne
1392 1737 1420 1802 si
1437 1735 1586 1802 homines
1604 1737 1701 1804 nimis
1718 1739 1837 1805 curiosi
1849 1761 1921 1806 esee
1939 1751 2104 1825 appetant,

118 1826 241 1902 Iudaei,
272 1827 361 1890 etin
384 1844 481 1890 carne
504 1825 699 1909 glorientur:
729 1843 829 1905 quum
857 1821 952 1888 Isaac
978 1822 1083 1905 pluris
1132 1822 1328 1887 immensum
1361 1821 1443 1887 illud
1476 1822 1574 1888 chaos
1600 1842 1715 1889 omnes
1743 1824 1875 1890 illorum
1905 1846 2021 1894 sensus
2049 1827 2105 1893 ab·

117 1913 219 1979 cibum
241 1911 364 1977 faciens
391 1931 487 1994 quam
518 1910 713 1976 destinatam
741 1909 808 1974 filio
837 1907 1082 1989 haereditatem,
1133 1907 1272 1972 sorbeat.
1308 1906 1417 1974 Stulte
1439 1929 1517 1992 ergo
1534 1929 1577 1974 ex
1596 1908 1657 1976 hoc
1673 1910 1743 1975 loco
1766 1911 1942 1976 aestimant
1964 1911 2105 1996 quidam,

117 1999 293 2082 gratuitum
315 1995 380 2061 Dei
402 1995 526 2074 foedus,
548 2008 708 2079 quantum
730 1994 765 2059 in
788 2014 823 2059 se
845 2003 929 2074 erat,
950 2016 1082 2078 perver·
1134 2013 1235 2075 quum
1268 2013 1310 2057 ex
1349 1992 1475 2059 duobus
1507 1993 1663 2061 fratribus
1696 1995 1835 2060 alterum
1870 1995 1962 2062 Deus
1995 1999 2105 2083 elegit,

116 2084 196 2150 terit.
253 2083 369 2166 Neque
403 2082 490 2148 enim
530 2079 730 2147 excusationi
769 2080 859 2145 locus
899 2087 964 2158 est,
1004 2080 1082 2163 quin
1132 2077 1235 2143 altero
1257 2078 1457 2160 posthabito,
1488 2080 1637 2162 praevisa
1664 2079 1767 2148 fnisse
1788 2082 1956 2166 utriusque
1978 2087 2105 2150 merita.

117 2189 214 2250 caeco,
238 2169 291 2236 vel
313 2168 428 2234 saltem
451 2166 549 2232 nimis
571 2165 811 2233 inconsiderato
835 2185 944 2230 amore
961 2165 1082 2248 primo·
1134 2163 1219 2228 Nem
1238 2173 1275 2228 ut
1297 2162 1443 2230 differret
1461 2164 1557 2230 Iacob
1580 2166 1620 2231 ab
1638 2166 1737 2244 Esau,
1760 2188 1893 2234 neeesse
1915 2169 1977 2233 luit
1997 2170 2105 2251 ipsum

115 2255 215 2340 geniti
243 2254 303 2319 filii
332 2252 471 2319 alterum
500 2252 738 2337 posthabuerit:
766 2271 809 2316 an
837 2251 975 2316 adverso
1002 2251 1083 2317 vitio
1133 2247 1246 2314 aDec
1268 2248 1424 2316 discerni:
1455 2250 1575 2334 alioqui
1604 2251 1701 2317 fratri
1729 2272 1794 2318 non
1819 2252 1986 2320 dissimilis
2014 2255 2104 2322 futu-

115 2339 310 2406 laboraverit
333 2349 446 2418 mater,
472 2338 632 2404 incertum
655 2347 713 2404 est.
749 2335 807 2403 Sic
829 2337 916 2402 enim
938 2337 1082 2419 plerum·
1134 2355 1190 2400 rus
1207 2342 1287 2400 eret.
1321 2337 1368 2401 lit
1383 2357 1511 2420 semper
1527 2336 1610 2401 illud
1628 2336 1723 2403 Pauli
1745 2339 1902 2405 memoria
1924 2339 2101 2406 tenendum

115 2446 174 2509 que
202 2425 356 2491 videmus
386 2423 489 2491 scindi
518 2433 692 2508 parentum
722 2422 843 2503 studia,
876 2431 913 2485 ut
935 2422 963 2487 si
985 2443 1083 2506 quem
1133 2429 1198 2498 est,
1231 2421 1395 2488 neminem
1424 2443 1503 2506 prae
1530 2422 1633 2487 altero
1662 2423 1823 2490 excellere
1851 2445 1909 2491 sua
1937 2425 2102 2492 industria

113 2533 152 2576 ex
169 2511 245 2576 filiis
265 2511 367 2576 amari
385 2510 474 2576 videt
493 2530 577 2574 uxor
595 2509 763 2589 emerito,
786 2507 951 2575 contraria
972 2529 1084 2574 aemu-
1133 2514 1191 2570 eut
1212 2507 1344 2586 virtute,
1367 2509 1425 2574 sed
1446 2508 1516 2573 sola
1526 2508 1588 2573 Dei
1607 2509 1722 2593 gratia.
1755 2509 1930 2576 Caeterum
1953 2512 2103 2594 quemvis

113 2597 230 2662 ledunc
247 2597 283 2662 in
305 2596 443 2662 alterum
467 2596 571 2680 magis
592 2594 738 2661 inclinet.
778 2593 913 2661 Amavit
934 2593 1083 2662 Rebecca
1132 2612 1227 2674 pares
1257 2601 1366 2662 essent
1392 2604 1510 2659 natura
1538 2593 1632 2660 ambo
1659 2595 1792 2675 iratres,
1823 2596 1857 2661 in
1882 2597 1972 2662 Esau
1994 2604 2105 2663 tamen

112 2682 212 2748 filium
230 2682 329 2748 Iacob
347 2703 426 2765 prae
436 2683 541 2748 Esau:
560 2681 587 2748 si
604 2680 797 2747 vaticinium
814 2686 960 2762 sequuta,
977 2689 1081 2745 recte:
1133 2697 1275 2760 persona
1300 2680 1393 2763 quasi
1414 2681 1449 2745 in
1470 2679 1600 2764 speculo
1621 2680 1732 2747 Moses
1761 2679 1853 2746 nobis
1880 2691 2105 2764 repraesentat

111 2767 165 2832 aad
186 2769 261 2834 ficri
283 2777 388 2852 potest
410 2775 447 2834 ut
468 2768 566 2832 fuerit
595 2769 694 2832 etiam
720 2765 953 2849 incompositus
981 2786 1081 2832 amor.
1135 2763 1246 2846 quales
1267 2765 1333 2830 sint
1354 2786 1468 2832 omnes
1496 2765 1625 2848 reprobi
1646 2766 1703 2849 qui
1725 2787 1783 2833 suo
1805 2767 1935 2850 ingenio
1957 2767 2062 2835 relicti
2084 2789 2104 2834 a

112 2855 219 2938 Atque
245 2855 309 2918 hac
329 2854 364 2919 in
386 2861 479 2938 perte
506 2853 645 2918 nimium
666 2874 702 2919 se
724 2850 832 2936 prodit
853 2860 990 2916 naturae
1011 2871 1082 2918 cor-
1134 2850 1251 2932 spiritu
1278 2851 1341 2916 Dci
1370 2873 1436 2917 non
1466 2851 1702 2936 gubernantur.
1753 2852 1795 2917 In
1828 2874 1967 2937 persona
1993 2861 2104 2920 autem

111 2940 248 3024 ruptele.
303 2938 436 3005 Nullum
471 2939 616 3005 sanctius
647 2937 798 3023 coningio
830 2935 1000 3004 vinculum
1032 2946 1082 3004 est
1133 2934 1231 3001 Iacob
1252 2935 1396 3002 ostendit
1417 2958 1483 3002 non
1507 2958 1577 3004 esse
1599 2938 1735 3004 otiosam
1758 2938 1940 3022 adoptionis
1963 2939 2105 3023 gratiam

110 3027 216 3091 mutui
239 3045 435 3106 cousensus,
458 3024 619 3092 accedunt
639 3023 738 3090 etiem
761 3023 837 3090 novi
857 3044 964 3089 nexus
984 3024 1021 3088 in
1042 3022 1081 3087 li·
1134 3021 1168 3085 in
1191 3022 1318 3088 electis:
1347 3024 1422 3107 quia
1444 3023 1605 3088 Dominus
1627 3045 1699 3089 eam
1722 3045 1783 3090 sue
1804 3025 1975 3091 vocatione
1995 3023 2105 3092 elfica·

109 3110 211 3191 beris,
252 3112 342 3196 atqui
382 3110 508 3176 dissidii
546 3111 748 3176 occasionem
787 3129 883 3192 saepe
914 3110 1081 3192 praebent.
1134 3106 1215 3173 citer
1241 3108 1400 3192 obsignat.
1444 3108 1541 3175 Unde
1569 3131 1646 3194 ergo
1675 3111 1713 3174 fit
1742 3117 1779 3174 nt
1805 3109 1956 3176 venalem
1984 3109 2105 3178 habeat

111 3195 194 3278 Quia
212 3206 326 3263 tamen
344 3197 441 3280 paulo
457 3203 533 3282 post
549 3195 697 3262 videmus
711 3195 894 3262 Rebeccam
910 3195 1083 3278 praecipue
1132 3193 1425 3279 primogenituram
1435 3194 1535 3274 Esau,
1556 3195 1621 3260 nisi
1638 3196 1716 3278 quie
1731 3195 1849 3279 spiritu
1866 3197 1930 3262 Dei
1947 3197 2106 3280 privatus,

109 3282 142 3346 in
171 3284 239 3349 Dei
272 3283 532 3350 benedictionem
564 3281 726 3348 intentam
758 3279 874 3359 inisse,
906 3280 1083 3365 probabilis
1135 3290 1257 3344 terram
1290 3279 1451 3346 duntaxat
1483 3280 1591 3365 sepit?
1625 3280 1712 3347 unde
1745 3281 1840 3346 fratri
1868 3280 1966 3348 Iacob
1999 3293 2037 3348 ut
2069 3303 2105 3348 se

110 3369 295 3435 coniectura
323 3379 388 3449 est,
418 3367 482 3433 Dei
510 3367 684 3434 autoritate
716 3366 816 3433 inisse
847 3364 1016 3432 inductam
1046 3373 1083 3432 ut
1133 3367 1263 3449 proprio
1282 3367 1372 3432 victu
1389 3364 1554 3442 fraudans,
1576 3365 1718 3432 inediam
1741 3367 1903 3450 patienter
1926 3368 2017 3446 ierat,
2040 3368 2105 3433 nisi

107 3454 329 3540 primogenito
361 3455 522 3520 minorem
586 3453 755 3518 reeierret:
796 3453 923 3517 interea
962 3453 1083 3518 stultus
1133 3453 1210 3534 quia
1231 3453 1348 3536 spiritu
1369 3459 1484 3518 sancto
1505 3451 1586 3517 duce
1608 3473 1709 3536 snpra
1736 3453 1895 3519 mundum
1919 3475 1954 3518 se
1977 3452 2104 3530 attollit,

106 3541 210 3624 patris
233 3561 328 3606 emor
347 3540 530 3624 adoptionis
576 3539 682 3604 ‘vinee
703 3539 843 3621 gratiam
865 3539 971 3622 magis
992 3537 1083 3605 illus·
1134 3544 1168 3602 at
1192 3536 1232 3602 ad
1255 3537 1425 3604 coelestem
1447 3539 1550 3604 vitam
1572 3538 1727 3622 adspirat.
1771 3537 1914 3604 Proinde
1942 3536 2105 3604 discemus

106 3635 179 3692 trat.
1133 3643 1341 3708 quoscunque
1367 3623 1504 3706 spiritus
1531 3625 1582 3688 sni
1609 3625 1716 3708 gratia
1738 3644 1802 3688 nou
1824 3623 1982 3708 dignatur
2002 3625 2104 3704 Deus,

192 3712 246 3779 29.
279 3711 325 3776 Et
355 3712 436 3778 coeit
463 3710 556 3777 Iacob
588 3710 757 3777 menan.
804 3709 929 3776 Parnm
959 3729 978 3774 a
1007 3709 1084 3775 lusu
1133 3709 1291 3775 animales
1313 3730 1384 3775 esse
1406 3730 1442 3775 ac
1467 3709 1595 3789 brutos,
1622 3717 1655 3775 et
1677 3730 1780 3793 usque
1802 3709 1882 3776 adeo
1904 3707 2029 3775 deditos
2051 3731 2105 3775 ca·

106 3799 226 3880 puerili
271 3796 381 3862 differt
418 3795 500 3863 haec
537 3796 683 3862 historia.
729 3796 851 3879 Ocquit
882 3795 980 3861 Iacob
1012 3795 1084 3878 pul·
1134 3794 1237 3860 ducac
1255 3796 1349 3874 vitae,
1367 3803 1406 3860 ut
1423 3795 1463 3861 de
1480 3796 1642 3879 spirituali
1659 3794 1724 3861 Dei
1741 3815 1926 3883 regnonon
1944 3797 2104 3880 cogitent:
2229 3843 2235 3855 ,

106 3893 277 3950 mentum:
308 3883 392 3948 redit
414 3903 457 3948 ex
478 3883 653 3948 venatione
675 3881 775 3947 irater
797 3881 902 3948 laesus
924 3901 962 3946 ac
985 3881 1084 3947 leme-
1134 3901 1215 3963 quos
1244 3901 1323 3946 vero
1344 3881 1438 3947 Deus
1464 3880 1624 3966 regendos
1646 3883 1807 3965 suscepit,
1832 3903 1897 3948 non
1924 3881 1970 3947 ita
1999 3880 2106 3946 teneri

106 3967 197 4048 licus,
216 3969 328 4036 cibum
347 3968 605 4052 primogenitura
622 3967 762 4033 redimit.
795 3965 922 4049 Qualia,
943 3966 1084 4046 obscero,
1134 3966 1310 4049 implicitos
1338 3967 1448 4032 carnis
1475 3966 1634 4032 illecebris
1656 3967 1735 4051 quin
1757 3987 1919 4050 supernae
1941 3966 2104 4034 vocationi

104 4053 168 4120 ista
190 4053 391 4122 conventio?
413 4053 547 4120 Inediee
574 4054 684 4119 fratris
705 4052 792 4118 ultro
816 4073 1006 4121 succurrere
1029 4052 1084 4118 de·
1133 4052 1255 4117 intenti
1269 4053 1344 4118 sint.
1377 4051 1474 4118 Unde
1492 4055 1646 4136 sequitur,
1669 4052 1821 4135 reprobos
1839 4074 1953 4118 ornnes
1970 4071 2104 4117 manere

107 4139 204 4206 bebat
227 4140 337 4206 Iacob.
383 4138 496 4222 Quum
518 4149 652 4225 rogatus
674 4149 782 4223 neget,
805 4141 963 4222 quianon
986 4138 1083 4204 inhu·
1134 4138 1298 4205 demersos
1320 4139 1355 4202 in
1377 4137 1570 4223 corruptelis
1591 4139 1713 4205 carnis:
1744 4139 1863 4204 electos
1886 4158 1964 4203 vero
1986 4138 2104 4222 spiritu

105 4227 282 4292 munitatis
303 4247 378 4290 cum
409 4225 562 4291 damnet?
586 4224 683 4306 Quod
705 4225 777 4290 iure
804 4224 1084 4308 primogeniturae
1134 4233 1246 4291 sancto
1279 4224 1445 4302 renovari,
1478 4235 1514 4289 ut
1542 4225 1607 4290 sint
1635 4225 1697 4289 Dei
1725 4225 1918 4308 figmentum
1948 4222 1989 4289 ad
2019 4224 2104 4290 bone

106 4311 223 4377 cedere
246 4313 348 4396 cogit,
376 4310 491 4376 illicite
521 4333 593 4377 esse
618 4309 748 4375 videtur
770 4332 807 4376 ac
829 4310 1082 4394 frivolanpactio.
1133 4330 1231 4393 opera
1257 4309 1366 4375 creati.
1419 4307 1458 4376 Si
1484 4310 1557 4394 quis
1585 4311 1725 4393 excipiat
1751 4331 1843 4392 posse
1872 4311 1944 4375 Deo
1976 4319 2104 4392 partem

105 4395 174 4462 Sed
196 4399 234 4462 in
266 4419 302 4462 re
328 4418 396 4462 nou
425 4397 536 4480 magni
565 4396 721 4462 momenti
748 4395 898 4479 probavit
918 4397 1009 4464 Deus
1035 4398 1083 4462 in·
1134 4397 1247 4479 culpae
1269 4394 1423 4475 adscribi,
1445 4395 1503 4479 qui
1525 4404 1691 4477 stuporem
1714 4403 1747 4461 ct
1769 4416 1889 4478 pravas
1910 4395 2105 4479 cupiditates

105 4485 245 4566 genium
268 4483 373 4550 Esau:
408 4493 441 4548 et
463 4504 593 4549 rursum
626 4482 791 4566 specimen
821 4491 951 4546 exstare
980 4481 1084 4548 voluit
1134 4481 1280 4565 reprobis
1301 4483 1466 4566 ingenitas
1488 4502 1553 4546 non
1574 4481 1725 4565 corrigit,
1754 4481 1873 4546 solutio
1896 4481 2104 4564 inpromptu

104 4569 244 4652 pietatis
268 4568 381 4636 Iacob:
411 4568 465 4634 vel
487 4567 538 4655 (nt
563 4569 669 4652 magis
696 4567 827 4652 proprie
854 4566 984 4654 loquar)
1028 4567 1084 4634 uid
1134 4581 1200 4648 est,
1229 4566 1444 4633 muscientiee
1473 4569 1618 4650 ipsorum
1647 4565 1834 4632 testimonio
1862 4588 1925 4648 qno
1947 4566 2104 4632 damnare

103 4655 227 4720 lateret
268 4655 303 4720 in
342 4667 483 4739 utroque
522 4655 682 4738 patefecit.
738 4653 914 4720 Pelluntur
952 4589 1084 4736 quibem
1131 4674 1167 4719 se
1190 4662 1360 4738 coguntur,
1382 4651 1491 4718 Deum
1513 4651 1646 4718 absolvi.
1692 4651 1803 4734 Quare
1832 4651 1916 4716 nihil
1938 4651 2026 4715 aliud
2049 4673 2104 4717 su·

104 4739 214 4820 multi,
235 4739 318 4805 dum
328 4740 406 4808 hine
423 4761 556 4806 censam
575 4739 743 4807 electionis
752 4739 851 4805 Iacob
869 4739 1083 4822 suspendunt,
1132 4749 1250 4823 pereat,
1273 4739 1338 4803 nisi
1360 4749 1433 4804 uta
1455 4739 1536 4804 facie
1555 4737 1690 4803 Domini
1712 4738 1807 4803 sileat
1829 4737 1937 4802 omnis
1958 4757 2044 4815 caro,
2066 4756 2105 4802 ac

104 4827 193 4910 quod
224 4826 372 4910 aliquam
399 4828 433 4891 in
464 4847 502 4892 eo
531 4825 723 4911 dignitatem
751 4823 949 4909 praeviderit
974 4825 1082 4891 Deus:
1133 4834 1220 4890 totus
1242 4823 1384 4889 mundus
1406 4845 1442 4889 se
1469 4825 1646 4890 obnoxium
1674 4845 1745 4888 esse
1772 4822 1933 4888 confitens
1962 4823 2033 4888 eiua
2054 4823 2104 4886 in·

104 4923 137 4978 ct
156 4913 254 4979 Esau
274 4911 347 4977 ideo
364 4912 573 4995 reprobatum
595 4912 695 4978 luisse
717 4920 843 4995 putant,
867 4909 952 4994 quod
974 4911 1085 4977 future
1132 4909 1216 4975 dicio
1237 4909 1431 4975 humilietur
1451 4909 1559 4993 potins
1580 4930 1677 4992 quam
1699 4907 1838 4992 superbe
1860 4907 1974 5074 litiget.

104 5000 175 5064 oins
210 4998 366 5080 impietae
400 4997 464 5064 Dei
494 4998 668 5081 adoptione
700 4996 872 5082 indignum
906 4994 1086 5062 reddiderit
1218 4996 1270 5061 30.
1295 4993 1361 5062 Fac
1382 5015 1431 5060 :ne
1450 4995 1600 5061 comedam
1622 5015 1702 5061 auno
1723 4995 1761 5060 de
1782 4993 1864 5076 rufo.
1938 5011 2105 5078 uunquam

102 5085 304 5168 priusquam
322 5093 521 5151 nasceretur.
560 5083 682 5149 Paulus
699 5084 877 5167 gratuitam
894 5082 1084 5149 electionem
1133 5080 1184 5148 his
1207 5080 1317 5147 verbis
1339 5079 1482 5147 declaret
1503 5080 1606 5160 Esau,
1633 5101 1668 5144 sc
1697 5080 1831 5144 minime
1859 5089 2012 5162 appetere
2034 5079 2104 5143 lau·

102 5181 280 5247 statuens,
309 5169 532 5252 quaerendum
555 5189 626 5234 esse
650 5169 825 5235 discrimen
847 5168 1002 5248 negatio
1024 5166 1084 5233 he·
1133 5169 1232 5246 titius,
1255 5166 1312 5233 sed
1334 5166 1552 5250 qualicunque
1574 5165 1645 5232 cibo
1667 5172 1858 5232 contentum
1882 5186 1952 5230 esec
1976 5163 2105 5250 (utpote

103 5257 240 5320 minum
277 5256 440 5337 personis,
474 5275 512 5320 ac
543 5257 649 5338 primo
681 5253 810 5338 quidem
842 5252 923 5318 illud
956 5253 1085 5318 axioma
1133 5253 1187 5336 qui
1210 5253 1336 5336 pultem
1358 5273 1377 5318 a
1399 5252 1514 5333 colore,
1536 5251 1659 5335 saporis
1680 5251 1869 5327 immemor,
1892 5250 2106 5334 contemptim

100 5342 226 5418 sumit,
257 5360 360 5423 quum
380 5341 541 5425 perditum
566 5340 610 5406 sit
631 5362 652 5406 a
673 5360 733 5406 sua
753 5339 879 5424 origine
901 5338 1084 5404 humanum
1133 5337 1307 5426 designat),
1337 5339 1497 5404 conficere
1520 5347 1630 5402 tamen
1652 5337 1736 5414 licet,
1760 5357 1830 5402 rem
1851 5335 1936 5401 serio
1957 5335 2107 5403 animad-

209 5439 328 5496 Galor'nr'
345 5457 439 5513 opero.
478 5441 536 5499 Vol
552 5439 671 5496 XXIII.
1846 5435 1881 5492 23
