5022 6192
133 431 175 496 69
789 425 1159 497 COMMENTARIUS
1181 432 1230 498 IN
1254 431 1468 500 acnuam.
2082 432 2124 504 ‘10

132 619 252 684 hebeat
272 639 385 686 oeeoee
406 619 533 685 ultioni.
566 620 637 686 Hoc
665 620 760 686 modo
786 620 958 684 tradentur
979 616 1107 701 reprobi
1157 621 1343 687 calcaneum.
1378 621 1458 687 Tale
1476 623 1562 685 enirn
1585 621 1694 686 odium
1716 623 1785 686 fora
1807 619 1985 687 denunciat
2006 631 2045 687 ut
2063 623 2126 689 sibi

133 708 167 770 in
192 708 301 789 ignem
325 717 494 770 aeternum
516 727 587 772 cum
613 706 681 770 suis
702 705 905 788 corporibus,
928 725 1010 788 quae
1031 704 1108 767 licet
1158 707 1245 772 ultro
1272 709 1417 789 citroque
1446 707 1573 772 molesti
1602 709 1684 773 sint:
1721 717 1905 792 serpentem
1936 708 2125 774 hominibus

133 792 261 855 nullum
285 813 343 876 per
363 813 399 856 se
421 805 543 856 motum
565 793 720 868 habeant,
751 811 874 874 organa
899 802 1006 854 tamen
1031 801 1107 853 strat
1158 794 1313 857 infestum
1335 793 1419 869 fore,
1449 801 1482 857 et
1509 791 1657 858 homines
1684 793 1827 860 vicissim
1857 791 2032 878 perdendis
2058 815 2126 859 ser·

133 878 230 940 malis
243 878 479 960 perpetrandis.
513 878 568 943 Sic
583 877 723 942 hominis
740 875 891 940 manibus
913 875 1106 941 adscribitur
1158 877 1309 960 pentibus
1330 878 1400 943 fore
1421 879 1574 943 intentos.
1625 877 1758 944 Interea
1779 878 1927 945 videmus
1949 888 1985 946 ut
2007 901 2041 945 so
2063 879 2127 947 ole-

133 963 292 1045 quidquid
322 963 479 1027 scelerum
507 964 683 1029 committit
709 962 781 1034 ille,
809 983 845 1026 ae
867 959 939 1024 ideo
963 961 1106 1042 pollutae
1158 973 1286 1028 menter
1312 963 1348 1026 in
1377 964 1510 1028 homine
1543 965 1731 1047 castigando
1762 972 1856 1050 gerat
1885 965 2058 1044 Dominus,
2091 967 2127 1030 in

134 1059 323 1112 censentur:
354 1070 453 1130 quum
474 1061 583 1113 tamen
606 1071 641 1112 se
663 1052 749 1132 ipses
772 1069 835 1112 non
858 1059 1018 1122 moveant,
1043 1046 1105 1110 nisi
1158 1070 1253 1133 quem
1276 1050 1421 1132 serpenti
1451 1071 1513 1114 oon
1544 1049 1631 1114 ultra
1659 1051 1822 1132 permittit
1843 1071 1939 1133 quem
1963 1060 2002 1116 ut
2023 1052 2127 1117 calca·

134 1145 296 1217 quatenus
316 1155 415 1217 pravo
435 1135 541 1200 cordis
560 1135 677 1199 affectu
696 1134 863 1216 impulsae,
885 1145 1106 1214 exsequuntur
1158 1155 1256 1199 neum
1289 1137 1447 1219 attingat,
1487 1155 1587 1217 quum
1622 1135 1671 1200 illi
1703 1135 1854 1201 subiiciet
1886 1135 2127 1203 vulnerandum

135 1221 221 1301 quod
240 1221 306 1285 illic
327 1231 516 1302 conceptum
538 1231 596 1285 est.
631 1221 819 1284 Secundum
839 1219 923 1283 hano
945 1220 1104 1282 rationem
1158 1222 1317 1302 serpentis
1340 1229 1444 1302 eaput.
1489 1221 1574 1284 Nam
1604 1221 1638 1284 in
1667 1221 1853 1287 nominibus
1875 1222 1991 1304 capitis
2012 1232 2045 1287 et
2066 1223 2129 1288 cel-

136 1307 257 1369 dieitur
269 1306 381 1370 senisse
398 1327 532 1388 serpens
551 1306 637 1388 quod
655 1305 801 1370 diabolus
818 1325 877 1388 per
894 1307 999 1386 ipsum
1018 1303 1104 1368 fecit.
1158 1309 1247 1371 canei
1271 1306 1435 1372 distinctio
1457 1315 1508 1372 est
1529 1309 1615 1370 inter
1632 1309 1780 1390 superius
1799 1317 1832 1372 ct
1851 1309 1997 1373 inferius.
2020 1311 2129 1392 Atque

137 1391 263 1456 Verum
277 1393 304 1454 si
319 1403 384 1456 tem
395 1394 550 1457 severein
565 1392 696 1456 brutum
708 1391 828 1463 asimel
838 1390 1004 1455 ulciscitur
1018 1391 1106 1454 Deus
1158 1393 1205 1456 ita
1242 1393 1458 1476 principatum
1497 1391 1637 1474 aliquem
1672 1391 1765 1458 Deus
1804 1393 1929 1457 homini
1962 1393 2128 1459 residuum

137 1478 280 1542 hominis
313 1477 465 1557 exitium,
499 1478 602 1542 multo
636 1477 744 1542 minus
776 1475 919 1542 Satanae
952 1476 1105 1558 pepercit,
1160 1477 1250 1542 facit:
1282 1479 1359 1559 quia
1386 1479 1431 1542 sic
1459 1487 1608 1541 mutuum
1636 1478 1772 1543 nocendi
1795 1479 1947 1544 affectum
1969 1481 2070 1561 ponit,
2093 1487 2131 1544 ut

136 1564 239 1628 totius
258 1563 333 1627 mali
354 1565 474 1627 autori:
498 1563 583 1645 quod
596 1585 637 1627 ox
655 1562 800 1627 clausule
817 1562 936 1625 melius
955 1561 1087 1643 patebit.
1160 1571 1269 1628 tamen
1293 1563 1438 1645 aequalis
1459 1584 1524 1627 non
1547 1564 1590 1627 sit
1612 1562 1763 1644 conditio,
1786 1564 1841 1630 sod
1865 1564 1961 1629 homo
1984 1567 2131 1648 superior

224 1647 413 1714 Maledictus
446 1669 479 1713 es
500 1669 583 1730 prce
615 1650 699 1714 omui
728 1645 893 1712 animat
916 1647 1016 1730 Viget
1045 1647 1107 1711 ista
1160 1648 1290 1714 futurus
1314 1650 1356 1714 sit
1377 1649 1411 1712 in
1433 1651 1621 1714 certamino.
1673 1648 1767 1730 Quod
1796 1649 1830 1714 in
1854 1652 1963 1733 priore
1985 1651 2130 1715 membro

137 1735 199 1798 Dei
231 1734 413 1799 maledictio
443 1735 476 1797 in
500 1746 667 1818 serpente:
698 1753 761 1816 qua
784 1735 822 1796 fit
845 1743 880 1796 ut
902 1733 1107 1815 despicabilis
1160 1736 1258 1798 vertit
1277 1735 1510 1818 Hieronymus,
1533 1735 1690 1800 Conteres
1712 1745 1824 1818 ceput:
1849 1735 2053 1812 insecundo,
2076 1737 2132 1800 In-

135 1823 187 1889 sit,
216 1833 250 1882 ct
279 1820 334 1884 vix
358 1819 534 1884 tolerabilis
555 1821 641 1884 coelo
664 1831 697 1882 ct
719 1831 838 1894 terrae,
867 1820 1032 1900 vitemque
1051 1818 1105 1881 ob·
1160 1821 1329 1885 sidiaberis
1351 1822 1514 1885 caleaneo:
1538 1819 1630 1884 nulla
1653 1822 1777 1885 ratione
1799 1821 1920 1887 factum
1943 1830 2002 1887 cst.
2038 1821 2130 1887 Idem

135 1906 271 1970 noxiam
283 1917 316 1969 ot
327 1905 464 1970 assiduis
482 1907 659 1970 terroribus
677 1905 806 1987 plenam
826 1916 914 1987 eget:
935 1904 1051 1967 deinde
1069 1913 1108 1966 ut
1160 1908 1246 1969 enim
1277 1907 1410 1970 verbum
1441 1907 1600 1989 repetitur
1628 1929 1646 1970 a
1670 1907 1776 1972 Mose:
1805 1917 1933 1973 tentum
1963 1909 1997 1972 in
2027 1909 2132 1991 capita

136 2011 201 2054 iton
222 1999 351 2054 tantum
366 2011 482 2056 exosus
501 1993 543 2056 sit
555 1992 655 2070 nobis,
671 2001 823 2072 tanquam
836 1991 984 2072 capitalis
997 1991 1105 2052 inimi·
1160 2002 1192 2054 ot
1220 1991 1369 2056 caleaneo
1399 1991 1541 2056 notanda
1570 2001 1620 2056 est
1649 1991 1839 2066 diversitas:
1861 1994 2131 2076 quemadmodum

134 2097 192 2140 cns
215 2077 346 2158 generis
369 2078 513 2152 humani,
537 2077 592 2142 sed
616 2078 656 2140 ab
679 2077 750 2140 aliis
768 2096 894 2158 quoque
913 2076 1107 2138 animalibus
1161 2098 1266 2159 nuper
1288 2077 1366 2143 dixi.
1407 2076 1551 2141 Verbum
1579 2088 1689 2142 temen
1708 2079 1894 2143 hebraicum
1914 2080 1983 2144 sire
2014 2101 2032 2144 a
2059 2091 2131 2172 φο),

135 2175 336 2245 segregatus,
360 2162 480 2227 bellum
502 2171 596 2245 gerat
625 2161 861 2244 quodammodo
881 2183 955 2225 cum
980 2173 1105 2226 natura.

135 2249 237 2312 Prius
260 2249 347 2312 enim
369 2251 508 2313 cicerem
533 2249 634 2313 fuisse
645 2247 798 2320 vidimus,
822 2257 857 2312 ut
876 2247 993 2310 mulier
1014 2248 1104 2310 fenti·

135 2334 251 2398 fierem
275 2353 437 2398 accessum
457 2356 519 2397 non
540 2336 711 2416 refugeret.
736 2332 802 2396 Sed
826 2354 908 2416 quae
926 2344 1107 2415 sequuntur

136 2421 212 2502 plus
231 2419 354 2482 hebent
376 2419 591 2484 difficultatis:
617 2420 693 2501 quia
712 2417 841 2483 videtur
864 2418 1015 2483 naturale
1037 2439 1108 2482 esse

134 2505 221 2588 quod
233 2506 323 2568 Dens
336 2506 367 2568 iu
381 2525 516 2587 poenam
531 2505 714 2582 denunciet,
727 2519 760 2568 ut
780 2513 908 2585 reptare
920 2525 1017 2585 super
1028 2525 1108 2567 ven·

135 2601 232 2664 trem,
252 2591 463 2672 etpulverem
477 2589 652 2655 comodere.
688 2591 794 2654 Movit
817 2589 972 2670 quosdam
996 2589 1106 2654 doctos

136 2677 288 2741 homines
307 2689 340 2739 et
357 2685 467 2741 acutos
486 2676 565 2740 heac
587 2678 731 2750 obiectio,
755 2685 792 2739 ut
814 2677 956 2739 dixerint
978 2695 1107 2758 serpen·

134 2773 204 2826 tem
235 2773 322 2827 recto
350 2781 483 2845 corpore
512 2762 638 2840 ingredi
666 2761 814 2838 solitum,
853 2763 1041 2844 priusquam
1072 2783 1109 2825 eo

134 2849 259 2912 ebusus
281 2859 366 2912 esset
390 2846 501 2913 Satan.
537 2847 710 2912 Caeterum
729 2847 808 2910 nihil
832 2848 894 2910 erit
917 2847 1058 2924 absurdi,
1081 2848 1109 2910 si

134 2933 300 2998 fateamur
324 2935 480 3015 pristinae
509 2933 683 2998 conditioni
705 2933 825 2996 iterum
849 2933 953 2996 addici
977 2953 1108 3014 serpan-

135 3027 221 3098 tem,
250 3021 303 3082 cni
331 3019 526 3084 naturaliter
547 3022 613 3084 iam
636 3019 800 3084 subiectus
822 3029 901 3084 eret.
947 3019 1002 3100 Sip
1020 3019 1107 3084 enim

134 3105 304 3189 cogendus
338 3117 408 3169 erat
441 3107 474 3168 in
507 3105 663 3180 ordinem,
697 3106 752 3186 qui
786 3125 821 3168 se
854 3103 1010 3169 adversus
1046 3105 1108 3168 Dei

134 3191 315 3273 imaginem
338 3191 515 3256 extulerat:
543 3194 629 3256 acsi
653 3190 773 3254 dictum
798 3201 896 3254 esset:
935 3191 984 3252 'Pu
1009 3211 1109 3253 ausus

133 3297 170 3342 es
202 3276 357 3340 miserum
385 3286 418 3341 et
441 3276 588 3358 putidum
611 3276 731 3340 animal
754 3277 788 3339 in
812 3276 976 3340 hominem
999 3275 1108 3339 insur-

133 3383 223 3446 gere,
242 3383 339 3443 quem
353 3363 570 3446 praefeceram
589 3363 690 3426 totius
707 3361 821 3424 mundi
840 3362 997 3425 dominio:
1016 3362 1107 3442 quasi

134 3469 216 3512 vero
230 3459 322 3512 tirum
336 3459 430 3525 esset,
442 3469 541 3530 quum
556 3457 662 3511 terrac
674 3469 762 3512 esses
783 3448 911 3522 affixus,
929 3449 961 3510 in
981 3447 1106 3512 coelum

133 3541 321 3616 penetrare.
353 3535 442 3616 Ergo
465 3535 553 3598 unde
575 3553 739 3613 emergere
758 3534 901 3608 tentasti,
924 3533 988 3596 iam
1007 3541 1040 3596 te
1060 3553 1108 3596 re-

133 3620 244 3696 traho,
263 3630 300 3684 ut
319 3631 404 3684 sorte
423 3629 479 3683 tna
497 3629 668 3684 contentus
681 3619 877 3696 essediscas,
899 3618 1108 3700 necamplius

131 3706 315 3770 insolescas
342 3707 378 3768 in
399 3704 540 3768 hominis
562 3705 801 3768 contumeliam.
837 3705 969 3768 Interes
990 3705 1035 3768 sic
1058 3726 1104 3767 re-

133 3803 275 3856 vocetur
294 3813 312 3854 a
330 3811 389 3854 οιιο
407 3791 539 3855 lascivia
555 3789 595 3854 ed
615 3792 746 3854 solitum
767 3791 962 3872 ingressum,
980 3804 1018 3853 ut
1035 3811 1105 3871 per·

134 3887 256 3960 petuas
279 3876 477 3959 ignominiae
499 3877 596 3940 simul
620 3876 801 3940 damnetur.
836 3875 1014 3940 Comedere
1037 3878 1108 3958 pul·

133 3983 262 4039 veram,
283 3963 414 4044 signum
444 3975 494 4026 est
521 3975 657 4026 nutrires
687 3961 763 4024 vilis
786 3975 819 4025 et
840 3961 996 4026 sordidae.
1022 3963 1107 4026 Sim-

133 4048 212 4130 plex
233 4047 474 4133 (meoiudicio)
497 4048 550 4112 ille
574 4058 621 4111 est
644 4068 768 4117 sensus.
793 4069 888 4129 quem
912 4049 1009 4110 etiam
1031 4067 1107 4113 cou-

131 4136 248 4199 firmat
271 4133 375 4199 Isaiae
398 4135 619 4197 testimonium
643 4132 725 4217 (cap.
749 4133 799 4208 65,
823 4132 887 4218 25).
923 4134 1006 4196 Nam
1030 4133 1106 4196 dum

132 4219 268 4301 plenem
290 4231 423 4283 naturae
442 4220 589 4301 integrae
608 4241 645 4283 ae
666 4221 746 4282 hene
768 4221 962 4283 constitutae
985 4221 1108 4282 instau-

132 4307 298 4370 rationem
318 4307 479 4388 promittit
496 4308 556 4369 sub
568 4305 693 4368 Christi
712 4326 820 4388 regno,
841 4305 925 4368 inter
943 4304 1005 4367 alia
1023 4325 1108 4368 oom-

133 4401 308 4464 momorat,
331 4391 501 4473 pulverem
521 4391 664 4472 serpenti
684 4412 741 4472 pro
763 4411 846 4472 pane
863 4391 1009 4453 futurum
1029 4411 1107 4454 esse.

133 4475 251 4556 Quare
278 4498 344 4540 riou
374 4489 425 4542 est
456 4476 539 4557 quod
569 4478 603 4539 in
633 4477 779 4560 siugulis,
814 4496 897 4557 quae
928 4477 981 4540 hic
1010 4477 1110 4540 refert

134 4563 258 4636 Moses,
279 4583 365 4626 nove
386 4563 493 4644 alique
515 4564 654 4626 mutatio
675 4575 859 4641 quaeratur.

226 4649 276 4713 15.
301 4647 493 4713 Inimicitias
511 4667 636 4728 portam.
682 4648 881 4730 Simpliciter
902 4647 1107 4730 interpretor,

135 4734 258 4798 hostile
286 4755 414 4817 semper
443 4737 511 4798 lbra
540 4733 707 4797 dissidium
732 4732 874 4796 humano
897 4735 1006 4816 generi
1034 4755 1108 4797 cum

132 4821 356 4900 serpentibus,
380 4821 475 4901 qualo
497 4819 593 4883 hodie
615 4821 769 4884 cernitur.
804 4819 860 4882 Fit
882 4820 967 4882 enim
992 4840 1110 4883 arcano

133 4917 280 4970 naturae
308 4925 423 4983 sensu,
450 4915 490 4968 ut
511 4905 552 4968 ab
573 4905 653 4985 ipsis
677 4906 852 4969 abhorreat
873 4904 978 4970 homo.
1014 4904 1108 4983 Quod

131 4991 332 5074 quibusdem
355 5003 432 5056 sunt
453 4993 486 5054 in
510 4991 650 5068 deliciis,
679 4992 763 5054 iuter
784 4990 932 5073 prodigia
956 5001 1109 5072 reputen-

131 5077 217 5142 dum
239 5085 304 5142 est:
327 5098 365 5141 ac
386 5077 509 5159 quoties
538 5076 628 5140 nobis
651 5077 816 5140 horrorem
838 5075 958 5140 incutit
978 5097 1110 5158 serpen-

131 5177 212 5228 tum
238 5175 403 5246 aspactus,
430 5169 609 5227 ronovatur
627 5162 815 5227 defectionis
838 5176 967 5225 nostrae
989 5183 1109 5224 memo-

131 5252 197 5314 ria
234 5248 310 5315 Uno
328 5250 427 5313 etiam
449 5257 563 5314 tenore
581 5259 720 5312 contexo
738 5247 821 5330 quod
844 5267 922 5310 mox
944 5249 1107 5328 seqnitur:

131 5335 253 5418 Ipsum
276 5333 447 5399 calceabit
472 5341 567 5416 captet
595 5339 698 5410 aaa,
721 5339 748 5400 el
772 5339 805 5396 tu
834 5332 1013 5398 calcitrabis
1042 5334 1111 5398 eins
1135 5385 1137 5394 .

1161 2165 1229 2227 sive
1275 2185 1294 2226 a
1340 2175 1415 2230 aba!
1450 2161 1625 2227 deductum
1676 2163 1735 2244 sit,
1786 2164 1841 2228 alii
1880 2177 2049 2230 conterere
2080 2164 2131 2230 vel

1161 2258 1347 2332 pereutere,
1404 2249 1457 2313 alii
1524 2248 1672 2312 mordere
1731 2252 1998 2331 interpretentur.
2051 2250 2131 2315 Mihi

1161 2335 1289 2417 quidem
1332 2333 1463 2397 dubium
1506 2355 1571 2398 non
1612 2343 1663 2398 est
1693 2336 1770 2416 quin
1806 2335 1845 2399 ed
1875 2337 2034 2419 serpentis
2075 2357 2131 2400 no·

1162 2442 1236 2483 men
1266 2420 1410 2484 alludere
1441 2419 1578 2484 voluerit
1609 2421 1728 2498 Moses,
1764 2421 1817 2504 qui
1846 2434 1952 2514 petet!
1982 2420 2131 2488 hebraice

1161 2505 1287 2576 dieitur,
1307 2525 1326 2568 a
1344 2519 1418 2572 abitt
1437 2506 1506 2570 sive
1532 2519 1602 2597 qim.
1634 2505 1729 2571 Nunc
1748 2507 1922 2571 transitum
1941 2529 1960 2572 a
1980 2517 2131 2592 serpente

1162 2591 1201 2655 ad
1225 2593 1330 2673 ipsum
1354 2592 1502 2655 maleficii
1529 2601 1674 2656 autorem
1698 2593 1803 2657 facere
1828 2595 1994 2658 convenit:
2027 2615 2131 2678 neque

1162 2676 1193 2740 id
1218 2699 1275 2757 por
1292 2677 1562 2757 comparationem
1588 2677 1763 2742 duntaxat:
1787 2687 1837 2744 est
1859 2680 1946 2742 enim
1965 2701 2041 2745 vere
2059 2679 2130 2744 lite-

1162 2763 1240 2826 ralis
1273 2783 1434 2846 anagoge:
1468 2762 1545 2846 quia
1575 2783 1639 2826 non
1673 2764 1719 2826 ita
1747 2765 1891 2828 evomuit
1922 2765 2005 2829 iram
2038 2787 2129 2830 suam

1162 2848 1253 2913 Deus
1282 2849 1317 2910 in
1346 2861 1518 2912 externum
1550 2869 1724 2931 organum,
1758 2857 1794 2913 ut
1823 2848 1950 2916 diabolo
1976 2859 2130 2934 parceret,

1161 2953 1262 3016 penes
1291 2955 1386 3016 quem
1417 2933 1580 2998 residebat
1608 2943 1676 2998 tota
1702 2933 1806 3016 culpa.
1854 2935 1894 3000 Id
1923 2956 1987 3019 quo
2011 2939 2131 3003 certius

1162 3019 1256 3084 nobis
1279 3028 1411 3098 constet,
1441 3022 1612 3084 observare
1640 3019 1744 3102 primo
1772 3021 2048 3104 operaepretium
2072 3033 2131 3107 est,

1162 3126 1225 3168 non
1257 3105 1419 3187 serpentis
1448 3106 1503 3170 scd
1534 3105 1703 3170 hominum
1740 3127 1836 3171 eausa
1864 3107 2031 3189 loquutum
2062 3129 2132 3174 esse

1162 3191 1350 3256 Dominum.
1397 3191 1480 3256 Nam
1505 3211 1660 3274 quorsum
1685 3192 1844 3257 attinebat
1866 3203 1978 3257 contra
2000 3215 2131 3276 serpen·

1162 3285 1226 3340 tem
1242 3277 1374 3341 vocibus
1387 3299 1452 3341 non
1472 3276 1644 3342 intellectis
1657 3277 1793 3342 tonare?
1815 3277 1926 3359 Quare
1946 3278 2056 3344 habite
2072 3281 2134 3344 fnit

1162 3363 1330 3426 hominum
1350 3363 1448 3426 retio:
1473 3373 1542 3426 tum
1566 3373 1603 3427 nt
1621 3363 1737 3427 maiori
1756 3365 1878 3445 peccati
1902 3364 2035 3430 horrore
2060 3373 2132 3430 ten·

1161 3461 1325 3532 gerentur,
1344 3447 1491 3512 videntes
1506 3457 1704 3530 quantopere
1719 3449 1790 3514 Deo
1806 3448 1986 3532 displiceat:
2008 3458 2078 3514 tum
2098 3461 2134 3515 ut

1160 3533 1238 3597 inde
1256 3535 1406 3598 miseriae
1424 3555 1503 3597 suae
1521 3534 1670 3598 solatium
1691 3547 1852 3617 caperent,
1876 3537 1952 3618 quia
1973 3537 2136 3600 sentirent

1162 3621 1270 3684 Deum
1299 3618 1359 3683 ribi
1388 3619 1494 3684 adhuc
1522 3639 1592 3684 esse
1613 3621 1798 3704 propitium.
1843 3621 1914 3686 Iam
1938 3643 2134 3704 veroquam

1162 3716 1258 3770 tenne
1281 3715 1314 3768 et
1334 3705 1478 3769 ieiunum
1503 3704 1587 3770 foret
1614 3705 1715 3770 bonae
1744 3707 1812 3789 spei
1835 3715 2083 3790 argumentum,
2107 3709 2134 3772 si

1161 3801 1288 3855 tantum
1316 3791 1478 3872 serpentis
1502 3791 1596 3856 fieret
1624 3795 1753 3868 mentio,
1784 3813 1897 3857 omues
1918 3793 2048 3860 vident:
2077 3816 2133 3859 ne·

1161 3898 1223 3959 que
1252 3876 1338 3940 enim
1368 3876 1552 3942 consultum
1592 3876 1677 3941 foret
1705 3879 1767 3942 nisi
1796 3877 1935 3943 caducae
1964 3890 1997 3943 et
2024 3881 2133 3945 fluxae

1161 3962 1304 4044 corporis
1327 3964 1422 4026 vitae.
1478 3962 1647 4026 Manerent
1674 3963 1799 4028 interea
1819 3962 1968 4028 homines
1990 3965 2134 4030 Satanae

1160 4048 1346 4130 mancipati,
1376 4051 1430 4129 qui
1459 4049 1598 4130 superbe
1627 4048 1667 4114 de
1696 4048 1758 4112 illis
1781 4048 2007 4132 triumpharet,
2031 4052 2133 4116 calea-

1162 4147 1276 4215 retqno
1297 4155 1407 4197 eorum
1430 4135 1544 4215 capita.
1594 4133 1700 4210 Quare
1724 4145 1760 4198 ut
1782 4134 1939 4216 collapsos
1962 4135 2132 4200 hominum

1161 4219 1287 4283 enimes
1310 4221 1448 4304 erigeret
1469 4219 1571 4302 Deus,
1594 4225 1630 4283 ut
1649 4219 1871 4301 desperatione
1894 4241 2064 4302 oppressos
2082 4242 2132 4285 rs·

1161 4315 1295 4381 crearet,
1318 4325 1448 4369 necesso
1470 4304 1533 4370 fuit
1555 4305 1724 4370 victoriam
1749 4302 1788 4368 dc
1811 4303 1943 4376 Satena,
1967 4306 2059 4370 cuius
2083 4307 2132 4370 iu-

1162 4390 1252 4456 sidiis
1280 4391 1462 4472 perierant,
1492 4392 1526 4454 in
1557 4401 1721 4472 posterum
1752 4391 1816 4454 illis
1838 4391 1995 4476 promitti.
2042 4391 2133 4456 Haec

1162 4497 1227 4539 una
1256 4476 1386 4540 demum
1416 4477 1566 4540 salutaris
1593 4475 1753 4541 medicine
1782 4475 1857 4554 fuit,
1885 4495 1968 4558 quae
1991 4476 2133 4558 perditos

1162 4562 1336 4644 colligeret,
1366 4563 1533 4644 vitamque
1557 4563 1742 4626 restitueret
1769 4562 1914 4626 mortuis.
1960 4561 2132 4626 Constitue

1161 4649 1279 4728 itaquo,
1299 4648 1405 4711 Deum
1425 4648 1483 4712 sub
1496 4649 1627 4710 nomino
1642 4646 1803 4729 serpentis
1816 4645 1974 4710 Satanam
1987 4648 2132 4712 maxime

1162 4732 1215 4797 hio
1237 4744 1356 4814 petere,
1385 4742 1418 4796 et
1448 4733 1480 4796 in
1511 4754 1583 4796 eum
1604 4733 1764 4816 stringere
1782 4731 1894 4796 iudicii
1914 4732 1964 4795 sai
1990 4730 2128 4797 fulmen:

1162 4819 1245 4901 quod
1268 4819 1345 4884 facit
1368 4819 1487 4900 duplici
1511 4818 1549 4882 de
1573 4838 1680 4882 caiisa:
1710 4817 1852 4899 primum
1876 4825 1913 4880 ut
1934 4817 1995 4881 sibi
2018 4839 2132 4884 cavere

1164 4904 1310 4968 homines
1333 4925 1353 4968 e
1375 4905 1500 4970 Setaea
1522 4903 1663 4980 discant,
1687 4913 1842 4984 tanquam
1866 4903 1905 4966 ab
1929 4902 2022 4968 hoste
2044 4924 2131 4968 mor·

1163 4990 1272 5053 tifero:
1305 4990 1420 5054 deinde
1458 5003 1495 5053 ut
1529 4999 1618 5053 certe
1647 4989 1799 5052 vincendi
1833 4987 1952 5052 fidncia
1986 5007 2059 5053 enm
2094 5011 2131 5054 eo

1163 5076 1371 5156 praelientur.
1412 5077 1585 5140 Caeterum
1604 5075 1664 5138 etsi
1683 5094 1745 5137 non
1769 5093 1882 5137 omnes
1899 5073 2017 5139 animis
2040 5074 2133 5140 dissi·

1163 5162 1242 5225 dent
1269 5183 1289 5225 a
1318 5161 1453 5240 Setaea,
1482 5162 1547 5224 imo
1580 5161 1677 5224 nimis
1711 5159 1915 5223 familiariter
1941 5159 2026 5224 bone
2055 5179 2133 5244 pars

1161 5246 1209 5310 illi
1231 5246 1396 5320 adhaeret,
1419 5269 1454 5312 re
1471 5256 1583 5310 tamen
1604 5245 1675 5327 ipsa
1692 5245 1795 5309 hostis
1813 5254 1861 5309 est
1878 5264 1990 5308 corum
2010 5243 2130 5312 Satan:

1163 5354 1223 5397 nec
1245 5354 1319 5396 enm
1342 5333 1476 5398 horrere
1499 5331 1666 5406 desinunt,
1689 5351 1768 5413 quos
1790 5329 1907 5412 alioqui
1931 5331 2000 5396 suis
2021 5331 2132 5399 illece-

1893 5429 1926 5484 51
