5022 6192
395 436 438 504 95
1051 432 1421 502 COMMENTARIUS
1445 433 1494 500 IN
1516 433 1729 500 annnam.
2344 427 2381 493 96

396 625 499 688 fixam
519 621 644 699 sedem,
666 633 701 688 'n
723 643 802 688 vero
824 622 879 706 qui
903 623 1006 690 neseit
1023 645 1087 706 quo
1104 645 1139 690 se
1161 631 1288 689 vertere
1311 621 1365 688 de·
1419 622 1485 690 Sed
1507 633 1540 689 et
1561 622 1680 688 diaboli
1701 622 1849 706 quamvis
1871 642 1906 687 se
1926 621 2012 686 iuste
2028 617 2126 702 pleeti
2148 617 2300 696 sentiant,
2323 637 2381 683 non

396 707 487 774 beat:
520 708 596 792 quia
628 707 817 790 probatione
844 718 947 788 earet,
980 710 1102 776 nullius
1132 708 1220 792 apud
1242 731 1294 775 me
1317 718 1367 774 est
1418 720 1526 776 tamen
1556 708 1712 775 desinunt
1740 706 1926 790 obstrepere
1956 707 2027 772 Deo
2053 704 2167 783 iudiei,
2189 711 2224 768 et
2244 703 2295 768 illi
2316 725 2382 769 eru·

396 795 560 860 momenti.
597 793 770 860 Genuinus
787 815 865 878 ergo
882 816 996 860 seusus
1018 803 1076 875 est,
1097 816 1289 880 quoeunque
1311 817 1366 861 ve·
1419 795 1584 861 delitatem
1612 795 1759 861 obiieere.
1811 793 1857 857 Et
1883 793 2038 859 eontiuuo
2067 801 2140 875 post
2162 789 2310 874 sequitur
2332 811 2382 853 ex-

397 880 484 944 nerit
505 879 605 958 Gaio,
626 881 694 945 fore
723 880 911 945 instabilem
934 890 967 946 et
987 882 1179 966 profugum:
1204 890 1241 946 ut
1262 881 1368 948 solent
1417 882 1548 966 positio,
1571 880 1665 960 Erae,
1687 879 1831 960 repulisti
1852 899 1901 944 aaa
1921 899 1942 943 e
1961 877 2043 960 socie
2074 882 2190 956 tarne,
2212 881 2282 940 ete
2308 874 2382 957 serie

397 965 554 1042 latrones,
582 965 699 1048 quibus
728 966 820 1030 nulla
857 975 906 1033 est
939 967 1049 1050 quieta
1071 990 1131 1033 nee
1161 967 1229 1031 fida
1260 967 1367 1048 statio,
1417 973 1472 1032 tuo
1492 967 1672 1034 abscondor.
1718 965 1845 1046 Quibus
1872 962 1981 1029 verbis
2003 983 2078 1029 eum
2102 962 2173 1026 Deo
2195 967 2309 1044 aperte
2330 981 2383 1025 ex·

397 1051 488 1116 nulla
510 1060 561 1116 est
578 1052 664 1116 euim
688 1051 830 1117 hominis
851 1053 960 1132 facies,
983 1075 1065 1136 quae
1088 1073 1154 1118 non
1178 1053 1242 1119 illis
1265 1051 1367 1117 terio-
1417 1052 1568 1137 postulat,
1590 1051 1674 1136 quod
1693 1051 1806 1116 durius
1828 1070 1927 1134 quam
1950 1048 2082 1132 parsit,
2105 1047 2197 1112 nulla
2217 1045 2384 1112 elementia

395 1157 466 1202 rem
487 1137 640 1202 inoutiat:
659 1137 799 1202 solitudo
814 1159 893 1203 vero
911 1139 982 1222 ipsa
1004 1159 1135 1204 rursum
1158 1149 1207 1205 est
1228 1139 1365 1205 horrori.
1418 1139 1469 1205 vel
1500 1138 1719 1204 moderatione
1747 1135 1892 1201 adbibita
1917 1141 2083 1201 traetetur.
2129 1131 2273 1198 Perinde
2301 1132 2383 1196 enim

396 1223 496 1305 Atqui
528 1222 658 1288 ridetur
686 1224 820 1288 minimo
844 1224 1015 1290 hominidis
1037 1246 1218 1308 eongruere
1241 1226 1302 1289 hoo
1332 1225 1365 1288 in
1417 1236 1467 1290 est
1484 1244 1522 1289 ae
1540 1224 1568 1289 si
1586 1222 1740 1289 dixisset:
1754 1221 1790 1288 Si
1809 1220 1891 1287 mihi
1910 1229 2048 1304 negatur
2066 1227 2137 1284 tuta
2154 1216 2279 1283 inorbe
2298 1216 2383 1281 babi-

395 1329 551 1392 poenam‚
581 1330 680 1392 quum
711 1311 818 1392 potius
846 1309 955 1376 fatalis
984 1310 1027 1375 sit
1056 1311 1199 1376 conditio
1225 1310 1365 1375 filiorum
1418 1311 1511 1390 tatio,
1545 1329 1605 1375 nee
1628 1329 1680 1374 me
1702 1322 1761 1373 tua
1791 1327 1871 1373 eura
1903 1305 2067 1392 dignaris,
2094 1304 2173 1388 quid
2205 1303 2287 1368 mibi
2310 1303 2384 1368 fanis

396 1393 476 1459 Dei:
499 1415 576 1459 nam
598 1394 743 1460 omnium
763 1395 905 1460 maxime
927 1416 962 1461 se
980 1396 1169 1480 peregrinos
1187 1396 1221 1462 in
1244 1394 1366 1460 mundo
1416 1394 1601 1478 reliquum?
1621 1393 1930 1460 annonsemelmori
1948 1397 2129 1476 praestaret
2146 1410 2242 1474 quam
2261 1387 2385 1454 assidue
2475 1419 2476 1432 κ

396 1499 466 1546 ease
495 1480 652 1545 sentiunt.
702 1481 747 1544 Et
768 1480 892 1546 Paulus
914 1503 948 1546 se
971 1489 1003 1547 et
1032 1489 1196 1548 oonsortes
1219 1503 1294 1546 suos
1315 1482 1366 1545 in·
1418 1481 1507 1546 mille
1543 1481 1702 1546 mortibus
1732 1501 1801 1546 esse
1836 1475 2036 1544 obnoxium?
2066 1475 2163 1542 Unde
2196 1473 2385 1558 eolligimus,
2475 1487 2476 1526 1

396 1565 529 1632 stabiles
550 1586 621 1632 esse
643 1567 852 1648 oonqueritur
868 1566 911 1652 (1.
925 1567 999 1631 (lor.
1023 1568 1052 1644 4,
1067 1567 1129 1653 11).
1162 1566 1366 1650 Respondes,
1418 1567 1589 1651 reprobos,
1630 1575 1796 1649 uteunque
1825 1562 1967 1631 eonvioti
2000 1563 2082 1640 sint,
2123 1560 2252 1627 nullum
2285 1560 2386 1626 faeere

397 1673 464 1716 non
482 1651 642 1734 eorporali
658 1661 787 1717 tantum
806 1653 921 1717 exsilio
934 1653 1015 1718 Cain
1037 1652 1194 1732 damnari,
1218 1652 1273 1717 sed
1292 1674 1366 1736 gra·
1418 1651 1640 1718 tumultuandi
1662 1654 1778 1717 finem:
1810 1649 1954 1732 adeoque
1976 1669 2017 1714 ex
2045 1669 2105 1714 sua
2133 1647 2338 1730 impatientia
2358 1651 2386 1708 et

397 1738 480 1802 riori
513 1737 628 1802 subiiei
654 1757 799 1822 poenae:
833 1738 918 1822 quod
951 1739 1074 1804 seilieet
1102 1739 1228 1803 nullam
1262 1751 1367 1804 terrae
1418 1739 1527 1804 lurore
1556 1747 1687 1820 captare
1715 1734 1844 1802 rixandi
1875 1756 2006 1813 ansam,
2036 1734 2129 1817 quasi
2159 1755 2200 1799 ex
2230 1731 2386 1797 malorum

397 1822 528 1906 plagam
546 1823 699 1900 inveniet,
718 1822 775 1888 ubi
795 1844 860 1888 uon
883 1824 927 1889 sit
945 1844 1028 1908 vago
1051 1832 1083 1889 et
1105 1824 1232 1907 trepido
1250 1824 1366 1889 animo.
1419 1845 1551 1890 suorum
1589 1823 1751 1906 gravitate
1785 1823 1927 1889 eouflare
1958 1821 2028 1886 Deo
2060 1819 2222 1884 invidiam
2259 1825 2385 1900 queant.

398 1908 485 1973 Nam
518 1917 553 1973 ut
586 1907 668 1974 bona
708 1910 906 1975 eonseientia
945 1910 1063 1974 merito
1085 1922 1222 1976 venatur
1254 1930 1367 1975 murus
1419 1910 1483 1975 Hie
1500 1911 1600 1975 etiam
1629 1909 1719 1974 loeus
1738 1907 1858 1973 elarius
1881 1908 1982 1984 donet,
2004 1905 2111 1989 qualis
2134 1905 2235 1970 fuerit
2256 1903 2313 1968 illa
2337 1925 2387 1968 va·
2475 1903 2476 1966 Τ

398 1993 559 2072 aheneus,
582 1995 627 2058 ita
648 1995 764 2077 impios
786 2015 845 2060 nee
874 2005 1006 2060 eentum
1029 1999 1128 2076 muri,
1151 2015 1211 2061 nee
1232 1994 1366 2060 totidem
1418 1995 1517 2080 gandi
1535 1994 1688 2070 oouditio,
1709 1995 1759 2060 vel
1782 1994 1863 2059 illud
1885 1993 2038 2059 exsilium
2060 1991 2274 2058 ouiusllioses
2286 2011 2386 2074 nuper
2475 2005 2476 2082 ζ

396 2080 641 2164 propuguaenla
688 2080 911 2163 inquietudine
951 2080 1144 2146 liberabunt.
1206 2080 1367 2164 Inquilini
1419 2081 1586 2148 meminit:
1608 2101 1726 2163 nempe
1748 2081 1833 2163 quod
1858 2079 1968 2144 nullus
1991 2077 2040 2142 illi
2064 2087 2170 2142 terrae
2191 2075 2336 2158 angulus
2356 2076 2388 2139 in

397 2175 475 2231 sunt
491 2165 604 2231 fideles
629 2167 663 2230 in
685 2175 781 2246 terra,
805 2173 840 2230 at
861 2165 1037 2250 tranquillo
1054 2167 1270 2233 nihilominus
1292 2167 1367 2231 hos·
1418 2165 1619 2233 domieilium
1642 2187 1661 2232 a
1684 2165 1754 2232 Deo
1784 2165 1918 2231 relietus
1942 2165 2040 2228 fuerit
2061 2162 2115 2228 ubi
2138 2159 2265 2245 placide
2287 2162 2388 2244 quies·

396 2253 477 2335 pitio
500 2252 672 2316 fruuntur:
692 2271 788 2334 saepe
807 2253 998 2318 nenessitate
1015 2253 1117 2318 eoaoti
1136 2253 1200 2317 alio
1215 2253 1367 2336 migrant,
1417 2261 1515 2319 aeret.
1568 2253 1730 2319 Exelusus
1753 2251 1842 2316 enim
1864 2250 2028 2316 eommuni
2050 2248 2222 2313 hominum
2244 2250 2330 2327 iure,
2352 2267 2388 2311 ne

396 2345 430 2401 at
451 2357 644 2420 quoeunque
667 2358 721 2402 eos
744 2337 828 2402 ferat
846 2346 1032 2420 tempestas,
1050 2337 1199 2404 sedatum
1222 2339 1367 2404 animum
1420 2338 1560 2424 amplius
1593 2345 1765 2404 nauseatur
1798 2336 1886 2402 inter
1919 2335 2082 2418 legitimos
2117 2344 2226 2399 terrae
2259 2333 2387 2410 insoles,
2475 2389 2476 2400 ,

396 2424 554 2487 afferunt:
595 2421 749 2505 denique,
790 2422 897 2489 loeum
936 2423 1074 2490 subinde
1109 2423 1282 2503 mutando,
1321 2423 1369 2488 ita
1421 2425 1498 2488 dieit
1520 2445 1554 2490 se
1577 2445 1596 2486 a
1618 2423 1699 2490 laoie
1729 2432 1835 2490 terrae
1863 2423 2017 2498 eiectum,
2051 2419 2187 2502 ideoque
2220 2419 2388 2504 profugum
2475 2461 2476 2492 r

396 2529 454 2591 per
482 2507 642 2574 mnndum
671 2507 859 2574 disourrunt
888 2531 925 2576 ae
952 2519 1142 2592 transeunt,
1172 2518 1210 2575 ut
1238 2509 1273 2573 in
1296 2530 1368 2593 per·
1421 2511 1505 2587 lore,
1537 2511 1613 2593 quia
1642 2517 1731 2574 terra
1758 2509 1806 2573 illi
1828 2508 2006 2590 hospitium
2028 2507 2244 2589 negabit:‚ut
2266 2526 2391 2571 neeesse
2475 2521 2476 2538 ¹

397 2603 496 2677 petua
524 2613 640 2658 manus
661 2595 725 2659 Dei
755 2594 877 2659 fultura
904 2595 1023 2678 ubique
1044 2595 1234 2662 oonsistant.
1280 2595 1369 2660 Talis
1421 2595 1540 2661 habeat
1561 2596 1652 2678 quasi
1669 2593 1840 2660 latroeinio
1858 2613 2015 2676 ooeupare
2039 2591 2125 2674 quod
2143 2593 2213 2656 iure
2235 2611 2304 2656 non
2316 2611 2390 2740 fios·

396 2679 507 2762 impiis
537 2687 676 2764 negatur
704 2681 879 2760 securitas,
909 2681 1026 2760 quibus
1059 2683 1228 2746 minantur
1258 2701 1370 2745 omnes
1422 2680 1515 2746 sidet.
1560 2679 1724 2746 Abatondi
1747 2679 1848 2745 aDei
1872 2679 1962 2755 faeie,
1985 2687 2117 2743 estnon
2138 2677 2298 2760 respieia
2349 2696 2390 2753 ee,
2475 2751 2476 2758 ἵ

396 2777 580 2831 ereaturae:
620 2773 653 2829 et
692 2766 719 2831 si
766 2765 947 2846 arrideant,
994 2767 1123 2832 animus
1168 2775 1279 2831 tamen
1324 2767 1370 2831 sio
1423 2767 1476 2832 vel
1499 2767 1570 2831 eius
1603 2766 1749 2832 eustodia
1792 2786 1859 2830 non
1888 2765 2023 2848 protegi.
2069 2764 2176 2828 Testis
2205 2773 2255 2828 est
2286 2773 2390 2828 autem
2475 2813 2476 2832 1

395 2850 603 2916 turbulentus
634 2857 700 2930 est,
733 2859 769 2915 ut
801 2871 855 2916 eos
887 2853 1051 2934 quieseere
1084 2873 1149 2918 non
1179 2851 1274 2917 sinat.
1329 2850 1370 2915 In
1422 2853 1580 2918 eonlessio
1600 2851 1690 2931 haee,
1709 2873 1806 2934 quam
1825 2852 1915 2917 Deus
1933 2851 2032 2933 impio
2049 2846 2231 2914 hominidae
2249 2849 2391 2924 extorsit,

397 2937 484 3002 hune
517 2935 650 3001 modum
682 2935 782 3016 Oain,
815 2937 943 3002 etiamsi
976 2938 1083 3002 loeum
1117 2958 1182 3002 uon
1218 2944 1370 3016 mutaret,
1424 2938 1548 3004 nullam
1578 2959 1648 3003 esse
1678 2936 1864 3022 hominibus
1887 2956 2013 3019 paoem,
2041 2935 2104 3001 nisi
2134 2935 2169 2997 in
2198 2934 2262 2998 Dei
2287 2935 2390 3017 provi·
2475 2961 2476 3000 l

399 3022 647 3105 trepidationem
668 3041 766 3104 quam
785 3021 856 3088 eius
874 3025 983 3088 animo
996 3024 1087 3088 Deus
1099 3023 1260 3099 infixerat,
1274 3042 1371 3088 exau·
1424 3022 1535 3089 deutia
1564 3023 1788 3106 aequiaseant,
1816 3042 1973 3104 suamque
2002 3023 2105 3085 vitam
2127 3020 2175 3085 illi
2205 3038 2305 3084 aurae
2327 3039 2390 3083 esse
2475 3023 2476 3062 l

397 3116 467 3172 tere
495 3129 561 3172 non
581 3108 705 3189 potuit,
735 3129 793 3174 nee
815 3109 922 3173 obstat
945 3107 1030 3191 quod
1052 3109 1178 3192 primus
1200 3107 1370 3172 hominum
1423 3107 1486 3175 sibi
1516 3108 1749 3192 persuadeant:
1773 3129 1834 3174 nee
1860 3106 1986 3192 plaoide
2014 3108 2079 3171 frui
2107 3106 2183 3171 ullis
2211 3107 2275 3170 Dei
2299 3107 2390 3170 bane·

396 3194 511 3260 urbem
527 3191 679 3272 uendidit,
702 3194 778 3276 qniu
798 3214 926 3276 semper
938 3203 1076 3278 vagatus
1093 3195 1137 3258 sit
1154 3196 1189 3258 in
1207 3215 1265 3260 aue
1283 3192 1369 3258 nido.
1422 3195 1513 3274 finiis,
1538 3195 1601 3260 nisi
1623 3194 1701 3260 dum
1719 3202 1867 3260 statuunt
1884 3194 1946 3259 bae
1964 3192 2035 3276 lege
2053 3213 2088 3257 se
2109 3193 2146 3256 in
2165 3191 2290 3256 mundo
2313 3192 2389 3255 loea-

486 3278 534 3343 13.
556 3277 664 3344 Maior
686 3284 731 3344 ast
751 3299 854 3361 poena
871 3299 949 3344 mee.
994 3280 1035 3344 In
1058 3278 1120 3344 hoe
1144 3280 1212 3345 fere
1233 3298 1369 3344 eonsen·
1424 3292 1472 3345 toa
1509 3301 1596 3359 esse,
1636 3292 1673 3344 ut
1711 3282 1814 3345 vitam
1847 3278 1909 3344 sub
1948 3279 2018 3344 eius
2057 3298 2160 3344 manu
2199 3279 2390 3362 transigant.

399 3367 485 3429 tiuut
512 3366 722 3447 interpretes,
757 3386 869 3431 vooem
904 3364 1139 3449 desperationis
1173 3384 1260 3431 esse:
1293 3366 1369 3448 quia
1423 3368 1546 3431 Misera
1585 3387 1662 3450 ergo
1702 3367 1876 3449 impiorum
1916 3363 2129 3443 instabilitas,
2169 3364 2225 3446 qui
2267 3364 2390 3427 nullum

398 3450 482 3516 Cain
504 3449 623 3514 iudieio
642 3449 706 3514 Dei
723 3450 876 3515 confusus
894 3450 978 3515 nihil
996 3452 1059 3519 sibi
1079 3452 1191 3515 veniae
1206 3450 1369 3533 reliquum
1422 3461 1528 3518 terrae
1568 3453 1682 3534 pedem
1721 3458 1905 3535 agnoseunt
1941 3449 2001 3515 sibi
2041 3469 2062 3513 a
2096 3448 2167 3513 Deo
2207 3467 2392 3514 eoncessum

397 3537 503 3603 faeiat.
549 3538 657 3618 Atque
679 3536 740 3600 hoe
763 3535 893 3618 quidem
921 3550 1113 3614 verumest,
1137 3537 1289 3619 reprobos
1311 3555 1370 3601 sua
1421 3558 1500 3603 esse.
2475 3601 2476 3618 ,

398 3622 483 3688 mala
516 3641 683 3703 uunquam
713 3622 834 3684 sentire
862 3622 925 3686 nisi
954 3644 1027 3687 oum
1061 3623 1224 3706 praesenti
1259 3623 1368 3698 exitio,
1508 3623 1557 3688 14.
1584 3623 1763 3704 Qamaaqae
1784 3642 1832 3687 me
1860 3622 2018 3687 ineman.
2071 3619 2158 3700 Quia
2181 3619 2245 3685 Dei
2274 3618 2391 3702 praesi·
2475 3619 2476 3626 ’

398 3707 485 3773 unde
507 3726 674 3790 emergere
696 3705 760 3770 illis
783 3727 846 3771 non
869 3706 952 3771 lieet,
997 3708 1122 3791 Nempe
1145 3708 1201 3773 ubi
1222 3718 1371 3790 peeeator
1421 3708 1475 3774 dio
1498 3732 1562 3773 non
1596 3709 1736 3792 amplius
1759 3709 1896 3793 tegitur,
1919 3707 2065 3772 omnium
2095 3706 2243 3784 iniuriis,
2268 3727 2306 3770 ae
2329 3706 2393 3782 vie
2475 3711 2476 3794 J

399 3793 438 3858 ad
462 3801 647 3858 extremam
670 3813 770 3874 usque
793 3799 984 3872 eontumax,
1008 3794 1072 3859 Dei
1101 3795 1278 3875 patientiae
1295 3792 1369 3858 illu·
1422 3794 1541 3859 leutiae
1564 3815 1599 3859 sa
1620 3795 1688 3859 fore
1711 3794 1895 3877 expositum
1920 3789 2093 3869 eoneludit,
2116 3803 2149 3857 et
2171 3792 2305 3856 merito:
2329 3790 2392 3854 sola
2475 3797 2476 3820 ¹

399 3880 450 3955 sit,
474 3877 561 3942 iusta
583 3876 663 3942 haee
685 3896 776 3941 serae
798 3878 1016 3959 poenitentiae
1039 3899 1162 3944 meroes
1184 3892 1243 3958 est,
1264 3879 1369 3943 horri·
1421 3880 1508 3944 enim
1534 3879 1596 3944 Dei
1627 3901 1744 3945 manus
1773 3881 1859 3944 iuter
1882 3886 1931 3943 tot
1951 3877 2096 3961 perieula
2117 3898 2176 3943 nos
2202 3877 2392 3942 mirabiliter

399 3963 463 4030 bile
492 3972 689 4027 tormentum
718 3963 839 4044 absque
875 3963 1017 4030 remedie
1048 3965 1183 4029 sentire:
1215 3967 1245 4029 si·
1275 3964 1370 4028 modo
1422 3975 1601 4032 eonservat.
1647 3967 1691 4030 Et
1709 3964 1887 4048 prudenter
1904 3964 2028 4047 loquuti
2048 3972 2133 4042 sunt,
2155 3963 2210 4046 qui
2234 3984 2300 4027 non
2323 3972 2392 4025 tan·

399 4047 596 4131 poenitentia
622 4048 747 4113 oenseri
776 4047 872 4113 debet
897 4069 993 4114 eaeea
1022 4056 1055 4114 et
1082 4050 1221 4114 attonita
1248 4069 1371 4133 poenae
1422 4065 1492 4115 tum
1522 4051 1624 4115 vitam
1658 4063 1803 4118 nostram
1834 4049 2029 4116 dixeruute
2058 4049 2114 4114 filo
2144 4049 2306 4132 pendere,
2340 4047 2392 4112 sed

398 4130 551 4213 formido,
584 4133 654 4198 sine
687 4133 754 4198 nllo
787 4132 860 4198 odio
899 4135 1039 4216 pennati,
1072 4136 1125 4200 vel
1159 4135 1369 4218 resipiscendi
1421 4158 1481 4202 nos
1502 4138 1536 4200 in
1558 4135 1712 4203 eadueam
1735 4137 1838 4201 vitam
1860 4158 1900 4201 ex
1925 4146 2056 4200 uteroa
2083 4145 2216 4200 eentum
2238 4132 2392 4200 mortibus
2475 4185 2476 4188 η

399 4220 528 4284 affeetu.
582 4217 637 4284 Sia
659 4227 691 4283 et
719 4219 819 4284 Iudas
853 4227 1021 4302 pennatum
1039 4219 1178 4286 fatetur:
1202 4219 1257 4285 ssd
1280 4231 1370 4285 metu
1421 4221 1537 4307 exeipi.
1557 4221 1754 4306 Quanquam
1772 4242 1836 4286 non
1860 4221 1956 4286 modo
1974 4242 2009 4285 se
2026 4221 2186 4286 nudatum
2209 4221 2273 4286 Dei
2297 4219 2394 4283 tutela
2475 4277 2476 4282 ,

398 4307 533 4370 obrutus
555 4305 639 4388 fugit
667 4318 827 4387 quantum
856 4313 962 4386 potest
986 4305 1048 4371 Dei
1072 4315 1289 4388 eonspeotum.
1327 4307 1371 4370 ut
1422 4307 1505 4373 (lain
1528 4308 1589 4374 hoe
1611 4307 1681 4374 loeo
1702 4315 1849 4392 reputat,
1872 4307 1928 4372 sed
1949 4327 2060 4371 omnes
2087 4315 2253 4392 ereaturas
2277 4305 2393 4372 diviui-
2475 4371 2476 4374 ,

396 4399 484 4458 eerte
496 4411 610 4455 rerum
622 4401 672 4454 est
688 4391 842 4473 reprobos
854 4390 937 4456 nihil
957 4390 1245 4458 haberemedium:
1258 4412 1369 4474 quam·
1422 4401 1475 4459 tus
1497 4414 1568 4459 esse
1590 4403 1733 4460 armatas
1755 4391 1795 4457 ad
1814 4391 2005 4464 sumendam
2025 4393 2065 4457 de
2081 4391 2184 4474 impia
2206 4391 2306 4458 eaede
2324 4391 2393 4455 viu·

397 4477 454 4542 diu
484 4475 605 4560 aliquid
631 4476 806 4541 laxationis
833 4476 899 4542 illis
927 4477 1127 4554 eonoeditnr,
1164 4497 1277 4543 seeure
1306 4485 1371 4542 tor·
1424 4480 1551 4545 dietam.
1596 4480 1688 4546 Haeo
1721 4479 1803 4544 ratio
1833 4487 1885 4543 est
1906 4499 1964 4544 our
1996 4480 2083 4543 vitae
2116 4497 2195 4544 suae
2228 4478 2269 4544 ab
2304 4477 2393 4542 obvio

396 4573 491 4647 peut:
515 4571 653 4645 urgente
674 4569 782 4628 autern
806 4582 860 4627 eos
883 4563 932 4627 ira
955 4561 1245 4647 Dei,·franguntur
1266 4563 1372 4646 magis
1422 4585 1550 4648 quoque
1572 4573 1740 4650 tantopere
1762 4573 1896 4643 metuat,
1920 4583 1997 4628 uam
2015 4584 2116 4646 quum
2133 4565 2251 4629 soeiale
2274 4560 2394 4630 animal

398 4668 495 4732 quam
524 4647 750 4732 corriguntur:
774 4648 840 4712 Flos
870 4668 949 4733 ergo
972 4650 1140 4714 exanimat
1162 4669 1240 4714 suus
1261 4669 1371 4731 pavor,
1423 4651 1466 4714 sit
1488 4650 1594 4728 homo,
1617 4660 1649 4716 et
1670 4651 1865 4716 naturaliter
1882 4659 2011 4715 mutuos
2029 4669 2222 4732 oongressns
2239 4659 2393 4732 appetant
2475 4671 2476 4722 1

398 4745 436 4799 ut
464 4733 592 4799 nonnisi
626 4741 795 4799 aeternnm
832 4734 971 4798 exitium
998 4745 1031 4798 et
1063 4734 1183 4800 inferos
1217 4736 1369 4818 negitent.
1422 4757 1545 4815 omues,
1568 4735 1630 4803 hoe
1652 4749 1739 4804 eerte
1761 4737 1905 4818 portenti
1926 4737 1995 4800 loeo
2020 4734 2206 4800 habendum
2230 4745 2290 4812 est,
2314 4730 2394 4818 quod
2475 4739 2476 4768 l

399 4821 471 4904 Ego
504 4827 615 4884 tamen
645 4839 711 4884 non
743 4818 854 4885 dubito
887 4819 967 4902 quin
1002 4819 1084 4885 alius
1116 4821 1161 4885 sit
1197 4821 1371 4886 verborum
1425 4823 1605 4887 hominidae
1627 4823 1838 4888 formidabilis
1860 4821 1924 4886 tuit
1952 4821 2098 4886 omnium
2126 4819 2298 4885 hominum
2322 4839 2395 4884 eon-

399 4925 524 4982 sensus,
538 4925 611 4968 uam
630 4925 742 4972 venem
760 4918 802 5004 qut
820 4907 928 4988 potius
946 4905 1067 4988 aeeipio
1079 4907 1112 4969 in
1125 4905 1258 4990 propria
1269 4905 1371 4990 sigui·
1423 4929 1563 4992 gressus.

400 4989 565 5056 fieatione:
583 4998 617 5054 et
634 4989 770 5056 verbum
792 5004 860 5059 att)
878 5010 937 5074 pro
955 4992 1116 5057 sustinere
1139 4991 1279 5075 positum
1302 5013 1372 5057 esse
1510 4994 1559 5060 15.
1581 4994 1748 5076 Propterea
1764 4993 1820 5075 qui
1842 4993 1984 5059 venerit
2003 4993 2092 5060 Gaia.
2129 4991 2196 5075 Qui
2215 4993 2277 5058 hoo
2300 4993 2395 5058 luisse

399 5077 602 5159 interpretor.
655 5076 776 5156 Maior,
806 5077 927 5162 inquit,
950 5096 1055 5161 poena
1080 5077 1162 5141 mihi
1190 5076 1373 5161 iniungitur
1423 5086 1536 5144 votum
1548 5079 1631 5146 (lain
1653 5089 1781 5164 putant,
1804 5087 1841 5144 ut
1862 5087 1965 5144 morte
1986 5099 2052 5144 uua
2081 5081 2192 5144 statim
2215 5078 2394 5150 dannatus,

400 5182 497 5244 quam
531 5169 568 5225 ut
599 5163 661 5226 sim
689 5160 834 5227 ferendo.
879 5161 951 5229 Hoe
985 5160 1079 5227 modo
1102 5162 1194 5241 (lain,
1223 5164 1373 5246 quamvis
1424 5184 1489 5229 non
1509 5165 1689 5249 trepidaret
1706 5167 1741 5229 in
1764 5165 1926 5231 eontinuis
1944 5165 2106 5249 perieulis,
2126 5185 2163 5231 ae
2183 5167 2268 5230 vitae
2289 5185 2396 5248 prere

400 5266 465 5311 non
483 5253 618 5311 exenset
634 5255 811 5331 peecatum,
835 5249 910 5331 quia
928 5249 968 5313 ab
991 5249 1080 5311 omni
1103 5247 1372 5332 tergiversatione
1423 5252 1587 5334 manaem
1616 5251 1666 5315 illi
1693 5253 1728 5316 in
1754 5271 1894 5335 poenam
1928 5253 2078 5317 eessisae:
2108 5272 2174 5316 non
2205 5250 2302 5316 video
2335 5271 2395 5333 qua

400 5329 555 5414 depulsus
573 5339 631 5411 est,
649 5343 759 5397 tamen
778 5331 818 5398 de
835 5333 948 5400 iudieii
966 5334 1134 5398 atrooitate
1152 5335 1370 5417 eonqueritur.
1424 5338 1549 5402 ratione
1571 5336 1702 5403 addueti
1726 5337 1772 5402 sie
1794 5337 1975 5420 loquantur.
2022 5335 2124 5403 Multo
2146 5347 2254 5402 autem
2283 5335 2396 5404 abeur-
