5022 6192
312 439 348 505 X
1130 442 1495 512 Psouueotfflrts.

468 627 621 695 Vidimus
653 628 762 710 etiam
778 629 933 698 Generae
960 631 997 697 in
1024 631 1219 700 bibliotheca
1246 631 1387 701 divitatis
1414 633 1510 718 plura
1538 653 1726 702 sermonum
1755 630 1923 698 volumina
1952 653 1993 698 ex
2022 651 2078 696 ore
2105 625 2309 696 oeleberrimi

312 739 547 806 oonoionatorie
568 747 789 822 exoeptorum,
811 741 868 825 qui
888 762 1055 827 nunquam
1078 744 1216 810 antehae
1238 745 1324 828 typis
1346 745 1492 828 expressi
1514 743 1714 826 prodierunt.
1750 742 1842 825 Quos
1864 763 1906 808 an
1927 743 2005 808 olim
2022 741 2157 824 reliquis
2173 739 2309 805 adinno-

311 851 381 914 turi
403 851 470 916 sint
492 850 548 933 qui
570 857 644 932 post
665 859 815 917 nostrum
837 872 1006 921 exoeasum
1029 853 1114 920 hano
1136 853 1321 937 editionem,
1344 856 1475 922 latente
1493 854 1565 922 Deo
1587 863 1619 921 et
1639 855 1825 922 faventibus
1843 855 1972 922 Oalvini
1990 853 2112 930 amieis,
2136 852 2309 918 eontinua·

312 959 393 1027 bunt
416 969 448 1026 et
470 960 657 1045 absolvent,
685 981 745 1046 pro
767 969 914 1047 temporo
936 965 1092 1050 augurari
1114 966 1295 1050 nequimus.
1340 966 1512 1033 Pertinout
1533 967 1637 1047 onim,
1666 977 1704 1031 ut
1725 967 1917 1050 plurimum,
1940 963 1981 1031 ad
2003 961 2309 1046 interpretationem

312 1072 550 1155 seripturarum
573 1093 757 1157 saomrum,
779 1081 813 1140 et
834 1073 965 1157 quidem
989 1074 1030 1142 ad
1052 1095 1107 1144 eas
1128 1087 1238 1160 partes
1259 1098 1341 1163 quas
1362 1077 1545 1144 sutoriam
1567 1079 1601 1144 in
1623 1078 1865 1145 oommentariis
1886 1091 1918 1143 et
1939 1073 2213 1160 praelectionibus
2233 1071 2309 1138 fuae

312 1191 346 1246 et
368 1182 568 1249 suffioienter
588 1191 795 1250 8881888881.

467 1291 634 1377 Quidquid
657 1315 737 1362 vero
759 1315 960 1364 snooessores
982 1298 1087 1365 nostri
1109 1297 1149 1362 de
1171 1298 1224 1363 his
1245 1297 1483 1365 aouessionibus
1502 1306 1646 1365 statuere
1667 1302 1889 1381 praesument,
1912 1304 2062 1361 nostrum
2084 1295 2217 1361 esthon
2239 1294 2309 1359 looo

311 1401 488 1470 leotoribus
511 1402 700 1489 bibliopolas
722 1425 859 1492 operum
876 1405 1008 1474 Oalvini
1030 1407 1170 1476 editores
1192 1411 1419 1476 summissum
1437 1407 1588 1476 laudibus
1605 1408 1841 1488 commendare,
1864 1407 2056 1474 Mauritium
2074 1413 2108 1472 et
2125 1404 2309 1472 Humidum

313 1512 446 1593 Bruhn,
475 1525 603 1599 patrem
631 1527 665 1581 et
684 1516 807 1600 filium,
836 1519 891 1603 qui
920 1521 954 1586 in
984 1519 1046 1588 hoo
1073 1541 1171 1605 opere
1193 1521 1396 1603 proourando
1423 1519 1722 1604 splendidissimum
1744 1519 1925 1586 industriae
1947 1539 2025 1586 suae
2047 1527 2082 1583 et
2102 1517 2310 1584 liberalitatis

313 1625 501 1712 exemplum
524 1626 689 1711 praebent.

467 1736 540 1804 Iam
562 1739 646 1823 quod
668 1739 710 1806 ad
730 1740 845 1808 Nostri
873 1741 982 1810 studia
1002 1742 1037 1813 in
1060 1742 1168 1810 eodioe
1190 1761 1282 1809 saoro
1311 1739 1556 1826 interpretando
1578 1735 1711 1821 attinet,
1739 1739 1768 1806 si
1798 1751 1845 1808 tot
1867 1740 2012 1806 virorum
2036 1739 2205 1806 doctorum
2227 1759 2310 1804 uua·

313 1847 413 1915 nimis
434 1849 548 1934 elogiis
570 1870 630 1917 nos
651 1872 778 1936 qnoque
799 1853 904 1919 fusius
933 1854 1097 1937 expressis
1119 1853 1228 1921 verbis
1255 1850 1457 1920 subsoribere
1479 1852 1646 1931 vellemus,
1669 1851 1806 1918 Iliadem
1835 1861 1910 1936 post
1930 1851 2114 1917 Homerum
2137 1850 2310 1917 donantere

313 1955 408 2026 nobis
430 1960 625 2028 videremur.
670 1963 791 2030 Pauois
811 1965 915 2049 igitur
936 1965 1019 2049 quod
1043 1966 1147 2031 nostri
1169 1964 1266 2030 officii
1289 1986 1360 2031 esse
1382 1964 1529 2030 dnoimus
1557 1962 1725 2030 absolvere
1746 1965 1934 2047 poterimus.
1978 1963 2031 2027 De
2053 1962 2191 2030 Oalvino
2215 1959 2249 2028 S.
2275 1959 2310 2028 S.

312 2070 492 2156 interprete
513 2073 635 2139 nostris
656 2074 858 2158 temporibus
879 2076 1061 2144 8888881188
1085 2077 1287 2162 seripserunt
1308 2075 1384 2142 Π.
1406 2072 1482 2139 DD.
1506 2074 1679 2160 Augustus
1700 2073 1863 2159 l'boluelr,
1885 2075 1920 2139 in
1942 2072 2066 2140 libello:
2106 2072 2185 2140 Die
2207 2072 2311 2140 Ver·

313 2180 482 2250 dienste
515 2182 688 2252 (lalvins
720 2185 784 2252 als
817 2187 1023 2273 Aualeger
1056 2185 1128 2253 der
1161 2187 1193 2253 h.
1228 2187 1391 2256 Sohrilt
1425 2185 1524 2268 1831,
1557 2185 1643 2270 quod
1675 2185 1879 2253 sohediasma
1907 2207 2059 2254 raoustm
2089 2194 2141 2254 est
2172 2187 2207 2251 in
2239 2185 2313 2252 eius

313 2292 611 2362 Vermisohten
641 2295 861 2363 Sohriften
882 2300 973 2364 Tum.
996 2299 1042 2364 Il.
1065 2319 1096 2382 p.
1119 2298 1306 2381 330-360;
1335 2299 1421 2363 Dav.
1445 2297 1487 2364 G.
1510 2297 1646 2371 Esther,
1669 2297 1704 2362 in
1727 2298 1963 2381 Disquisitione
1985 2297 2026 2364 de
2049 2297 2189 2364 Oalvino
2212 2297 2312 2364 libro·

311 2423 385 2468 rum
414 2404 455 2470 N.
486 2405 524 2472 'll
554 2406 783 2474 historicorum
817 2410 1005 2494 interprete.
1055 2411 1140 2496 Traj.
1172 2411 1273 2492 1840;
1306 2409 1346 2475 8.
1374 2408 1430 2475 W.
1458 2408 1582 2490 Gotoh,
1616 2408 1767 2476 Oalrin
1800 2430 1844 2475 es
1874 2430 1894 2475 8
1925 2417 2244 2492 eommentator,
2276 2405 2311 2474 in

311 2513 415 2582 diario
447 2515 624 2586 Journal
656 2520 699 2586 oi
725 2520 874 2588 saured
908 2522 1133 2589 literature
1162 2522 1256 2590 1849.
1291 2521 1355 2587 III.
1386 2541 1417 2605 p.
1447 2519 1526 2605 222,
1560 2521 1615 2604 qui
1645 2533 1754 2587 tauron
1783 2519 1852 2587 iere
1881 2521 2102 2588 'Pholuolrium
2139 2519 2310 2599 exsoribit3

314 2624 377 2691 Ed.
399 2627 523 2707 Reuss,
554 2628 709 2704 Oalvin
740 2631 964 2699 oonsidere
992 2653 1148 2700 somme
1176 2643 1373 2718 exegete,
1400 2633 1436 2699 in
1466 2631 1569 2698 diario
1596 2633 1738 2700 Rarus
1764 2631 1812 2698 de
1839 2631 2068 2716 'lheologie
2098 2631 2313 2716 Argentorati

314 2735 401 2804 edito
430 2738 521 2805 Tem.
551 2739 612 2806 VI.
642 2740 747 2826 April.
778 2742 877 2824 185&
911 2748 952 2810 A.
982 2744 1128 2824 Vesson,
1163 2744 1316 2812 Oalvin
1349 2744 1571 2811 oonsidert
1603 2763 1759 2810 oomme
1790 2751 1975 2826 exegete.
2030 2742 2186 2809 Montalb.
2217 2741 2312 2810 1855.

316 2845 443 2931 Quibus
464 2851 551 2916 inter
573 2851 654 2920 alios
676 2852 752 2919 addi
773 2863 883 2939 potest
904 2853 990 2922 Lud.
1014 2855 1140 2924 Diestel
1169 2858 1203 2924 in
1225 2854 1323 2924 libro:
1357 2857 1441 2923 Das
1468 2856 1551 2922 alte
1578 2855 1823 2922 Testament
1849 2855 1892 2921 in
1922 2855 1992 2921 der
2020 2852 2313 2922 uhriatliohau

313 2959 484 3029 Kirohe.
521 2963 614 3031 1869.
637 2985 668 3047 p.
691 2963 753 3032 231
777 2987 819 3033 88.
842 2967 916 3034 261.

469 3072 588 3155 Quoad
610 3076 750 3143 formam
772 3077 865 3144 varia
886 3084 966 3143 aunt
990 3097 1125 3162 operum
1149 3075 1280 3143 Oulvini
1309 3077 1551 3160 exegetioornm
1579 3095 1708 3159 genera.
1753 3074 1867 3142 Primo
1888 3075 1958 3141 loeo
1980 3075 2118 3142 veniunt
2138 3077 2314 3142 Commen-

315 3183 391 3249 tarii
412 3186 563 3270 perpetui
585 3184 626 3252 ab
647 3187 721 3273 ipso
742 3190 875 3269 exarati,
899 3189 1012 3273 quales
1033 3195 1110 3256 sunt
1130 3208 1243 3254 ornnes
1266 3188 1337 3254 eius
1358 3187 1599 3254 luoubrationes
1617 3186 1738 3252 latinae
1759 3185 1795 3252 in
1817 3185 1950 3252 Novum
1961 3187 2220 3266 Testamentum,
2242 3194 2314 3252 turn

315 3295 415 3362 etiam
436 3317 479 3364 ex
495 3295 618 3365 Vetere
640 3297 849 3368 ’1881888818
870 3301 946 3368 libri
962 3299 1112 3380 Mosaioi,
1133 3299 1256 3368 Josuae
1277 3309 1310 3366 et
1327 3298 1460 3367 Psalmi.
1497 3296 1686 3366 Seoundam
1708 3297 1827 3365 seriem
1848 3298 2054 3366 (8881118881
2071 3297 2315 3367 Praeloetionee

316 3406 446 3490 publius
467 3409 509 3474 ab
530 3429 569 3475 eo
590 3409 735 3492 habitae,
764 3433 846 3496 quas
875 3412 1041 3479 auditores
1068 3410 1201 3496 quidam
1231 3433 1273 3478 ax
1303 3410 1485 3479 amioorum
1514 3422 1549 3476 et
1576 3409 1826 3477 amanuensium
1855 3429 1993 3475 numero
2021 3431 2063 3474 ex
2085 3430 2142 3476 ore
2163 3411 2315 3496 magistri

317 3527 470 3605 exoeptas
493 3521 788 3602 oonoinnarernnt,
819 3523 866 3591 ita
887 3531 1000 3590 tamen
1022 3529 1058 3590 ut
1080 3522 1134 3590 hio
1154 3524 1226 3608 ipse
1255 3543 1309 3592 888
1334 3521 1607 3607 oomprobaverit,
1637 3529 1813 3606 antequam
1834 3519 1925 3606 prelo
1946 3521 2192 3588 mandarentur.
2237 3522 2315 3589 Huo

316 3632 482 3714 pertinent
509 3655 593 3718 quae
621 3655 720 3719 super
741 3633 925 3719 Prophetas
953 3633 1064 3702 edidit.
1108 3635 1221 3702 ’188118
1249 3633 1379 3720 eleseu,
1406 3653 1510 3719 eaque
1537 3631 1674 3700 oaeteris
1701 3633 1769 3699 iere
1795 3631 2002 3717 loeupletior,
2032 3639 2083 3700 est
2105 3632 2315 3714 Sermonum,

316 3742 433 3826 quibus
455 3766 514 3830 pro
537 3766 628 3811 more
649 3747 796 3832 singulos
822 3746 923 3816 libros
950 3748 1095 3832 integros
1124 3747 1288 3832 explioara
1316 3746 1449 3813 solebat.
1494 3745 1566 3812 Hos
1594 3765 1738 3829 quoque,
1766 3755 1878 3828 utpote
1906 3765 1948 3810 ex
1977 3753 2125 3829 temporo
2151 3745 2315 3822 rooitatos,

315 3854 415 3922 iidem
438 3856 591 3922 methodo
612 3859 878 3944 stenographioa,
907 3877 1003 3944 quam
1026 3857 1123 3925 hodie
1146 3879 1315 3938 voramus,
1344 3857 1469 3924 oalamo
1490 3857 1649 3924 notabant
1677 3867 1711 3922 et
1732 3855 1780 3922 sio
1801 3854 1960 3922 88881881
1985 3857 2107 3922 exteris
2128 3854 2314 3922 tradendos.

316 3964 396 4051 Ipsa
418 3968 563 4036 virorum
586 3971 728 4049 nomina,
749 3970 805 4054 qui
827 3969 884 4035 tali
907 3970 1013 4037 studio
1034 3979 1238 4054 posterorum
1260 3969 1417 4054 suffragia
1438 3987 1596 4049 meruere,
1618 3967 1711 4034 nobis
1732 3976 1863 4033 serrata
1879 3975 1966 4033 sunt.
2003 3966 2156 4034 Fuerunt
2172 3967 2316 4036 Ioannes

315 4077 490 4164 Budaeus,
512 4079 712 4149 Franoisous
733 4082 940 4167 Bourgoing,
970 4081 1126 4148 Nioolaus
1148 4080 1331 4158 Gallasius,
1361 4080 1502 4148 Ioannes
1524 4079 1665 4159 Cousin,
1689 4077 1829 4147 Oarolus
1857 4079 1899 4144 da
1919 4077 2109 4158 Jonvillier,
2133 4078 2315 4164 Dionysius

316 4189 516 4274 Regnenier,
539 4193 596 4275 qni
619 4213 732 4259 omnes
754 4193 790 4257 in
812 4193 983 4260 Thesauro
1003 4192 1171 4277 epistolioo
1193 4193 1315 4277 passim
1336 4200 1371 4258 et
1391 4191 1520 4276 saepius
1542 4189 1725 4258 laudentur.

470 4303 646 4370 Caeterum
669 4303 729 4370 hos
751 4325 916 4372 sermones
937 4325 1051 4372 omnes
1072 4304 1188 4389 galliae
1209 4305 1398 4371 enunoiatos
1419 4301 1519 4370 luisse
1548 4321 1615 4367 nou
1644 4309 1695 4368 est
1720 4300 1805 4386 quod
1826 4321 2027 4369 moneamus.
2072 4299 2315 4369 Praeleotioues

316 4435 394 4482 vero
426 4414 528 4480 latine
558 4414 687 4482 habites
719 4417 820 4482 fuisse
848 4416 1069 4484 oertissimum
1089 4425 1148 4481 ost.
1194 4414 1288 4497 Quae
1310 4425 1421 4482 tamen
1443 4435 1573 4494 omnes,
1603 4413 1688 4481 siout
1716 4421 1750 4480 81
1778 4415 2001 4482 oommentarii
2030 4411 2079 4478 illi
2108 4413 2239 4497 proprie
2266 4413 2314 4484 aio

316 4526 412 4605 dieti,
440 4527 510 4592 sine
531 4545 625 4591 mora
646 4527 744 4592 etiarn
766 4528 802 4592 iu
823 4528 972 4612 lingnam
994 4526 1144 4611 gallinam
1168 4527 1397 4603 vertebantur,
1427 4526 1478 4592 vel
1501 4524 1634 4609 abipso
1656 4535 1783 4608 autore,
1813 4523 1899 4608 quod
1928 4525 1969 4591 de
1990 4525 2083 4593 libris
2104 4523 2257 4590 Mosaiois
2279 4531 2316 4590 et

314 4636 434 4704 Iosuae
455 4643 592 4717 oonstat,
614 4637 669 4702 vel
691 4635 731 4702 ab
754 4637 826 4704 aliis
846 4639 906 4705 sub
929 4639 1000 4704 eius
1021 4637 1185 4721 suspiriis.

472 4746 561 4830 Quid
589 4747 749 4815 Oalvinus
777 4749 813 4815 in
845 4748 908 4816 heo
936 4749 1105 4832 provincia
1132 4749 1335 4832 praestiterit
1367 4757 1437 4815 turn
1463 4748 1608 4814 maxime
1635 4746 1796 4814 eluoesoet
1824 4767 1924 4832 quum
1957 4745 2126 4813 historiam
2159 4745 2316 4812 seientiae

319 4861 506 4944 exegetioae
526 4859 585 4925 illo
608 4873 753 4943 tempore
774 4861 896 4926 sensim
918 4860 1069 4926 exsultas
1091 4860 1250 4928 attentius
1270 4857 1492 4944 perpenderis.
1537 4856 1589 4925 De
1618 4869 1706 4925 statu
1727 4856 1826 4924 studii
1849 4857 1959 4925 bibliei
1981 4879 2040 4941 per
2060 4859 2192 4944 longam
2214 4857 2316 4924 medii

316 4971 391 5037 aevi
420 4970 624 5035 saeoulorum
657 4971 775 5037 seriem
803 4971 1064 5056 langnosoentis,
1096 4981 1130 5036 et
1162 4981 1258 5038 extra
1286 4978 1411 5038 reatum
1440 4971 1606 5035 tramitem
1634 4967 1837 5052 plurifariam
1866 4969 1901 5034 in
1931 4970 2005 5036 aria
2031 4970 2236 5038 exourrentis
2257 4969 2317 5034 alii

318 5083 484 5150 dixerunt.
535 5081 664 5148 Novam
698 5103 833 5167 eamque
862 5080 966 5148 multo
996 5081 1164 5149 meliorem
1199 5082 1283 5148 viam
1317 5082 1482 5168 ingressos
1515 5102 1586 5149 esso
1618 5098 1785 5150 saurorum
1818 5081 2052 5149 ohristianismi
2087 5081 2318 5149 reformatores

318 5193 515 5262 tralatitium
537 5204 596 5259 est.
641 5192 769 5275 Quibus
796 5195 824 5261 si
852 5214 948 5260 suurn
978 5193 1136 5260 honoram
1164 5193 1331 5278 integrum
1353 5193 1576 5274 vindioamus,
1608 5215 1675 5259 non
1705 5205 1814 5260 tamen
1843 5191 2073 5278 praetereundi
2101 5191 2195 5260 nobis
2216 5204 2320 5260 erunt

318 5304 484 5372 ooaetauei
517 5303 667 5369 nonnulli
700 5306 756 5388 qni
788 5306 824 5371 in
852 5303 958 5370 literis
986 5304 1235 5372 humanioribus
1264 5306 1450 5384 exereitati,
1480 5305 1618 5370 llrasmo
1648 5305 1851 5388 potissimum
1887 5305 2119 5390 antesignano,
2153 5305 2318 5372 maiorum
