5022 6192
155 445 215 510 137
806 442 1165 510 COMMENTARIUS
1187 442 1236 508 IN
1257 444 1470 510 GENESIN.
2073 447 2135 511 138

152 634 252 698 fnisse
274 631 424 710 tradidit,
449 641 482 696 et
503 631 725 716 Hieronymus
746 652 806 696 suo
828 651 954 714 quoque
976 639 1121 713 tempore
1171 632 1308 715 pulchro
1329 633 1444 716 pedena
1467 655 1597 700 movere
1619 635 1689 700 eina
1710 634 1865 700 mandato
1887 632 1960 699 Dei.
2004 633 2058 700 Ita
2085 635 2135 699 vi·

153 719 284 784 residua
305 719 472 793 mansisse,
496 737 654 782 verumne
676 717 727 792 sit,
746 717 780 780 in
802 716 909 781 medio
931 716 1087 798 relinquo.
1171 717 1285 782 demus
1313 721 1466 786 continuo
1492 720 1567 787 fidei
1595 731 1705 785 tenore
1729 719 1943 802 obsequutum
1971 741 2041 786 esse
2065 721 2137 786 Deo

238 805 268 870 6.
293 803 334 867 Ia
353 803 417 884 fine
437 803 644 886 quadruplata
670 803 800 868 dumam.
845 802 932 866 Hinc
961 803 1120 868 coniicere
1170 813 1319 869 sanctum
1343 806 1523 870 bominem:
1546 807 1622 888 quia
1638 807 1709 872 Deo
1728 806 1859 871 iubente
1876 807 2044 889 ingressus
2064 818 2136 870 erat

151 890 226 956 licet
248 899 372 973 quanta
394 889 559 952 anxietate
580 888 790 953 constrictum
814 888 911 952 luerit
932 887 1037 952 sancti
1058 888 1120 951 viri
1171 908 1295 968 arcam,
1332 891 1398 956 illio
1426 893 1611 958 continetur
1647 892 1748 956 donec
1778 893 1901 956 exitum
1924 889 2017 956 Deus
2045 903 2135 973 pate·

150 984 275 1058 pectus.
309 976 488 1056 Postquam
505 975 539 1037 in
558 971 660 1036 solido
678 972 746 1038 loco
764 994 872 1039 arcam
895 973 1029 1038 haerere
1046 993 1120 1036 sen·
1169 973 1280 1039 faciat:
1310 985 1343 1038 et
1363 976 1398 1040 in
1421 998 1478 1042 suo
1500 978 1622 1042 foetore
1649 977 1754 1043 iacere
1778 977 1905 1041 mavult
1930 998 2027 1074 quam
2055 975 2135 1040 libe·

150 1070 255 1140 serat,
280 1082 346 1140 non
369 1070 480 1125 tamen
503 1068 579 1123 ante
602 1059 685 1124 diem
715 1058 997 1142 quadragesimum
1023 1057 1121 1122 audet
1170 1081 1242 1124 ram
1270 1061 1421 1142 spiritum
1449 1061 1614 1146 colligere,
1647 1061 1747 1128 donec
1779 1063 2008 1145 migrationem
2041 1082 2135 1128 suam

150 1148 330 1211 fenestram
348 1147 487 1228 aperire:
512 1165 577 1210 non
595 1143 680 1228 quod
698 1145 859 1209 exanimis
877 1153 1034 1226 torperet:
1063 1142 1119 1208 sed
1170 1147 1290 1210 sentiat
1311 1146 1439 1229 placere
1462 1147 1543 1212 Deo.
1588 1148 1627 1213 In
1650 1149 1746 1214 rebus
1769 1149 1867 1212 etiam
1894 1149 2029 1212 minutis
2052 1150 2136 1213 banc

150 1232 238 1315 quod
278 1239 346 1295 tam
388 1229 603 1295 lormidabila·
633 1229 797 1296 vindictae
834 1231 896 1294 Dei
935 1229 1119 1311 exemplum
1169 1231 1420 1297 moderationem
1443 1231 1534 1298 nobis
1555 1234 1716 1316 scriptura
1744 1232 1964 1309 commendat,
1985 1254 2028 1297 ne
2059 1233 2137 1316 qnid

150 1327 244 1382 tanto
266 1337 341 1380 enm
362 1327 469 1394 metu,
500 1314 599 1380 simul
621 1323 654 1380 et
682 1336 826 1380 moerore
848 1323 1059 1397 percusserat,
1082 1325 1120 1378 nt
1169 1325 1332 1382 tentemus
1351 1319 1411 1382 nisi
1430 1328 1519 1384 certe
1536 1320 1741 1385 conscientia.
1777 1317 1851 1399 Quo
1867 1319 1975 1384 minus
1992 1320 2026 1383 in
2044 1319 2138 1384 seriis

149 1402 241 1468 omni
262 1401 396 1466 consilio
418 1400 591 1465 destitutus
612 1402 648 1465 in
671 1423 764 1468 arcae
786 1421 863 1467 suae
884 1401 1019 1466 latibulo
1040 1402 1118 1464 taci-
1170 1404 1308 1484 negotiis
1328 1403 1465 1469 ferenda
1487 1414 1535 1468 est
1558 1405 1579 1467 h
1637 1407 1730 1469 inum
1751 1406 1924 1482 temeritas,
1946 1406 1975 1469 si
1996 1405 2067 1469 Deo
2085 1404 2135 1468 in·

148 1501 203 1553 tus
225 1485 413 1572 quiesceret.
453 1486 599 1551 Tandem
622 1507 757 1553 corvum
776 1489 903 1566 emittit,
926 1507 945 1550 a
967 1508 1030 1570 quo
1052 1508 1118 1553 cer·
1169 1488 1316 1553 consulto
1354 1488 1460 1555 facere
1498 1489 1559 1556 sibi
1582 1424 1778 1556 *becedam
1815 1489 1900 1570 quod
1937 1491 2041 1555 visnm
2075 1498 2133 1555 est.

148 1573 215 1638 tius
238 1571 395 1638 indicium
420 1571 557 1638 uocatae
586 1584 692 1637 torrae
716 1573 862 1657 accipiat.
909 1571 973 1639 Sed
1002 1593 1119 1638 corvus
1170 1571 1245 1637 Non
1276 1585 1325 1639 est
1353 1575 1483 1658 quidem
1505 1578 1762 1659 exspectandum
1785 1586 1820 1638 ut
1849 1574 2041 1657 specialibus
2062 1595 2133 1639 ora·

147 1660 282 1724 nonnisi
304 1657 414 1722 foedas
442 1656 576 1738 paludes
590 1678 757 1738 cernens,
781 1659 1046 1723 circumvolitans
1067 1678 1117 1723 re-
1169 1658 1250 1724 culis
1284 1660 1319 1723 in
1352 1661 1481 1744 singula
1513 1673 1676 1726 momenta
1707 1660 1902 1745 pronunciet
1935 1661 2025 1726 Deus
2056 1660 2133 1744 quid

146 1755 281 1828 ceptum
303 1743 414 1808 statim
442 1744 572 1824 quaerit.
624 1743 693 1809 Nec
723 1765 799 1809 vero
832 1742 943 1809 dubito
971 1743 1048 1825 quin
1078 1743 1119 1808 de
1167 1745 1252 1811 facto
1270 1767 1350 1828 opus
1367 1746 1425 1812 sit:
1443 1748 1585 1831 pendere
1602 1757 1711 1812 tamen
1734 1767 1792 1811 nos
1808 1767 1851 1834 9¹
1868 1766 1923 1810 ors
1945 1747 2015 1810 eius
2032 1744 2132 1825 decet.

146 1830 314 1894 industria
339 1849 471 1894 corvum
499 1827 634 1911 clegerit
653 1828 765 1907 Noah,
797 1850 892 1912 quem
922 1829 1044 1895 sciebat
1065 1850 1117 1894 aa·
1169 1840 1207 1894 ut
1227 1843 1314 1896 certo
1336 1833 1481 1914 persuasi
1504 1833 1606 1898 simus
1628 1832 1711 1897 nihil
1733 1853 1793 1897 nos
1819 1830 1950 1914 aggredi
1979 1832 2041 1897 nisi
2063 1832 2134 1896 eius

147 1914 308 1980 devoram
331 1914 428 1978 odore
450 1911 535 1978 allici
556 1933 666 1996 posse,
700 1925 737 1979 ut
758 1916 887 1998 longius
909 1915 1067 1990 evolaret,
1090 1915 1119 1979 si
1168 1915 1268 1980 verbo
1300 1927 1561 1983 consentaneum.
1606 1917 1772 1983 Petendns
1798 1926 1849 1982 est
1877 1917 1974 1981 etiam
2001 1917 2134 1999 spiritus

144 2003 211 2066 iam
236 1999 432 2064 animalibus
453 1999 612 2080 patuisset
639 2011 738 2065 terra:
769 2001 858 2083 atqui
879 2021 995 2065 corvus
1017 2001 1117 2066 obvo·
1167 2002 1360 2083 prudentiae
1382 2011 1414 2067 et
1442 2004 1583 2080 consilii,
1618 2023 1681 2086 qno
1710 2023 1876 2085 nunquam
1902 2023 1958 2068 eos
1987 2001 2135 2067 destituit

145 2087 266 2163 hauns,
302 2105 368 2149 non
396 2084 523 2166 longius
556 2084 700 2150 discedit.
755 2085 860 2151 Miror
890 2095 998 2150 autom
1031 2085 1118 2151 unde
1169 2088 1223 2167 qui
1245 2107 1280 2150 se
1302 2088 1420 2152 dociles
1442 2101 1475 2152 et
1497 2090 1675 2174 morigeros
1696 2089 1767 2153 eius
1788 2087 1951 2153 mandatis
1967 2085 2132 2172 praebent.

144 2173 296 2255 negatio,
327 2191 410 2253 qnae
435 2170 471 2234 in
501 2167 650 2235 hebraico
672 2170 774 2236 Masis
802 2179 894 2236 textu
923 2192 989 2236 non
1019 2171 1117 2237 babe-
1168 2171 1241 2236 Hoc
1268 2193 1365 2238 sensu
1399 2174 1499 2239 refert
1527 2175 1637 2240 Moses
1665 2174 1761 2239 Noab
1795 2193 1961 2257 egressum
1993 2195 2064 2238 esse
2092 2193 2134 2238 ex

144 2267 217 2334 tur,
243 2257 279 2320 in
309 2275 457 2339 graecam
479 2266 512 2320 et
539 2254 674 2320 latinam
708 2257 891 2322 versionem
924 2256 1117 2339 obrepserit:
1169 2275 1258 2334 arca,
1288 2267 1455 2340 postquam
1478 2260 1608 2325 coelesti
1631 2261 1760 2325 oraculo
1782 2259 1884 2324 fretus
1905 2259 2056 2340 cognovit
2077 2279 2129 2322 no

143 2364 250 2426 quum
274 2361 404 2406 sensum
428 2361 561 2424 prorsus
583 2351 697 2406 mutet.
732 2341 814 2406 Inde
832 2353 910 2407 nata
930 2352 979 2408 est
999 2343 1117 2421 fabula,
1168 2364 1242 2408 vam
1265 2343 1325 2408 sibi
1345 2343 1577 2410 habitationem
1599 2348 1634 2408 in
1656 2353 1744 2410 terra
1767 2345 1848 2410 dari.

142 2436 312 2494 retentum
346 2427 445 2491 fnisse
475 2446 611 2492 corvum
647 2427 792 2494 inventis
824 2428 1049 2506 cadaveribus,
1082 2438 1118 2492 ut
1254 2429 1303 2493 17.
1329 2429 1480 2507 Crescunt
1502 2431 1810 2512 multiplicenturqae.
1855 2429 1918 2494 His
1941 2430 2048 2494 verbis
2070 2429 2132 2492 eri·

143 2515 310 2596 hospitem
344 2532 438 2577 suum
472 2512 661 2595 negligeret.
705 2512 823 2578 Postea
854 2524 1008 2595 sequutae
1041 2524 1118 2579 sunt
1168 2535 1245 2598 gere
1274 2514 1379 2579 voluit
1400 2516 1561 2581 Dominus
1590 2517 1734 2580 animum
1765 2516 1874 2592 Noah,
1901 2524 1939 2579 ut
1959 2513 2134 2578 confideret

142 2600 258 2664 futiles
283 2598 468 2681 allegoriae:
496 2610 536 2662 ut
557 2618 686 2680 semper
714 2599 830 2682 nugari
859 2600 985 2681 appetit
1012 2598 1115 2664 bomi·
1168 2609 1330 2664 servatam
1360 2599 1461 2666 fuisse
1485 2603 1518 2666 in
1549 2621 1624 2666 arca
1656 2601 1814 2680 sobolem,
1847 2621 1928 2682 quae
1959 2597 1999 2664 ad
2028 2609 2134 2664 totum

142 2706 225 2750 num
250 2684 430 2750 curiositas.
475 2683 577 2765 Atqui
593 2686 697 2765 primo
720 2705 852 2767 egressu
878 2683 1025 2750 columba
1043 2685 1114 2748 imi·
1169 2684 1327 2749 mundum
1352 2685 1542 2768 replendum
1572 2699 1781 2752 excresceret.
1825 2687 1866 2750 In
1888 2705 2031 2760 summa,
2060 2705 2133 2767 pro·

142 2781 217 2835 teta
240 2778 292 2835 est
318 2789 466 2846 corvum,
495 2770 572 2850 quia
599 2769 761 2835 revolarit
782 2772 816 2834 in
846 2791 969 2846 arcam,
1000 2771 1116 2835 deinde
1168 2772 1312 2835 mittitur
1336 2772 1397 2853 ipsi
1420 2771 1515 2836 Noah
1537 2771 1648 2837 mundi
1681 2772 1856 2855 reparatio:
1880 2781 1917 2834 ut
1938 2771 2018 2835 sciat
2039 2791 2134 2834 mun-

142 2876 278 2920 ramum
312 2854 415 2918 olivae
443 2855 479 2917 in
506 2863 613 2918 rostro
642 2875 700 2919 suo
729 2856 850 2929 attulit:
885 2857 995 2931 tertio,
1025 2857 1118 2939 quasi
1169 2856 1244 2920 dum
1266 2857 1302 2921 in
1325 2877 1400 2922 arca
1422 2857 1522 2921 fnisse
1547 2857 1723 2930 inclusum,
1752 2877 1811 2921 neo
1839 2867 2026 2940 perpetuam
2057 2856 2134 2934 fore,

141 2940 358 3016 manumissa,
381 2939 480 3004 libero
502 2939 591 3004 coelo
613 2951 644 3003 et
666 2939 769 3004 libera
791 2951 879 3006 terra
900 2943 1030 3006 fruitur.
1075 2941 1116 3006 In
1168 2943 1258 3005 cuius
1280 2957 1454 3025 conspectu
1482 2943 1641 3008 exanimis
1670 2942 1838 3008 concidere
1864 2951 1999 3023 poterat,
2022 2942 2133 3005 solitu·

142 3047 241 3092 ramo
281 3023 385 3090 olivae
422 3023 554 3106 quidam
591 3025 881 3109 philosophantur:
920 3029 996 3111 quia
1028 3029 1117 3112 pacis
1169 3027 1277 3092 dinem
1299 3048 1336 3094 ao
1358 3030 1553 3092 vestitatem.

140 3113 278 3192 insigne
310 3119 381 3174 erat
408 3109 495 3191 apud
521 3119 663 3186 veteres,
698 3113 782 3177 siout
809 3114 921 3178 laurus
950 3113 1115 3178 victoriae.
1253 3113 1304 3177 20.
1329 3114 1515 3194 Aedificauit
1537 3113 1792 3178 altareDomt'ao.
1824 3111 1917 3179 Sient
1939 3112 2050 3177 multis
2077 3111 2133 3175 do·

142 3197 212 3264 Sed
244 3195 353 3278 potins
386 3195 553 3273 existimo,
586 3195 671 3278 quod
704 3197 775 3262 olea
808 3219 873 3263 non
906 3211 1058 3264 nascatur
1082 3201 1115 3262 in
1167 3199 1328 3263 sumentis
1345 3198 1559 3263 obedientiam
1579 3219 1671 3262 snam
1691 3209 1828 3265 testatus
1845 3195 2066 3276 fueratNoab‚
2087 3197 2133 3263 sic

140 3280 332 3360 montibus,
363 3302 423 3346 nec
451 3280 546 3344 valde
573 3302 706 3364 procera
733 3283 775 3346 sit
804 3285 915 3363 arbor,
937 3283 1115 3349 Dominum
1168 3285 1375 3368 gratitudinis
1396 3304 1473 3347 suae
1491 3285 1653 3366 specimen
1676 3305 1765 3350 nuno
1787 3283 1862 3348 edit.
1898 3285 2002 3348 Docet
2023 3293 2134 3346 eutem

141 3367 278 3434 dedisse
309 3364 439 3449 aliquod
467 3367 598 3449 signum
625 3387 719 3432 servo
747 3389 807 3434 suo
837 3369 923 3434 unde
951 3370 1116 3452 colligeret
1167 3373 1220 3435 hic
1241 3370 1329 3434 locus
1354 3369 1505 3432 instituta
1522 3369 1622 3434 fuisse
1643 3368 1683 3434 ab
1700 3369 1794 3434 initio
1812 3369 1968 3434 saonfiuia
1990 3369 2023 3432 in
2045 3368 2133 3433 huno

140 3473 305 3520 amoenas
328 3452 477 3535 regiones
499 3465 531 3515 et
559 3453 681 3516 feraces
710 3453 869 3519 bonerum
897 3457 1028 3539 frugum
1051 3458 1115 3520 iam
1165 3457 1274 3530 finem,
1297 3467 1335 3519 ut
1354 3475 1389 3518 se
1412 3454 1559 3520 hominos
1581 3453 1699 3519 talibus
1721 3455 1885 3521 exercitiis
1905 3452 1946 3518 ad
1967 3453 2133 3520 celebran-

139 3541 242 3622 aqnis
264 3549 420 3622 purgatas
441 3557 520 3604 esse.
557 3535 644 3617 Quia
665 3537 860 3624 Hieronymi
881 3543 988 3606 versio
1008 3541 1116 3620 habet,
1166 3541 1239 3606 dam
1263 3539 1325 3603 Dei
1347 3539 1535 3618 bonitatem,
1558 3551 1591 3603 et
1612 3540 1733 3623 gratias
1754 3539 1802 3604 illi
1825 3539 1968 3623 agendas
1989 3539 2133 3604 assuefa-

140 3644 279 3690 ramum
303 3623 403 3689 fuisse
432 3623 615 3689 virentibus
643 3622 743 3700 foliis,
774 3627 828 3708 qui
852 3637 1011 3710 putarunt
1031 3628 1115 3692 dilu·
1166 3637 1285 3694 cerent.
1331 3624 1503 3691 Sufficeret
1531 3624 1661 3708 quidem
1684 3626 1754 3690 Deo
1781 3625 1871 3690 nuda
1898 3625 2029 3706 linguae
2057 3645 2132 3688 con-

139 3712 240 3776 vium
281 3709 424 3790 coepisse
459 3729 570 3774 mense
602 3707 796 3791 Septembri,
836 3713 999 3794 opinionis
1038 3734 1116 3778 suaa
1165 3713 1276 3789 fessio,
1306 3712 1372 3776 imo
1394 3711 1490 3775 tacita
1519 3711 1641 3794 agnitio
1662 3710 1782 3776 cordis:
1813 3709 1869 3774 sed
1893 3711 2013 3775 scimus
2034 3729 2131 3792 qnam

140 3796 428 3862 confirmationem
457 3793 533 3858 inde
564 3803 706 3859 sumunt.
756 3796 858 3879 Atqui
887 3799 987 3864 verba
1014 3799 1117 3865 Musis
1166 3798 1279 3862 multis
1300 3795 1520 3862 incitamentis
1541 3794 1688 3880 indigeat
1709 3804 1820 3862 nostra
1843 3795 1999 3880 pigrities.
2043 3794 2132 3877 Ergo

141 3883 230 3946 nibil
267 3880 332 3945 tale
370 3891 497 3944 sonent.
549 3880 594 3943 Et
627 3881 697 3945 fieri
735 3894 844 3963 potest
877 3893 915 3947 ut
943 3883 1115 3959 Dominus,
1166 3905 1265 3966 quum
1288 3881 1366 3947 olim
1388 3883 1493 3947 sancti
1516 3890 1625 3964 patres
1642 3901 1732 3946 snam
1756 3903 1833 3967 arga
1850 3880 1959 3946 Deum
1977 3882 2131 3962 pietatem

140 3968 265 4032 volens
286 3964 381 4030 Noab
408 3965 550 4029 enimam
588 3986 749 4042 recreare,
785 3968 953 4034 columbae
990 3991 1114 4035 ramum
1167 3968 1331 4034 sacrificiis
1360 3967 1495 4050 professi
1531 3979 1622 4044 sunt,
1655 3967 1791 4032 minime
1819 3987 2039 4050 supervacuus
2071 3966 2133 4030 fuit

140 4050 314 4126 obtulerit,
336 4052 392 4132 qui
414 4051 473 4116 sub
492 4051 584 4132 aquis
606 4071 671 4114 non
693 4072 826 4135 prorsus
847 4067 1055 4120 emarcuerat.
1166 4076 1277 4119 eorum
1299 4074 1387 4118 usus.
1430 4051 1525 4117 Addo
1555 4051 1640 4135 qnod
1668 4073 1796 4134 semper
1824 4051 1889 4116 illis
1918 4061 1995 4116 ante
2022 4050 2132 4116 oculos

235 4137 288 4201 15.
318 4136 481 4217 Loquetus
507 4141 552 4202 est
585 4141 686 4200 uelem
715 4137 805 4202 Deus
832 4140 874 4203 ud
899 4141 998 4205 Noab.
1045 4141 1118 4206 Etsi
1167 4139 1313 4224 symbola
1330 4139 1464 4221 proponi
1485 4139 1645 4220 oportuit,
1674 4137 1790 4219 quibus
1806 4136 2060 4202 admonerentur
2082 4138 2131 4199 ni-

139 4247 212 4290 non
248 4240 367 4304 parum
401 4221 631 4303 expavefactus
665 4233 735 4286 erat
768 4222 864 4288 Noab
892 4227 953 4290 Dei
987 4226 1116 4304 indicio,
1167 4226 1213 4289 hil
1243 4223 1305 4288 sibi
1338 4245 1408 4289 esse
1440 4243 1514 4288 cum
1539 4222 1611 4288 Deo
1644 4221 1764 4306 absque
1798 4221 1985 4288 mediatore.
2035 4221 2132 4285 Nune

138 4309 305 4376 laudatur
325 4316 434 4371 tamen
459 4308 519 4372 heo
540 4309 576 4370 in
609 4315 703 4390 parte
735 4309 803 4373 eius
831 4310 1003 4377 tolerantia
1033 4312 1116 4396 quod
1166 4311 1289 4376 (lhristi
1329 4309 1485 4374 exhibitio
1531 4309 1663 4375 umbras
1705 4309 1779 4373 illas
1821 4317 1947 4373 veteres
1990 4307 2130 4372 sustulit.

139 4407 272 4461 terram
295 4392 419 4457 habens
440 4404 516 4456 ante
537 4393 660 4470 oculos,
693 4414 776 4476 quae
802 4394 1000 4462 domicilium
1022 4399 1117 4462 offer·
1167 4395 1278 4477 Quare
1317 4394 1523 4461 adminiculis
1561 4404 1694 4459 utamur
1728 4415 1810 4477 qnae
1843 4395 2003 4458 Dominus
2039 4412 2130 4475 pree·

139 4492 206 4556 ret,
231 4500 299 4543 non
322 4477 420 4543 audet
441 4495 551 4542 tamen
569 4479 668 4542 exire.
713 4479 840 4545 Nimiae
865 4483 1045 4560 timiditati,
1069 4497 1117 4550 at·
1167 4481 1306 4565 scripsit.
1342 4481 1443 4546 Porro
1465 4501 1564 4563 quum
1583 4479 1654 4545 dico
1672 4481 1828 4545 sacrificia
1846 4477 2046 4544 celebrandis
2069 4478 2132 4541 Dei

139 4588 210 4651 que
233 4565 333 4630 etiam
354 4563 504 4648 ignaviae
526 4564 587 4628 hoc
609 4564 789 4628 tribuerent
805 4569 932 4648 profani
955 4569 1117 4635 homines:
1168 4567 1330 4633 beneficiis
1359 4568 1392 4631 in
1421 4588 1481 4631 usu
1516 4565 1615 4631 fuisse
1648 4566 1767 4630 sanctis
1799 4565 1961 4648 patribus,
1996 4562 2035 4628 de
2065 4583 2131 4626 una

139 4653 204 4719 sed
236 4659 349 4715 sancta
378 4649 625 4728 esttimiditas,
654 4671 736 4731 quae
766 4673 807 4715 ax
833 4652 910 4718 fidei
936 4652 1117 4720 obedientia
1165 4663 1293 4718 tantum
1315 4653 1420 4734 specie
1441 4653 1570 4734 loquor:
1605 4672 1681 4715 nam
1698 4650 1777 4716 haec
1794 4650 1913 4715 oblatio
1931 4648 2026 4714 Noab
2047 4651 2132 4731 paoi·

138 4735 307 4804 nascitur.
352 4733 501 4800 Sciamus
526 4756 602 4817 ergo
628 4745 740 4800 saneta
768 4737 926 4803 modestia
954 4750 1116 4804 retentum
1167 4739 1236 4803 ficis
1258 4737 1433 4819 respondet
1454 4757 1490 4801 ac
1508 4737 1671 4822 primitiis.
1716 4735 1782 4801 Sed
1805 4736 1858 4800 hic
1880 4736 2131 4817 quaeriturque

138 4826 250 4889 fuisse
273 4820 385 4896 Noah,
407 4841 449 4884 ne
470 4820 531 4885 sibi
554 4822 616 4886 frui
638 4822 842 4903 permitteret
863 4834 999 4889 naturae
1022 4827 1117 4891 bene·
1165 4825 1321 4888 instinctu
1338 4823 1595 4888 obtuleritNoab
1610 4821 1899 4887 Deosaorificium:
1918 4819 2131 4902 quianullum

138 4909 231 4988 ficio,
254 4906 357 4971 donec
378 4915 587 4989 praeeuntem
606 4907 741 4972 haberet
756 4909 819 4973 Dei
841 4929 963 4974 vocem.
1000 4911 1118 4976 Paucis
1166 4907 1305 4974 habebat
1342 4909 1542 4973 mandatum.
1587 4906 1796 4990 Respondeo,
1832 4908 1979 4989 quamvis
2012 4905 2130 4970 diserte

139 4993 282 5078 quidem
311 4993 420 5057 verbis
448 4992 509 5056 hoe
537 4994 729 5076 perstringit
750 4993 874 5059 Moses:
903 4997 958 5060 sed
984 4995 1024 5060 ad
1047 5017 1116 5061 rem
1167 5016 1231 5058 non
1255 4993 1418 5076 exprimat
1446 4994 1555 5059 Moses
1584 4995 1693 5058 Deum
1719 4994 1851 5058 iussisse
1877 5002 1914 5055 ut
1935 4991 1968 5056 id
1997 4991 2129 5066 faceret,

138 5084 254 5164 ipsam
287 5078 455 5142 attendere
487 5080 647 5142 convenit.
697 5077 823 5163 Sponte
855 5092 965 5145 autem
996 5082 1056 5147 boc
1081 5083 1116 5145 in
1166 5101 1258 5163 posse
1288 5088 1397 5144 tamen
1431 5099 1472 5142 ex
1505 5079 1773 5161 consequentibus
1813 5085 1935 5142 certum
1974 5076 2129 5141 iudicium

140 5174 295 5231 mentem
331 5163 442 5228 venire
474 5163 623 5228 omnibus
657 5163 765 5244 debet,
805 5183 944 5248 quantae
984 5167 1117 5232 virtutis
1164 5166 1252 5242 fieri,
1285 5165 1428 5248 adeoque
1457 5186 1498 5230 ex
1526 5173 1592 5229 toto
1618 5173 1791 5240 contextu,
1827 5162 2003 5229 subnixum
2031 5163 2130 5226 fuisse

139 5251 258 5328 fuerit,
281 5257 356 5331 post
376 5249 563 5314 incredibile
583 5250 680 5314 unius
702 5251 780 5315 anni
802 5252 960 5328 taedium,
990 5251 1046 5317 ubi
1068 5252 1116 5317 di·
1166 5251 1260 5315 Noah
1282 5251 1345 5314 Dei
1366 5251 1479 5328 verbo,
1508 5250 1640 5332 eiusque
1669 5249 1822 5314 mandato
1843 5249 1978 5324 fretum,
2006 5247 2128 5312 cultum

138 5335 437 5411 luviemeessavit,
456 5334 610 5400 etillnxit
626 5336 800 5408 novavita,
818 5357 883 5401 non
896 5349 1002 5402 mmen
1016 5359 1117 5403 exse·
1167 5338 1254 5402 hunc
1276 5337 1488 5419 praestitisse,
1511 5356 1606 5418 quem
1628 5335 1676 5400 illi
1698 5336 1825 5418 placere
1846 5332 1978 5398 indubie
1999 5332 2130 5401 sciebat.
