5022 6192
136 435 172 500 61
787 435 1158 506 COMMENTARIUS
1179 438 1231 503 IN
1254 439 1469 506 GENESIN.
2081 443 2124 510 62

136 645 191 690 nos
212 625 286 690 Deo
315 623 491 708 ooniungit.
541 624 630 691 Hine
662 625 759 692 fluxit
780 627 913 692 ambitio
934 636 968 692 et
989 648 1103 710 super·
1155 626 1252 692 modo
1269 627 1381 694 solidis
1404 629 1585 712 seripturae
1603 627 1808 708 testimoniis,
1826 629 1884 695 sed
1906 631 1979 713 ipsa
2000 651 2125 714 qnoque

135 710 193 785 bia,
216 718 253 776 nt
274 711 392 776 mulier
409 711 561 794 primum,
580 709 697 775 deinde
720 720 753 776 et
774 713 912 778 maritus
934 735 969 779 se
990 723 1104 778 eontra
1156 714 1359 796 experientia
1391 725 1502 798 aperte
1536 713 1703 780 refellitur.
1766 714 1990 799 Philosophia,
2023 739 2123 800 quum

136 797 239 862 Deum
258 797 375 862 efferre
393 807 558 879 ouperent.
593 797 680 862 Vere
698 799 785 862 enim
804 819 839 863 se
861 807 975 864 eontra
992 799 1103 864 Deum
1154 797 1274 880 alioqui
1285 801 1365 865 satis
1375 821 1536 883 superque
1546 802 1634 866 souti
1645 809 1763 878 essent,
1774 802 1886 886 ignota
1903 802 1969 866 fuit
1986 810 2124 868 naturae

136 881 340 960 extulerunt,
376 903 475 965 quum
515 881 641 947 honore
677 884 738 948 sibi
773 882 931 950 divinitus
977 885 1102 962 oollato,
1154 895 1286 949 nostrae
1322 887 1491 952 vitiositas.
1553 887 1681 970 Nempe
1730 897 1844 970 stupor
1890 889 1952 954 iste
1997 888 2124 955 illustre

135 977 224 1033 heta
250 969 451 1050 praestantia
468 989 534 1032 nou
556 968 716 1046 eontenti,
739 968 814 1052 plus
843 980 997 1052 optarunt
1019 971 1103 1036 seire
1154 971 1377 1036 testimonium
1422 972 1483 1037 fuit
1528 973 1696 1056 originalis
1733 974 1866 1056 peeoati.
1928 973 2124 1057 Quieunque

136 1073 228 1137 quam
251 1055 299 1118 las
318 1067 398 1132 erat,
420 1063 459 1128 ut,
479 1055 550 1118 Deo
571 1073 666 1138 pares
696 1053 813 1120 forent.
858 1055 923 1122 Ubi
946 1058 1044 1121 etiam
1067 1077 1102 1121 so
1154 1056 1241 1122 euim
1264 1077 1328 1122 non
1358 1077 1490 1140 prorsus
1513 1059 1713 1136 oaeontiuat,
1735 1057 1851 1123 vident
1872 1059 1994 1125 nullam
2017 1061 2124 1124 nostri

134 1138 238 1222 prodit
255 1153 462 1205 monstruosa
473 1139 687 1222 ingratitudo.
707 1140 759 1204 Ad
778 1141 1025 1206 similitudinem
1038 1141 1102 1206 Dei
1153 1150 1279 1225 partem
1313 1164 1383 1208 esse
1423 1144 1601 1227 integram:
1642 1151 1784 1208 mentem
1826 1165 1897 1210 esse
1934 1165 2123 1229 pereussam

134 1225 205 1290 laeti
230 1234 341 1290 erant:
366 1225 427 1292 hoo
448 1245 563 1308 parum
584 1225 729 1304 videtur,
753 1228 815 1292 nisi
836 1227 969 1294 aoeedat
985 1247 1101 1310 aequa·
1152 1229 1322 1304 oeeeitate,
1356 1229 1603 1313 innumerisque
1624 1231 1789 1295 erroribus
1809 1231 1976 1296 inlectam:
2010 1252 2124 1296 omnes

134 1311 214 1376 litae.
269 1310 341 1375 Iam
375 1320 514 1376 nonest
546 1311 629 1393 quod
653 1313 686 1376 in
720 1313 927 1378 extenuando
953 1312 1047 1378 Adae
1069 1324 1102 1377 et
1153 1312 1258 1378 eordis
1288 1314 1422 1380 effeetus
1450 1316 1652 1380 oontumaoia
1681 1327 1713 1379 et
1749 1317 1911 1399 pravitate
1937 1317 2064 1400 plenos:
2089 1327 2124 1381 et

134 1397 241 1461 uxoris
259 1406 389 1481 peeeato
414 1398 536 1463 frustra
558 1418 623 1462 non
652 1397 759 1462 minus
779 1419 875 1481 quam
895 1407 1102 1483 praepostere
1154 1398 1219 1462 illio
1258 1419 1397 1482 regnare
1429 1401 1480 1465 vel
1518 1401 1629 1466 foedas
1662 1398 1825 1479 libidines,
1860 1403 1910 1466 vel
1945 1401 2025 1466 alios
2057 1423 2123 1468 nou

134 1482 278 1546 laborent
310 1483 433 1547 sinistri
468 1492 500 1547 et
533 1483 625 1564 pravi
659 1483 815 1548 homines.
870 1485 984 1567 Neque
1014 1486 1100 1548 enim
1153 1484 1294 1549 leviores
1316 1486 1461 1551 morbos:
1480 1487 1590 1552 multis
1608 1486 1697 1552 vitiis
1719 1509 1833 1552 sensus
1855 1508 1967 1552 omnes
1990 1501 2122 1553 scatere.

133 1567 201 1634 leve
232 1566 404 1647 deliotnm,
433 1569 490 1634 sed
513 1568 702 1634 detestabile
727 1569 832 1634 aoelus
854 1580 904 1635 est
930 1571 1100 1652 apostasia,
1153 1569 1327 1634 (laetarum
1349 1571 1558 1654 quianullus
1580 1581 1830 1655 praeter-unum
1855 1574 1963 1638 Deum
1985 1573 2122 1640 idoneos

133 1674 192 1736 qua
221 1675 257 1719 se
283 1653 379 1719 homo
408 1655 583 1720 eonditoris
611 1656 662 1720 sui
685 1656 820 1738 imperio
848 1655 1014 1735 subduoit,
1036 1657 1101 1719 imo
1153 1665 1203 1720 est
1225 1655 1321 1721 huius
1343 1677 1458 1722 eaesae
1479 1658 1588 1735 iudex,
1610 1660 1793 1723 sententiae
1813 1679 1909 1741 quam
1933 1660 2070 1741 protulit
2087 1662 2122 1724 in

132 1759 203 1804 eum
243 1740 351 1806 reiioit
371 1749 403 1804 et
431 1741 580 1825 abnegat.
632 1740 726 1806 Adde
754 1740 840 1823 quod
863 1764 926 1806 non
960 1741 1102 1825 simplex
1152 1741 1332 1823 seripturis,
1353 1744 1623 1824 adquiescendum
1642 1753 1699 1808 est.
1730 1744 1888 1822 Primum,
1907 1744 1992 1827 quod
2011 1745 2122 1810 vitiosi

132 1827 292 1907 apostasia
319 1825 399 1900 fuit,
422 1825 478 1891 sed
506 1845 580 1890 eum
608 1827 772 1892 atrooibus
792 1827 830 1891 in
856 1829 962 1892 Deum
993 1829 1099 1910 ipsum
1153 1837 1186 1890 et
1206 1829 1352 1908 perversi
1382 1849 1572 1906 nascamur,
1602 1831 1762 1912 soriptura
1785 1830 1872 1894 elare
1895 1829 1996 1896 dooet.
2046 1830 2121 1896 Pri·

131 1910 332 1999 contumeliis
364 1921 398 1975 et
423 1911 549 1994 probris
577 1917 758 1978 eoniunota.
803 1913 911 1977 Deum
940 1912 1101 1979 mendaeii
1152 1911 1263 1977 volum
1284 1913 1409 1996 Pelagii
1431 1915 1584 1980 ossillum
1606 1915 1668 1980 fuit
1689 1917 1870 1980 imitatione
1891 1925 2000 1980 ortum
2023 1918 2123 1981 fuisse

131 2009 259 2062 aeeusat
291 1995 413 2075 Satan,
448 2006 482 2062 et
515 1997 673 2076 invidiae,
707 2009 740 2063 et
772 1999 1000 2082 malignitatis:
1032 2015 1098 2062 tam
1150 2009 1317 2080 peceatum
1347 2001 1387 2064 ab
1415 1999 1532 2064 Adam.
1577 2001 1690 2082 Neque
1725 2005 1813 2066 enim
1846 2011 1974 2085 poterat
2001 2000 2121 2078 David,

130 2082 242 2147 foedae
264 2093 299 2147 et
319 2083 540 2149 exseerandae
561 2085 744 2149 ealumniue
770 2083 987 2149 subseribunt.
1011 2086 1098 2149 'Pan-
1151 2081 1257 2148 adhuo
1286 2087 1399 2150 matris
1428 2086 1575 2152 inolusus
1603 2097 1711 2164 utero,
1746 2087 1838 2152 Adae
1867 2109 1939 2152 esse
1962 2089 2120 2152 imitator:

131 2168 200 2232 dem
219 2181 404 2252 contempto
416 2167 480 2233 Dei
499 2171 660 2248 mandato,
684 2191 747 2234 nou
772 2171 866 2234 modo
890 2191 967 2236 suae
989 2170 1098 2234 indul·
1149 2169 1205 2250 qui
1229 2179 1336 2234 tamen
1367 2171 1489 2236 fatetur
1517 2193 1552 2236 se
1574 2174 1607 2236 in
1637 2180 1767 2256 peeeeto
1792 2173 1892 2237 luisse
1920 2181 2120 2254 oonoeptnm.

131 2265 205 2337 gent
232 2254 377 2331 libidini:
406 2255 462 2319 sed
496 2254 622 2320 diabolo
649 2278 684 2320 se
716 2257 915 2339 mancipant.
959 2256 997 2320 Si
1027 2257 1097 2339 quis
1150 2253 1249 2340 (Psal.
1272 2255 1324 2334 51,
1344 2255 1385 2342 7).
1409 2257 1511 2322 Porro
1545 2258 1683 2340 amplior
1715 2258 1812 2323 huius
1840 2258 1888 2322 rei
1910 2259 2065 2340 probatio,
2088 2267 2121 2323 et

130 2341 260 2405 brevius
282 2341 391 2416 malit,
413 2340 587 2406 infidelitas
608 2342 779 2406 ambitioni
800 2342 931 2406 ianuam
956 2343 1096 2424 aperuit:
1150 2342 1294 2405 definitio
1324 2344 1445 2424 peceati
1468 2343 1651 2427 originalis,
1674 2365 1714 2407 ex
1742 2343 1953 2415 Institutione
1974 2355 2119 2428 petatur:

129 2427 260 2490 ambitio
286 2447 367 2490 vero
400 2428 623 2493 eontumaoiae
652 2427 714 2492 fuit
742 2439 861 2505 mater,
891 2441 927 2492 ut
949 2428 1098 2492 homines
1149 2427 1214 2490 nisi
1224 2424 1311 2509 quod
1322 2449 1385 2492 uno
1401 2428 1517 2505 verbo,
1529 2450 1625 2512 quam
1644 2430 1710 2493 late
1728 2437 1847 2512 pateat,
1866 2429 1919 2494 hio
1937 2429 2118 2512 expediam.

128 2511 251 2576 abieoto
274 2510 337 2575 Dei
360 2524 467 2590 metu,
484 2513 597 2596 iugum
625 2522 826 2578 exenterent.
871 2514 944 2577 Hae
970 2514 1097 2578 ratione
1150 2511 1318 2593 Quidquid
1341 2522 1391 2578 est
1412 2515 1447 2577 in
1477 2524 1595 2579 natura
1623 2523 1734 2580 nostra
1756 2515 1924 2590 vitiosum,
1953 2514 2029 2597 quia
2051 2517 2119 2580 Deo

127 2597 218 2662 doeet
251 2597 391 2674 Paulus,
415 2597 633 2662 inobedientia
654 2598 746 2662 Adae
769 2611 935 2682 peceatum
958 2600 1098 2663 intrasse
1149 2597 1333 2663 adscribere
1351 2600 1399 2664 fas
1417 2621 1482 2664 non
1501 2609 1560 2676 est,
1578 2601 1694 2665 merito
1712 2602 1747 2664 in
1763 2611 1931 2683 peeeatum
1944 2601 2118 2666 reiioimus.

125 2684 157 2746 in
178 2681 348 2749 mundum.
393 2684 575 2767 Fingamus
593 2684 675 2748 nihil
698 2686 797 2750 fuisse
819 2685 966 2750 mandati
989 2697 1096 2749 trans·
1151 2685 1252 2766 Atqui
1265 2683 1386 2749 Paulus
1405 2687 1500 2750 tertio
1519 2685 1560 2750 ad
1572 2686 1667 2751 Rom.
1682 2709 1751 2769 eap.
1767 2708 1798 2750 r.
1815 2687 1857 2752 10
1878 2687 2119 2768 corruptionem

127 2771 290 2852 gressione
313 2769 471 2834 deterius:
495 2791 536 2834 ne
558 2771 605 2835 sie
622 2779 731 2834 tamen
751 2769 792 2836 ad
813 2770 986 2836 levandam
1003 2769 1097 2835 Adeo
1149 2789 1214 2832 non
1234 2770 1400 2836 subsidere
1418 2793 1485 2835 una
1502 2781 1631 2836 tantum
1652 2775 1686 2836 iu
1704 2781 1797 2855 parts
1817 2771 1918 2848 doeet,
1942 2770 1999 2836 sed
2018 2781 2119 2837 totam

126 2855 266 2938 eulpam,
284 2856 425 2920 multum
443 2855 622 2938 profeetum
641 2856 749 2921 luerit.
794 2857 886 2922 Deus
904 2855 1096 2921 et·liberum
1148 2857 1291 2920 animam
1321 2865 1354 2920 et
1382 2856 1528 2940 singulas
1564 2859 1634 2922 eius
1664 2867 1773 2942 partes
1808 2877 1972 2941 oeeupare.
2022 2857 2119 2924 Unde

126 2940 160 3002 in
188 2941 356 3019 omnihus,
379 2950 412 3006 et
438 2961 548 3024 regem
579 2941 671 3005 illum
697 2942 811 3007 mundi
830 2944 1040 3025 eonstituens,
1061 2943 1096 3006 in
1149 2944 1303 3024 sequitur,
1322 2943 1488 3024 pueriliter
1505 2963 1616 3008 errare
1632 2965 1686 3009 eos
1703 2945 1759 3027 qui
1777 2945 1935 3028 originale
1948 2953 2118 3026 peeeatum

126 3026 222 3091 unius
262 3028 366 3092 solum
408 3027 531 3092 arboris
569 3027 765 3092 abstinentia
798 3029 987 3110 obsequium
1026 3029 1096 3092 eius
1148 3027 1184 3091 in
1205 3026 1342 3092 libidine
1361 3037 1507 3107 tantum,
1532 3042 1564 3095 et
1592 3029 1777 3095 inordinato
1803 3031 2007 3114 appetituum
2028 3038 2119 3094 motu

126 3113 269 3195 experiri
300 3113 463 3178 voluerat:
500 3113 579 3178 haee
610 3114 658 3177 illi
691 3113 833 3179 eonditio
866 3135 930 3178 non
965 3113 1094 3196 plaeuit.
1148 3114 1369 3178 eonsiderant:
1404 3136 1505 3198 quum
1538 3117 1573 3179 in
1606 3118 1678 3200 ipsa
1710 3117 1847 3180 rationis
1880 3115 1955 3180 sede
1988 3123 2021 3179 et
2049 3124 2118 3180 toto

124 3197 294 3264 Exeusent
312 3199 458 3280 perversi
476 3198 631 3280 rhetores,
650 3199 791 3264 illeotam
812 3201 913 3264 fuisse
925 3200 1096 3264 mulierem
1148 3199 1244 3263 eorde
1270 3209 1447 3282 grassetur.
1497 3201 1635 3268 Peoeato
1662 3223 1809 3266 annexus
1834 3211 1881 3265 est
1904 3209 2029 3265 reatus:
2052 3202 2118 3279 vel,

124 3283 249 3350 arboris
276 3285 534 3366 pulehritndine,
554 3286 660 3350 virum
686 3283 852 3350 blanditiis
875 3286 992 3350 Herae
1015 3286 1095 3349 irre-
1148 3283 1421 3367 quemadmodum
1447 3285 1590 3369 loquitur
1630 3287 1754 3352 Paulus
1789 3285 1899 3373 (Rom.
1922 3286 1952 3362 5,
1983 3286 2047 3373 12),
2077 3288 2117 3352 ab

122 3369 227 3434 titum.
278 3369 352 3450 Quo
383 3377 494 3435 tamen
525 3371 639 3435 mitius
671 3381 742 3436 erat
764 3372 829 3436 Dei
848 3372 1038 3454 imperium,
1059 3392 1096 3436 eo
1148 3370 1281 3434 homine
1313 3381 1497 3451 pensatum,
1530 3393 1549 3436 a
1582 3382 1713 3456 peeeato
1745 3395 1842 3438 mors.
1898 3372 2010 3452 Quare
2040 3372 2118 3438 alibi

123 3456 232 3520 minus
262 3456 441 3521 tolerabilis
469 3458 505 3520 in
526 3477 564 3522 eo
589 3457 769 3522 reeusando
798 3457 860 3521 luit
888 3457 1094 3540 perversitas.
1147 3455 1280 3542 (Ephes.
1304 3457 1332 3534 2,
1357 3456 1390 3542 3)
1413 3459 1621 3540 pronunciat,
1643 3480 1702 3524 nos
1724 3481 1796 3524 esse
1817 3459 1902 3524 filios
1924 3461 2007 3522 irae:
2031 3459 2116 3524 aesi

122 3541 249 3606 Verum
272 3542 369 3606 altius
391 3543 578 3623 quaerenda
599 3551 649 3607 est
669 3543 794 3626 peeoati
819 3543 911 3625 origo
932 3551 965 3606 et
987 3563 1094 3607 eausa.
1147 3554 1298 3606 aeternae
1327 3543 1546 3608 maledietioni
1579 3565 1637 3609 uos
1669 3545 1851 3610 subiiesret.
1905 3544 1946 3608 ln
1979 3565 2116 3623 summa,

121 3627 299 3710 Nunquam
332 3628 420 3708 enim
451 3628 522 3692 Deo
556 3648 740 3712 repugnare
770 3630 842 3693 ausi
879 3638 1005 3706 essent,
1033 3629 1096 3693 nisi
1146 3628 1233 3709 quod
1265 3628 1393 3711 spoliati
1426 3630 1554 3693 eximiis
1595 3631 1729 3712 spiritus
1763 3630 1869 3696 saneti
1901 3629 2011 3706 donis,
2044 3630 2117 3693 lues

123 3715 269 3795 primurn
308 3715 378 3778 eius
424 3715 524 3778 verbo
559 3713 728 3778 inereduli.
781 3714 873 3779 Nihil
912 3724 1021 3778 autom
1055 3713 1096 3778 ad
1146 3713 1291 3791 rationis,
1311 3714 1446 3792 iustitia,
1463 3716 1667 3792 reatitudine,
1687 3716 1727 3780 ad
1745 3737 1840 3780 omne
1862 3727 1971 3780 autem
1993 3713 2116 3780 malum

123 3799 269 3864 iruotum
323 3799 539 3882 appetendum
589 3819 644 3864 eos
690 3801 797 3865 illexit
839 3820 936 3883 quam
981 3802 1096 3864 insana
1145 3801 1296 3882 propensi
1333 3820 1462 3864 sumus:
1499 3801 1615 3865 deinde
1644 3803 1728 3883 quod
1764 3800 1885 3883 perditi
1907 3812 1940 3865 et
1969 3801 2116 3865 damnati

124 3887 269 3950 ambitio.
296 3883 463 3968 Quamdiu
482 3885 579 3950 fidem
603 3885 760 3951 habentes
772 3885 833 3949 Dei
852 3885 961 3962 verbo,
981 3894 1094 3967 sponte
1147 3887 1242 3949 morti
1272 3884 1492 3965 subiaeemus,
1516 3884 1732 3951 haereditaria
1754 3898 1804 3951 est
1830 3897 1943 3951 nostra
1965 3886 2115 3964 eonditio,

123 3991 158 4034 se
176 3993 215 4036 so
234 3973 303 4055 regi
321 3973 407 4054 passi
425 3981 513 4046 sunt,
532 3971 696 4037 habebant
712 3971 841 4036 sedatos
864 3982 897 4036 et
917 3973 979 4036 rite
1007 3991 1095 4035 oom-
1146 3967 1179 4034 et
1201 3971 1298 4036 simul
1327 3972 1413 4036 iusta
1439 3993 1543 4054 poena
1569 3993 1666 4055 quam
1692 3971 1784 4038 Deus
1806 3974 1840 4037 in
1862 3972 1954 4036 Adae
1975 3993 2115 4056 persona

122 4058 247 4138 positos
275 4057 420 4122 effeetus.
472 4055 643 4138 Optimum
677 4059 801 4123 soilioet
833 4067 903 4122 erat
935 4059 1094 4134 fraenum,
1146 4057 1259 4140 generi
1298 4056 1442 4120 humano
1481 4057 1611 4122 inflixit.
1672 4058 1769 4123 Nune
1803 4059 1830 4124 si
1861 4059 1934 4140 quis
1973 4059 2113 4136 obiiciat,

122 4163 206 4226 quae
227 4145 356 4225 penitus
373 4140 536 4207 insidebat
553 4163 664 4207 eorum
684 4143 973 4227 animisoogitatio,
986 4141 1095 4207 Deum
1145 4143 1294 4225 iniquum
1308 4163 1377 4206 asse
1389 4155 1425 4205 ut
1437 4163 1573 4224 poenam
1585 4144 1682 4208 alieni
1699 4145 1822 4227 peeoati
1841 4144 1935 4208 luant
1952 4146 2112 4208 insontes:

122 4249 193 4293 esse
227 4233 425 4306 iustumne
454 4228 535 4293 nihil
557 4249 628 4294 esse
650 4230 766 4293 melius
788 4250 886 4311 quarn
909 4230 979 4294 eius
1001 4249 1094 4292 men·
1144 4227 1332 4310 respondeo,
1351 4227 1505 4311 quidquid
1530 4229 1688 4294 donorum
1714 4229 1806 4294 nobis
1824 4231 1859 4294 in
1871 4229 1963 4294 Adae
1977 4250 2114 4312 persona

122 4313 349 4397 datisparere:
370 4314 520 4378 ultimam
543 4335 622 4379 vero
647 4315 748 4379 ielieis
765 4315 852 4380 vitae
875 4324 996 4378 metam
1015 4335 1094 4390 esse,
1145 4313 1329 4378 contulerat
1345 4313 1446 4392 Deus,
1464 4313 1609 4398 potuisse
1625 4315 1697 4380 iure
1714 4317 1837 4398 optimo
1859 4315 1994 4392 auferre,
2012 4335 2112 4397 quum

121 4400 161 4464 ab
184 4401 257 4482 ipso
279 4399 379 4483 diligi.
416 4400 595 4481 Postquam
618 4421 695 4466 vero
713 4399 856 4465 Satanae
874 4399 1094 4481 blasphemiae
1144 4398 1199 4462 ille
1226 4400 1326 4482 impie
1357 4399 1501 4465 descivit.
1552 4395 1666 4484 Neque
1692 4421 1774 4483 opus
1796 4409 1846 4464 eet
1874 4401 2048 4483 eonfugere
2070 4399 2111 4463 ad

121 4485 230 4550 loeum
256 4484 432 4564 dederuut,
455 4487 546 4567 quasi
576 4484 742 4562 fascinati,
773 4487 897 4550 ratione
919 4498 953 4550 et
975 4484 1093 4549 iudieio
1144 4495 1240 4549 vetus
1272 4482 1355 4550 illud
1385 4483 1587 4566 quorundam
1624 4487 1833 4569 figmentum,
1866 4485 1950 4568 quod
1982 4487 2112 4550 animae

121 4585 300 4653 coeperunt
326 4591 455 4636 oerore:
481 4572 547 4634 imo
574 4592 674 4653 quum
704 4571 848 4637 Satanae
871 4581 980 4635 essent
1001 4590 1093 4633 man·
1145 4591 1187 4634 ex
1216 4569 1350 4636 traduoe
1374 4572 1529 4636 oriantur.
1586 4571 1700 4654 Neque
1729 4572 1816 4635 enim
1846 4571 2040 4635 naturaliter
2068 4592 2110 4635 ex

120 4658 216 4739 eipia,
236 4658 352 4740 ligatos
370 4657 475 4720 tenuit
494 4676 606 4720 eorum
628 4679 752 4722 sensus.
789 4657 841 4721 Ad
867 4657 947 4722 haee
973 4657 1093 4721 seimus
1145 4654 1236 4720 Adae
1258 4657 1412 4740 progenis
1433 4657 1674 4739 eorreptionem
1703 4665 1875 4721 traxerunt
1896 4657 2029 4738 posteri:
2053 4657 2110 4720 sed

121 4764 185 4807 nou
217 4759 353 4808 externa
382 4741 489 4825 speeie
521 4743 684 4807 aestimari
714 4763 822 4808 oerarn
852 4741 923 4807 Deo
952 4753 1092 4824 peecata,
1144 4739 1177 4805 id
1210 4744 1316 4824 potius
1349 4763 1389 4807 ex
1422 4743 1485 4806 Dei
1520 4741 1723 4807 ordinatione
1759 4741 1892 4824 pendet:
1927 4742 1983 4824 qui
2014 4742 2109 4807 sinoti

119 4828 175 4892 sed
210 4827 365 4893 interiora
399 4829 526 4892 affeetu.
582 4828 654 4892 Iam
682 4849 761 4893 vero
794 4828 879 4910 qnod
912 4829 1092 4912 primorum
1144 4835 1247 4890 totam
1287 4829 1422 4892 humani
1461 4829 1589 4910 generis
1630 4839 1781 4892 naturam
1815 4830 1848 4891 in
1878 4848 1943 4892 uuo
1976 4828 2109 4891 homine

118 4913 292 4978 hominum
314 4915 450 4979 deiectio
471 4914 572 4977 totius
594 4915 722 4997 generis
752 4913 873 4979 dieitur
897 4913 1093 4979 universalis
1142 4921 1317 4978 ornaverat
1329 4913 1616 4997 praestantissimis
1627 4912 1765 4988 dotibus,
1775 4913 1821 4976 ita
1831 4914 1868 4976 in
1879 4911 1991 4977 eodem
2005 4915 2109 4996 ipsam

117 5001 220 5065 fuisse
238 4999 354 5079 elades,
377 4999 540 5083 plerisque
561 4999 895 5065 absurdumvidetur:
918 5011 1015 5080 atque
1032 4999 1093 5063 hoo
1144 4998 1290 5064 nudavit.
1352 4998 1423 5063 Iam
1457 5021 1551 5075 vero,
1585 5020 1626 5062 er
1662 5020 1724 5080 quo
1755 4999 1789 5061 in
1824 4997 1932 5062 Adam
1964 5001 2109 5082 eorrupti

118 5088 254 5149 nomine
269 5085 408 5151 libenter
419 5086 528 5151 Deum
547 5088 581 5148 in
599 5087 721 5151 orimen
740 5097 903 5152 voearent.
939 5086 1095 5166 Pelagius
1143 5104 1275 5162 sumus,
1302 5105 1367 5148 non
1398 5086 1597 5149 sustinemus
1619 5083 1715 5148 alieni
1739 5083 1846 5150 delieti
1870 5105 2024 5166 poenam,
2050 5087 2106 5149 sed

117 5185 250 5250 eontra,
282 5193 324 5236 ne
361 5172 525 5254 eorruptio
548 5181 685 5236 naturae
720 5173 880 5237 humanae
913 5173 948 5238 in
982 5171 1090 5234 Deum
1143 5171 1274 5252 propria
1302 5168 1398 5252 eulpa
1427 5173 1473 5234 rei
1500 5191 1622 5235 sumus.
1667 5169 1822 5234 Moretur
1852 5171 1991 5235 etiams
2023 5193 2104 5234 non-

116 5255 326 5330 rednndoret,
350 5254 448 5341 (qnod
471 5255 552 5321 falso
574 5256 721 5343 timebat)
744 5269 910 5342 peecatum
934 5253 1092 5340 originale
1143 5255 1242 5319 nullis
1254 5257 1401 5338 quaestio
1425 5255 1464 5319 de
1482 5255 1601 5339 lapsus,
1621 5253 1673 5319 vel
1691 5257 1799 5338 potius
1821 5257 1937 5320 ruinae
1955 5265 2108 5339 tempore.

115 5361 242 5427 negare
267 5363 368 5408 ausus
390 5351 448 5407 est.
495 5341 621 5407 Verum
651 5353 718 5408 tam
745 5363 875 5409 ereesus
898 5366 1002 5422 error,
1025 5361 1091 5404 nou
1143 5339 1265 5424 Opinio
1287 5341 1366 5406 haee
1384 5341 1504 5423 passim
1526 5349 1656 5423 reoepta
1677 5340 1740 5407 luit
1774 5341 1886 5406 eodem
1905 5361 1968 5424 quo
1985 5341 2108 5407 oonditi
