5000 6208
366 443 437 510 303
1032 437 1398 510 COMMENTARIUS
1419 442 1470 508 IN
1495 441 1709 510 causele.
2304 443 2357 510 304

372 632 436 698 Dei
459 630 558 697 filios:
581 629 637 696 sed
658 631 714 696 ubi
736 652 756 696 a
778 631 860 716 legis
883 639 916 697 et
938 631 1171 716 prophetarum
1194 630 1344 695 doctriua
1395 631 1472 715 quin
1492 632 1592 696 variis
1609 632 1697 698 curis
1718 630 1916 698 aestuaverit
1933 638 2000 696 teta
2022 639 2126 710 noete,
2148 649 2258 697 secum
2278 632 2356 698 varie

372 717 563 784 subducitur
590 715 727 799 spiritus
757 717 812 800 qui
845 739 917 783 eam
949 719 1112 794 vivificat,
1143 729 1181 780 ut
1211 723 1342 780 tantum
1394 715 1536 783 luctatus
1569 718 1684 798 merit,
1724 739 1761 784 ac
1793 716 1967 800 pertulerit
1998 716 2152 802 ingentes
2171 719 2354 810 cruciatus:

308 806 311 825 ⁴
373 809 500 869 medua
520 801 615 867 litera
636 803 792 886 supersit,
816 805 1038 888 corrumpitur
1059 822 1170 867 semen
1191 799 1283 880 illud,
1305 809 1343 866 ut
1394 803 1500 886 surgit
1532 813 1640 868 tamen
1674 823 1782 881 mane,
1813 811 1850 868 ut
1877 802 2049 869 orbitatem
2080 822 2174 867 suum
2207 811 2354 869 maturet:

373 888 505 954 nonnisi
527 884 701 952 adulterini
719 889 779 954 filii
797 899 972 955 nascantur
989 889 1024 954 in
1043 889 1248 955 servitutem:
1267 887 1345 969 quia
1394 887 1548 971 quoniam
1571 890 1617 954 ita
1639 887 1767 973 placere
1790 886 1861 952 Dec
1884 889 1983 954 novit.

373 984 482 1040 tamen
516 993 557 1038 ex
579 970 644 1038 Dei
675 972 790 1051 verbo,
824 975 901 1040 lieet
933 983 1102 1058 corrupto,
1135 973 1170 1037 in
1203 974 1343 1056 speeiem
1479 973 1523 1038 Et
1544 974 1617 1040 tulit
1633 978 1794 1058 paueret
1815 979 1924 1039 mem.
1961 974 2035 1038 Non
2057 982 2183 1038 tantum
2201 973 2355 1059 significat

372 1067 567 1136 nascuntur,
600 1080 700 1124 unam
732 1060 819 1125 inter
848 1061 912 1126 Dei
941 1061 1025 1126 filies
1053 1058 1193 1143 speciem
1223 1059 1343 1124 consti-
1394 1061 1503 1125 Moses
1525 1060 1692 1125 Abraham
1719 1059 1893 1126 mandasse
1919 1058 2082 1126 custodiae
2115 1061 2230 1125 matris
2259 1060 2354 1125 filium

371 1154 479 1211 tuunt.
523 1144 656 1210 Interea
683 1144 766 1211 nulli
794 1157 872 1211 sunt
901 1146 1037 1231 legitimi
1071 1143 1245 1220 haeredes,
1279 1144 1343 1208 nisi
1394 1166 1502 1210 suum:
1532 1144 1589 1211 sed
1618 1145 1711 1229 quasi
1739 1147 1875 1212 cessisse
1903 1145 1975 1210 iura
2003 1144 2123 1228 patrie:
2151 1165 2227 1210 nam
2256 1146 2354 1228 ipsum

372 1253 453 1316 quos
475 1229 611 1298 ecelesia
628 1251 670 1295 ex
691 1229 818 1296 liberali
840 1233 1001 1319 evangelii
1025 1231 1149 1296 semino
1171 1240 1344 1314 conceptos
1394 1230 1528 1296 alienari
1560 1233 1720 1312 oportuit,
1754 1252 1795 1295 ne
1822 1230 1956 1314 posthae
1983 1238 2190 1313 reputaretur
2211 1229 2355 1296 Abrahae

372 1319 408 1382 in
440 1315 627 1384 libertatem
658 1316 753 1399 parit.
809 1316 890 1382 Dixi
923 1326 1033 1383 autem
1066 1319 1101 1381 in
1135 1317 1187 1381 his
1220 1316 1344 1381 duabus
1394 1338 1514 1382 semen.
1559 1314 1667 1397 Quam
1700 1318 1794 1382 tenui
1823 1324 1933 1382 autem
1959 1317 2077 1382 viatico
2106 1337 2240 1381 uxorem
2270 1335 2354 1382 suam

372 1403 521 1488 personis
546 1403 783 1484 repraesentari
812 1412 1007 1486 perpetuum
1035 1395 1189 1469 eeclesiae
1210 1410 1342 1466 statum.
1394 1422 1467 1467 cum
1490 1402 1557 1467 filie
1579 1401 1697 1468 donat?
1721 1403 1891 1487 Lagenam
1914 1422 2014 1485 aquae
2032 1414 2066 1466 et
2087 1421 2205 1486 panem
2228 1401 2353 1467 humero

371 1489 459 1555 Nam
479 1487 668 1573 hypocritae
685 1508 751 1552 non
768 1496 897 1553 tantum
919 1489 994 1555 filiis
1012 1487 1075 1554 Dei
1097 1485 1252 1574 permixti
1269 1499 1345 1552 sunt
1394 1488 1543 1571 imponit.
1589 1487 1658 1554 cur
1679 1509 1744 1553 non
1771 1487 1897 1553 asinam
1926 1488 2041 1552 saltem
2071 1497 2186 1552 onerat
2208 1487 2353 1553 mediocri

372 1572 578 1652 maculosis,
607 1571 752 1638 sediliis
781 1575 976 1657 contemptis
1005 1575 1146 1658 superbe
1167 1581 1271 1640 totum
1293 1573 1345 1637 ius
1395 1573 1547 1638 annona?
1571 1573 1640 1638 Our
1661 1594 1727 1638 non
1753 1573 1905 1640 comitem
1932 1571 2021 1638 addit
2048 1594 2152 1637 unum
2179 1594 2221 1639 ex
2250 1577 2353 1652 servis,

373 1669 407 1726 et
446 1659 603 1725 honorem
642 1657 705 1724 sibi
743 1657 927 1725 vendicent.
986 1661 1032 1725 Et
1073 1658 1345 1744 quemadmodum
1395 1679 1534 1742 quorum
1563 1660 1756 1744 suppetebat
1782 1657 1869 1723 domi
1895 1657 2009 1743 eopia?
2040 1660 2141 1742 Atqui
2170 1659 2222 1724 vel
2251 1659 2354 1726 ocules

372 1746 494 1812 Ismael
526 1764 611 1810 vano
643 1744 853 1829 primogeniti
886 1746 981 1811 titulo
1021 1746 1170 1823 inflatus,
1210 1744 1345 1810 fratrem
1395 1744 1444 1809 illi
1465 1742 1557 1810 Deus
1578 1745 1710 1822 clausit,
1734 1766 1775 1810 ne
1797 1745 1926 1809 veniret
1945 1745 1980 1808 in
2004 1752 2144 1810 mentem
2167 1744 2253 1827 quod
2273 1745 2354 1828 plus·

374 1832 467 1898 Isaac
495 1829 564 1896 seis
593 1831 704 1894 sannis
737 1831 894 1897 vexabat:
929 1832 974 1896 ita
1002 1832 1058 1898 isti
1085 1852 1146 1897 sue
1174 1829 1346 1913 splendere
1395 1851 1492 1914 quam
1514 1829 1654 1896 libenter
1675 1831 1818 1897 tacturus
1835 1839 1921 1895 erat:
1943 1829 1998 1894 vel
2015 1850 2053 1895 ee
2070 1829 2204 1896 consilio
2226 1831 2354 1896 restriu-

372 1917 502 1995 confisi,
531 1922 653 1982 rectam
681 1915 877 1999 simplicium
898 1917 996 1982 fidem
1018 1916 1246 1982 contumeliose
1269 1937 1345 1980 exa·
1396 1917 1445 1982 xit
1473 1916 1644 1994 viaticum,
1674 1922 1711 1981 ut
1737 1937 1803 1982 non
1831 1915 1943 1998 procul
1967 1937 1986 1980 a
2014 1915 2108 1980 domo
2137 1916 2353 1982 subsisterent.

373 2004 479 2088 gitant
496 2012 529 2068 ct
550 2000 673 2066 rident:
695 2005 771 2085 quia
793 2001 854 2067 sibi
874 2004 983 2068 omnia
1009 2002 1193 2086 arrogando
1222 2001 1346 2086 gratiae
1396 2000 1551 2085 Optasset
1573 2001 1660 2067 enim
1682 2001 1796 2086 procul
1818 2000 1914 2067 dubio
1937 2001 2058 2067 habere
2080 2001 2140 2067 sibi
2162 2003 2303 2080 vicinos,
2324 2011 2355 2066 ut

374 2089 437 2155 Dei
460 2087 541 2152 nihil
570 2087 695 2151 faciunt
713 2087 890 2153 residuum.
934 2089 1038 2155 Perre
1060 2090 1137 2155 hinc
1165 2108 1345 2165 monemur,
1395 2087 1512 2171 quibus
1544 2108 1624 2170 opus
1655 2094 1741 2153 esset
1772 2087 1887 2153 officiis
1917 2087 2005 2169 ipses
2037 2087 2173 2154 iuvaret.
2222 2087 2355 2153 Interim

374 2196 439 2241 non
469 2173 541 2238 aliis
570 2173 720 2237 stabilem
749 2194 821 2238 esse
853 2173 968 2240 salutis
999 2175 1166 2254 fiduciam,
1199 2173 1263 2238 nisi
1289 2173 1346 2256 qui
1397 2172 1503 2238 voluit
1524 2175 1633 2252 Deus,
1661 2183 1697 2238 ut
1717 2181 1785 2238 tam
1814 2171 1896 2237 dura
1917 2186 1950 2237 et
1979 2172 2083 2238 tristis
2111 2181 2195 2238 esset
2213 2172 2355 2239 Ismaelis

366 2259 476 2346 ,gratis
498 2258 606 2323 vocati
626 2266 728 2322 totam
749 2279 843 2323 suam
866 2257 1058 2344 dignitatem
1081 2261 1115 2325 in
1133 2258 1199 2324 Dei
1220 2258 1346 2324 miseri·
1396 2257 1571 2325 abdicatio:
1602 2267 1639 2323 ut
1661 2260 1730 2325 eius
1752 2259 1901 2343 exemplo
1923 2265 2079 2323 terrorem
2103 2258 2250 2341 superbis
2270 2260 2354 2325 ineu·

363 2344 482 2413 -cordia
511 2344 628 2409 locant.
672 2344 801 2409 Rursus
829 2345 957 2428 piorum
986 2346 1199 2411 conscientias
1229 2342 1345 2410 validis
1396 2355 1494 2422 teret,
1518 2346 1574 2427 qui
1603 2345 1827 2428 praesentibus
1856 2343 1950 2409 denis
1978 2344 2058 2409 ebrii
2085 2345 2225 2428 gratim
2248 2345 2354 2427 ipsum,

365 2440 408 2496 -et
440 2430 545 2495 firmis
578 2429 677 2494 armis
708 2431 841 2494 instruit
870 2431 1005 2514 spiritus
1041 2430 1198 2496 adversus
1232 2451 1344 2495 eorum
1395 2431 1448 2496 cui
1471 2430 1591 2495 debent
1619 2432 1743 2510 omnia,
1776 2451 1836 2496 suo
1862 2430 1950 2495 fastu
1979 2429 2176 2496 conculcant.
2221 2429 2300 2495 Ideo
2320 2429 2355 2495 ad

368 2517 526 2582 ferociam
544 2515 599 2597 qui
617 2513 723 2580 fallaci
746 2514 901 2581 ecelesiae
918 2525 1090 2600 praetextu
1110 2538 1144 2581 se
1164 2514 1343 2583 venditant.
1395 2516 1615 2581 miserabilem
1643 2517 1769 2581 exitum
1791 2536 1846 2580 eos
1875 2513 2017 2580 deduxit.
2063 2516 2240 2599 Postquam
2274 2518 2355 2580 enim

372 2601 534 2667 Videmus
561 2621 628 2664 non
656 2618 728 2665 esse
756 2622 878 2665 novum
907 2602 1108 2686 exemplum,
1137 2613 1175 2666 ut
1203 2603 1344 2685 primum
1395 2611 1550 2666 errarunt
1577 2602 1611 2666 in
1644 2601 1785 2681 deserto,
1818 2599 1973 2668 deficiunt
2006 2622 2124 2683 equae,
2158 2610 2192 2667 et
2219 2609 2354 2666 matera

370 2687 480 2754 locum
502 2694 662 2768 occupent
682 2685 718 2750 in
738 2687 873 2751 ecelesia
894 2687 974 2765 Dei,
1003 2689 1057 2770 qui
1081 2697 1190 2754 tamen
1213 2687 1344 2752 nonnisi
1396 2687 1463 2752 filio
1482 2687 1632 2754 discedit:
1656 2686 1743 2770 quod
1760 2686 1993 2770 desperationis
2010 2688 2142 2772 siguum
2160 2696 2239 2752 erat.
2272 2687 2355 2752 Ham

374 2773 486 2839 larvae
508 2781 593 2838 sunt.
634 2768 745 2851 Quare
767 2771 844 2837 dum
866 2772 962 2839 hodie
984 2774 1157 2857 magnifiee
1177 2773 1345 2839 exsultant
1396 2794 1519 2838 merces
1542 2773 1606 2840 fuit
1630 2773 1814 2857 superbiae,
1844 2793 1908 2856 qua
1937 2773 2059 2838 trustra
2086 2773 2193 2838 inflati
2222 2771 2352 2839 fuerant.

374 2859 536 2943 papistae‚
567 2878 632 2922 non
663 2865 712 2922 est
737 2879 795 2923 cur
828 2859 998 2924 turbamur
1023 2859 1116 2924 inani
1148 2871 1345 2942 ventosaque
1397 2859 1542 2925 Docebat
1570 2879 1626 2923 eos
1654 2859 1795 2943 gratiam
1818 2859 1890 2938 Dei,
1912 2859 2040 2942 populis
2061 2857 2212 2924 omnibus
2233 2860 2268 2923 in
2290 2878 2355 2942 per·

374 2965 487 3010 corum
505 2943 666 3008 iactantia.
703 2943 799 3022 Quod
817 2943 915 3029 longa
932 2945 1134 3010 successione
1152 2944 1343 3027 glorianter,
1396 2965 1476 3010 sona
1493 2944 1585 3010 Isaac
1602 2944 1753 3020 oblatam,
1775 2942 1943 3008 humiliter
1963 2943 2129 3026 amplecti:
2153 2945 2244 3028 atqui
2264 2943 2354 3026 impie

375 3029 570 3096 tantundem
594 3028 680 3093 valet
701 3048 739 3092 ac
761 3032 787 3093 si
809 3029 933 3094 Ismael·
951 3030 1201 3114 primogenitum
1222 3051 1257 3095 se
1279 3029 1344 3094 ela·
1396 3038 1592 3114 spreverunt
1613 3051 1710 3112 quem
1732 3027 1823 3096 Deus
1845 3031 1879 3094 in
1901 3050 2067 3095 summum
2090 3030 2246 3095 honorem
2268 3044 2355 3095 extu·

374 3125 490 3180 maret.
526 3115 721 3180 Discernere
742 3114 844 3199 igitur
862 3136 993 3181 neeesse
1010 3128 1060 3181 est
1077 3116 1163 3180 inter
1182 3137 1294 3180 veram
1312 3124 1346 3180 et
1395 3117 1488 3181 lerat.
1524 3113 1673 3181 Debebat
1695 3116 1818 3198 agnitio
1840 3113 1999 3180 donorum
2017 3116 2081 3181 Dei
2099 3136 2155 3181 eos
2177 3113 2218 3180 ad
2237 3114 2355 3180 modes·

375 3201 537 3267 larvatam
566 3199 742 3264 ecelesiam.
787 3201 907 3266 Notam
929 3222 1006 3267 vero
1036 3201 1190 3285 exprimit
1212 3201 1343 3278 Paulus,
1396 3203 1476 3267 tiam
1515 3201 1662 3268 formare.
1706 3202 1753 3266 Et
1782 3201 1859 3285 quia
1885 3200 1950 3266 illis
1977 3199 2061 3265 nihil
2090 3202 2195 3286 magis
2224 3200 2355 3286 optabile

376 3308 472 3370 quam
506 3286 574 3350 suis
607 3284 731 3351 cavillis
763 3307 930 3369 nunquam
970 3287 1142 3352 obliterare
1181 3295 1343 3370 poterunt.
1395 3297 1466 3353 erat
1487 3307 1584 3370 quam
1606 3287 1747 3371 aliquem
1769 3286 1928 3371 angulum
1953 3293 2065 3352 tenere
2086 3287 2120 3350 ie
2142 3287 2237 3353 domo
2257 3286 2357 3352 Abra-

375 3373 461 3438 Nam
479 3371 614 3455 perinde
633 3393 670 3436 ae
688 3372 807 3455 exiguo
825 3373 906 3436 flatu
928 3383 1184 3457 corrumpuntur
1205 3393 1345 3457 magnae
1396 3374 1467 3452 hae,
1489 3372 1614 3437 nullam
1636 3372 1869 3439 subiectionem
1891 3370 2041 3456 refugere
2064 3373 2147 3437 tanti
2171 3372 2245 3438 boni
2265 3391 2356 3440 causa

290 3463 293 3468 '
376 3459 553 3542 ampullae:
587 3459 633 3521 ita
661 3479 725 3522 uno
756 3457 816 3523 hoc
843 3458 945 3523 verbe
977 3467 1047 3524 tcta
1077 3458 1207 3523 illerum
1240 3459 1345 3542 gloria
1395 3456 1570 3525 debebant:
1594 3478 1683 3523 nune
1704 3479 1862 3542 quassus
1882 3457 2119 3542 ingratitudine
2142 3459 2249 3524 meriti
2270 3465 2357 3524 erant

376 3545 603 3628 exstinguitur,
627 3542 711 3608 filios
731 3542 867 3608 ancillae
885 3564 949 3608 nen
972 3544 1040 3609 fere
1062 3553 1209 3609 aeternos
1232 3544 1345 3609 haere·
1395 3563 1526 3629 poenas,
1549 3545 1640 3609 Deus
1662 3544 1702 3609 ab
1724 3545 1788 3610 illis
1811 3543 1922 3626 exigit.

376 3631 442 3696 des.
492 3629 631 3694 interim
664 3629 826 3712 patienter
857 3630 991 3694 terenda
1020 3637 1070 3695 est
1097 3630 1229 3694 illorum
1256 3631 1343 3694 inse·
1482 3629 1531 3694 17.
1555 3629 1689 3695 Audiuit
1710 3635 1812 3694 eutem
1833 3628 1923 3695 Deras
1950 3649 2050 3694 vocem
2073 3630 2180 3710 pueri.
2226 3627 2359 3696 Dixerat

375 3717 486 3794 lentie,
508 3713 662 3798 quamdiu
687 3735 797 3779 eorum
822 3715 991 3798 tyrannidi
1011 3715 1161 3780 hasnum
1183 3716 1274 3781 Deus
1297 3715 1343 3779 lu·
1395 3715 1485 3798 prius
1502 3715 1611 3781 Moses
1630 3718 1722 3798 Agar
1743 3715 1889 3780 flevisse:
1912 3715 1967 3798 qui
1986 3716 2118 3800 litargo
2140 3723 2178 3780 ut
2198 3717 2275 3780 fletu
2292 3716 2357 3778 eius

375 3802 475 3868 xabit.
521 3799 649 3880 Quibus
678 3800 764 3865 enim
793 3799 974 3883 opprobriis
996 3821 1056 3866 nos
1079 3799 1174 3867 hodie
1196 3811 1344 3885 gravent,
1394 3801 1586 3884 praeterite,
1615 3800 1719 3867 solum
1742 3801 1835 3884 pueri
1856 3802 2031 3866 clamorem
2054 3799 2147 3866 Deus
2169 3799 2299 3866 audiat?
2321 3797 2359 3864 si

374 3888 454 3954 olim
477 3886 575 3951 etiam
594 3907 613 3950 a
629 3884 759 3950 Iudaeis
781 3885 902 3951 saeculi
923 3887 974 3951 sui
995 3885 1178 3970 hypocritis
1199 3888 1344 3970 oppressi
1396 3887 1542 3952 dicamus
1568 3886 1735 3970 indignam
1758 3887 1859 3954 fuisso
1880 3895 2018 3952 matrem
2040 3887 2134 3953 cuius
2156 3906 2266 3969 preces
2287 3904 2359 3968 gra·

374 3974 510 4040 luerunt
542 3971 688 4055 apostoli.
740 3970 808 4035 Nee
842 3970 937 4036 aliter
964 3971 1004 4036 de
1033 3971 1128 4038 Isaac
1161 3972 1345 4056 triumphos
1396 3973 1474 4037 tiam
1497 3972 1723 4054 impetrarent,
1747 3972 1835 4037 filius
1857 3981 1945 4038 certe
1969 3971 2072 4036 nihilo
2094 3971 2233 4056 dignior.
2275 3971 2359 4036 Nam

374 4079 452 4124 suos
481 4059 548 4142 egit
576 4057 712 4134 Ismael,
747 4076 846 4139 quam
875 4057 903 4122 si
931 4057 1070 4123 victoria
1099 4059 1221 4141 potitus
1249 4068 1343 4123 esset.
1396 4056 1480 4140 quod
1501 4056 1635 4141 quidum
1656 4057 1869 4141 castigatione
1890 4056 1946 4123 illa
1968 4058 2143 4142 resipuisse
2165 4067 2289 4142 putant,
2310 4057 2359 4119 in·

375 4144 487 4226 Quare
524 4142 608 4207 nihil
640 4143 761 4207 mirum
795 4141 825 4208 si
854 4151 945 4208 aetas
977 4150 1088 4208 nostra
1120 4164 1195 4210 suos
1228 4142 1346 4209 habeat
1395 4152 1486 4210 certa
1517 4155 1567 4209 est
1598 4144 1791 4210 coniectura.
1846 4143 1969 4208 Eorum
2006 4144 2240 4226 poenitentiam
2269 4143 2359 4208 cuius

374 4229 567 4296 Ismaclitas.
617 4227 685 4294 Sed
717 4248 758 4292 ne
791 4225 866 4293 tulis
899 4227 1078 4312 indignitas
1110 4249 1171 4296 nos
1203 4228 1344 4313 franget,
1397 4228 1525 4294 nullum
1547 4228 1631 4294 mibi
1653 4229 1784 4313 siguum
1807 4238 1958 4313 apparet,
1977 4229 2040 4295 Dei
2060 4229 2181 4294 iudicio
2206 4229 2358 4311 relinquo.

375 4315 503 4383 assidue
525 4313 617 4381 nobis
638 4319 789 4380 occurrat
809 4312 890 4380 haee
911 4316 1101 4393 consolatio,
1128 4336 1195 4380 non
1218 4335 1346 4398 semper
1396 4315 1581 4381 Clamorem
1611 4335 1689 4380 vero
1720 4315 1812 4398 pueri
1845 4313 1992 4380 auditum
2025 4315 2126 4380 fuisse
2157 4315 2358 4398 interpreter,

375 4405 411 4468 in
433 4401 568 4467 ecclesia
589 4420 760 4464 mansuros
782 4399 894 4482 quiin
916 4420 955 4465 ea
976 4400 1131 4466 eminent.
1397 4421 1463 4465 nen
1485 4399 1569 4482 quod
1591 4400 1654 4465 fide
1676 4410 1827 4483 precatus
1850 4401 1909 4479 sit,
1932 4400 1990 4466 sed
2007 4399 2092 4483 quod
2114 4399 2207 4467 Deus
2228 4397 2362 4484 premis·

461 4488 513 4552 14.
536 4485 580 4551 Et
600 4485 737 4552 diluculo
758 4485 1091 4552 mecaenatem.
1131 4484 1239 4567 Quam
1261 4507 1346 4552 aecr-
1397 4485 1497 4556 sionis
1528 4506 1607 4550 suas
1638 4506 1777 4565 memor,
1810 4484 1851 4550 ad
1885 4484 2114 4569 praestandam
2142 4486 2209 4552 illis
2237 4485 2360 4551 miseri·

375 4573 454 4640 bum
476 4571 583 4640 saneti
604 4572 668 4636 viri
687 4571 795 4635 animo
823 4571 945 4636 vulnus
967 4571 1124 4636 inflixerit
1145 4573 1258 4637 eiectio
1280 4571 1347 4655 pri·
1396 4571 1538 4636 cordiam
1567 4573 1673 4636 flexus
1699 4571 1805 4637 fuerit.
1856 4571 1969 4655 Neque
1997 4573 2086 4637 enim
2112 4571 2222 4639 Moses
2250 4579 2362 4637 narrat

376 4658 533 4743 mogeniti
555 4657 629 4734 filii,
659 4677 699 4722 ex
721 4655 843 4739 duplici
871 4656 1092 4723 consolatione
1116 4679 1181 4741 qua
1203 4657 1347 4723 delorem
1398 4665 1472 4722 veta
1494 4677 1554 4723 sua
1575 4665 1608 4723 et
1636 4658 1776 4742 gemitus
1798 4677 1853 4724 soe
1874 4658 1908 4722 in
1931 4656 2056 4724 eoelum
2083 4657 2254 4724 direxisse:
2280 4655 2360 4740 quin

377 4746 542 4828 mitigavit
572 4744 663 4808 Deus
691 4741 845 4825 colligere
872 4741 958 4808 lieet.
1002 4743 1122 4808 Filium
1153 4764 1230 4828 erge
1259 4743 1346 4809 able·
1397 4744 1505 4825 petius
1532 4742 1684 4808 credibile
1709 4753 1759 4808 est
1786 4743 1832 4810 sie
1862 4742 2005 4825 plorasse
2027 4763 2103 4809 suas
2132 4744 2294 4820 miserias,
2325 4749 2363 4805 ut

377 4838 451 4915 get,
479 4850 545 4895 non
572 4848 665 4895 secus
692 4849 729 4894 ac
751 4829 779 4892 si
807 4847 867 4892 sua
895 4828 998 4912 ipsius
1028 4829 1154 4895 macera
1180 4828 1345 4894 avelleret.
1397 4829 1438 4893 ad
1468 4827 1531 4893 Dei
1564 4849 1657 4911 opem
1685 4849 1750 4894 non
1783 4829 2003 4912 confugerent.
2055 4829 2180 4895 Verum
2206 4828 2298 4894 Deus
2328 4827 2362 4890 iu

377 4917 505 4981 Verum
544 4914 744 4981 assuefactus
773 4911 815 4977 ad
854 4914 1035 4996 parendum
1067 4906 1139 4980 Deo
1174 4922 1347 4998 paternum
1397 4915 1461 4980 illis
1478 4913 1629 4980 iuvandis
1647 4935 1712 4979 non
1735 4913 1812 4997 quid
1830 4934 1850 4978 a
1866 4935 1901 4980 se
1919 4920 2074 4998 peterent,
2097 4915 2155 4981 sed
2173 4913 2248 5000 quid
2263 4929 2362 4979 servo

378 5021 522 5067 amorem
551 5020 647 5084 quem
675 5018 807 5081 prorsus
837 5019 959 5064 exuere
980 5020 1046 5066 non
1068 5009 1190 5085 potest,
1216 5001 1345 5085 subigit
1396 5021 1455 5066 suo
1478 4998 1629 5066 Abrahae
1657 4999 1697 5065 de
1721 4999 1861 5066 Ismaele
1890 5001 2052 5084 pollicitus
2081 5001 2179 5077 ieret,
2209 4997 2361 5080 respexit

378 5088 471 5154 Haeo
491 5105 572 5152 vere
589 5096 639 5150 est
656 5083 731 5149 fidei
750 5091 783 5148 et
805 5084 935 5166 pietatis
957 5086 1111 5167 probatio,
1134 5107 1234 5169 quum
1257 5106 1348 5153 cous·
1396 5085 1470 5152 Hoc
1497 5107 1596 5152 sensu
1623 5085 1752 5152 videtur
1778 5085 1885 5152 dicere
1906 5085 2016 5152 Moses
2044 5085 2229 5152 exauditam
2257 5083 2363 5149 fuisse

378 5195 442 5257 que
464 5194 500 5238 se
520 5171 682 5255 abnegare
710 5178 870 5254 coguntur
896 5168 1025 5251 fideles,
1054 5179 1091 5237 et
1112 5173 1200 5256 ipses
1220 5193 1348 5256 quoque
1397 5192 1508 5237 vocem
1531 5171 1633 5254 pueri,
1656 5170 1743 5255 qued
1764 5171 1888 5238 scilieet
1908 5172 1996 5238 filius
2018 5181 2087 5237 erat
2109 5172 2265 5238 Abrahae.

379 5261 503 5342 primae
531 5264 669 5322 naturae
691 5255 842 5333 affectus,
870 5257 924 5338 qui
947 5277 1005 5339 per
1024 5279 1059 5322 se
1081 5258 1158 5322 mali
1180 5279 1246 5325 non
1269 5267 1346 5325 sunt
1485 5256 1568 5339 Quid
1589 5256 1645 5321 tibi
1665 5262 1710 5323 est
1732 5258 1847 5341 Aper?
1884 5256 2047 5343 Obiurgat
2067 5258 2253 5343 angelusin
2321 5253 2362 5318 ti·

379 5365 441 5410 nec
461 5343 582 5420 vitiosi,
602 5343 768 5426 resignent
785 5341 848 5405 Dei
869 5343 1011 5407 arbitrio.
1048 5343 1122 5409 Non
1144 5344 1278 5410 dubium
1297 5353 1348 5410 est
1398 5342 1543 5408 tudinem
1562 5341 1662 5428 Agar,
1686 5342 1769 5426 quod
1792 5344 1827 5408 iu
1849 5352 2013 5410 extremas
2035 5344 2200 5428 angustias
2219 5275 2363 5418 redargu,
