5000 6208
125 449 178 516 269
769 445 1137 516 COMMENTARIUS
1160 447 1206 512 IN
1229 447 1442 514 GENESIN.
2042 451 2107 518 270

125 639 275 723 quaestio:
299 658 375 701 nam
394 639 421 702 si
439 637 500 704 hoo
517 635 613 702 modo
630 635 779 702 solebant
799 636 959 720 quoslihet
976 635 1084 720 hospi·
1136 637 1312 706 destitutus
1334 638 1433 725 (utin
1456 639 1551 706 rebus
1569 639 1733 722 perplexis
1750 639 1820 704 lieri
1839 637 1934 790 solet}
1955 639 2106 704 illioitum

123 735 166 790 tes
187 744 306 788 vexare
329 723 531 790 sodomitae:
563 721 639 805 quid
661 723 734 788 aliis
763 723 885 788 fautum
911 721 1013 788 fnisse
1036 721 1085 786 di·
1135 723 1314 790 remedium
1344 727 1515 810 excogitat.
1560 725 1663 790 Filias
1685 726 1773 790 enim
1796 745 1912 792 sassa
1956 734 2106 809 stuprum

124 809 246 878 oemus‘l
270 810 336 874 Lot
356 809 445 875 enim
467 831 533 874 non
556 819 634 873 tuno
655 809 798 890 primum
821 808 992 891 hospitalis
1013 829 1085 874 esse
1135 811 1330 893 prostituere
1358 832 1423 876 nou
1456 811 1597 890 dubitat,
1631 820 1668 876 ut
1699 822 1882 894 oompeaeat
1912 810 2106 878 indomitum

123 907 275 977 ooeperat:
294 895 342 960 illi
360 903 470 960 autem
488 914 618 978 semper
634 894 764 959 fuerant
779 892 953 959 libidinosi.
983 893 1086 959 Filias
1134 895 1246 978 populi
1267 899 1421 962 furorem.
1465 899 1566 980 Atqui
1594 897 1683 961 mille
1711 899 1819 979 potius
1840 905 1962 962 mortes
1983 896 2106 962 obeun-

123 1002 191 1048 suas
214 980 330 1062 probro
358 999 522 1063 exponere
550 991 685 1062 paratus
706 989 756 1044 est
776 980 858 1059 Lot,
881 988 920 1043 ut
940 978 1085 1062 hospites
1136 978 1196 1045 dae
1228 993 1323 1046 erant
1355 1002 1453 1066 quam
1486 981 1629 1048 ineunda
1663 982 1737 1046 talis
1770 983 1862 1048 ratio.
1909 981 1964 1049 Sio
1994 993 2107 1048 tamen

123 1069 248 1150 eripiat:
277 1067 403 1149 quoties
425 1067 489 1132 iam
513 1086 569 1132 eas
596 1066 791 1149 prostituere
814 1085 947 1131 neeesse
968 1066 1084 1142 iuerat,
1136 1066 1204 1131 lere
1226 1077 1304 1132 sunt
1324 1079 1513 1134 sanetorum
1535 1088 1649 1151 opera:
1671 1069 1750 1151 qnia
1771 1068 1854 1133 nihil
1877 1068 1918 1133 ab
1936 1071 2016 1153 ipsis
2038 1078 2106 1132 tam

122 1155 146 1219 si
166 1174 229 1218 uon
258 1153 320 1217 alio
349 1151 492 1216 remedio
520 1151 641 1233 plaoari
671 1158 799 1232 poterat
828 1171 939 1216 eorum
969 1150 1086 1228 rabies,
1136 1152 1321 1222 absolutum
1344 1154 1422 1228 exit,
1444 1154 1529 1237 quod
1551 1174 1619 1219 non
1641 1153 1751 1236 aliqua
1768 1155 1803 1218 in
1826 1163 1918 1236 parte
1937 1153 2105 1220 elaudioet.

123 1241 172 1323 qui
192 1239 282 1303 viros
303 1238 343 1302 ad
365 1247 515 1320 stuprum
542 1237 755 1320 flagitabant?
779 1236 851 1301 Iam
874 1237 997 1302 verosi
1019 1236 1085 1301 tale
1135 1237 1282 1322 Urgetur
1302 1237 1433 1321 quidem
1456 1239 1520 1304 Lot
1549 1250 1697 1304 extrema
1726 1239 1934 1317 neeessitate,
1964 1260 2024 1306 neo
2046 1241 2106 1304 mi·

120 1327 236 1390 instare
254 1322 432 1406 perieulum
446 1323 512 1388 Lot
528 1323 682 1400 novisset,
701 1323 853 1387 hortandi
870 1322 1087 1405 potiuserant
1135 1343 1209 1388 rum
1232 1324 1391 1406 estquod
1414 1323 1498 1390 filias
1519 1345 1595 1391 suas
1614 1323 1812 1408 stuprandas
1832 1325 1935 1404 offert,
1956 1325 2035 1390 dum
2056 1326 2106 1390 vi-

121 1411 258 1492 hospites
286 1419 324 1474 ut
351 1429 386 1474 se
414 1416 542 1473 mature
570 1406 796 1474 subduoereut.
849 1407 924 1474 Meo
953 1407 1085 1491 quidem
1136 1409 1192 1474 det
1213 1410 1274 1475 sibi
1303 1430 1374 1475 rem
1403 1431 1473 1476 esse
1501 1432 1575 1476 oum
1605 1411 1682 1476 feris
1709 1411 1837 1476 bestiis:
1868 1411 2107 1476 ineensiderate

120 1496 232 1561 iudieio
260 1494 388 1560 tametsi
415 1494 481 1559 Lot
509 1493 600 1558 urbis
628 1514 735 1560 mores
767 1502 917 1572 noverat,
949 1493 1085 1558 minime
1134 1501 1243 1560 tumen
1265 1495 1343 1560 mali
1365 1498 1462 1560 unius
1483 1496 1663 1561 remedium
1684 1497 1810 1578 quaerit
1827 1517 1868 1561 ex
1887 1496 1989 1562 altero
2011 1495 2106 1562 malo.

121 1593 224 1646 tamen
252 1581 437 1662 suspicatus
459 1589 508 1645 est
531 1579 616 1662 quod
646 1579 778 1658 aeeidit,
810 1588 847 1643 ut
868 1578 1028 1660 impetum
1050 1580 1085 1643 in
1135 1578 1233 1661 Quod
1256 1583 1325 1646 eius
1347 1582 1476 1665 eulpam
1499 1582 1632 1665 quidam
1654 1590 1844 1657 extenuent,
1867 1582 1961 1648 laeile
1982 1584 2105 1666 patior:

119 1666 210 1733 aedes
231 1687 308 1732 sues
330 1667 489 1731 laterent:
512 1674 609 1747 atque
627 1665 660 1728 id
678 1664 810 1729 uidetur
831 1684 952 1729 novum
975 1665 1084 1730 fuisse.
1135 1666 1387 1750 reprehensione
1409 1681 1519 1732 tamen
1545 1689 1612 1732 nou
1633 1677 1736 1746 earet,
1767 1667 1852 1750 quod
1874 1668 1997 1733 malum
2020 1668 2108 1734 malo

120 1753 181 1819 Sed
198 1754 342 1835 oportuit
362 1751 491 1828 soilieet,
516 1771 615 1832 quum
638 1750 679 1814 sd
702 1749 888 1816 habendum
906 1749 946 1815 de
966 1750 1086 1835 populo
1135 1762 1333 1836 oompensat.
1376 1750 1443 1820 Sed
1471 1773 1643 1818 monemur
1672 1753 1733 1818 hoo
1760 1753 1927 1837 exemplo,
1960 1754 2015 1819 ubi
2039 1756 2106 1819 Do-

117 1840 170 1904 illo
190 1859 330 1904 examen
353 1839 443 1902 missi
465 1844 576 1902 essent
596 1836 722 1918 angeli,
750 1837 785 1900 iu
807 1836 870 1901 hoo
896 1835 1085 1901 detestabile
1135 1839 1245 1903 minus
1277 1838 1395 1922 spiritu
1434 1839 1576 1905 inviotae
1613 1837 1816 1904 fortitudinis
1848 1861 1907 1904 nos
1938 1839 2108 1916 instruxit,

117 1927 238 1990 facinus
259 1943 374 1989 omnes
391 1943 611 2006 prorumpere.
648 1918 704 1988 Sio
722 1921 813 2005 impii
835 1929 1006 2004 postquam
1029 1921 1085 1986 diu
1136 1922 1317 2006 rogandum
1341 1924 1440 1989 etiam
1462 1945 1533 1990 esse
1555 1936 1592 1989 ut
1613 1925 1732 2008 spiritu
1755 1924 1948 2008 prudentiae
1970 1945 2030 1990 nos
2051 1945 2110 2009 gu·

118 2012 150 2076 iu
171 2009 298 2074 malitia
318 2030 378 2075 sua
399 2028 512 2074 seuure
540 2007 768 2084 exsultarunt,
801 2007 934 2072 taudem
963 2006 1085 2073 furiose
1135 2009 1265 2087 bernet,
1288 2028 1349 2075 neo
1371 2030 1513 2093 unquam
1544 2031 1660 2075 sanum
1690 2009 1864 2092 iudicium,
1893 2010 2110 2075 moderatam-

13 2091 15 2100 ’
115 2096 235 2161 ruendo
263 2095 400 2160 exitium
429 2115 526 2159 suum
548 2106 712 2158 momento
738 2093 928 2159 aooelerant.
971 2093 1087 2158 Voluit
1135 2115 1198 2178 que
1215 2097 1374 2160 rationem
1397 2097 1504 2162 exsuti
1523 2095 1615 2160 nohis
1632 2097 1727 2160 sinat.
1762 2096 1854 2162 Tune
1871 2097 1959 2160 euim
1977 2096 2109 2160 demum

116 2201 189 2266 ergo
220 2181 312 2246 Deus
340 2200 440 2263 quum
468 2178 510 2244 ad
541 2179 697 2244 iudicium
730 2186 863 2245 vosmet
888 2177 1084 2254 Sodomitas‚
1135 2182 1200 2247 rite
1209 2183 1246 2245 in
1257 2181 1360 2247 offioio
1371 2202 1554 2265 pergemus,
1573 2183 1601 2246 si
1612 2182 1648 2246 in
1660 2181 1757 2246 rebus
1774 2181 1915 2246 turbatis
1932 2181 2110 2265 eomposits

115 2267 205 2349 quasi
237 2277 421 2330 extremum
454 2265 629 2330 seeleratao
651 2265 738 2330 vitae
771 2275 878 2330 aotnm
907 2263 1017 2329 edere:
1052 2277 1086 2329 et
1135 2275 1246 2331 mente
1267 2287 1437 2333 oernemus
1455 2267 1533 2350 quid
1562 2267 1673 2344 lineat,
1703 2265 1780 2349 quid
1802 2267 1888 2332 laetu
1910 2287 1990 2349 opus
2011 2268 2055 2331 sit
2076 2277 2110 2330 et

116 2353 229 2434 spiritu
259 2350 430 2434 vertiginis
453 2371 507 2416 eos
528 2350 564 2414 in
586 2351 694 2416 soelus
715 2351 860 2434 impulit,
886 2351 979 2417 ouius
1002 2357 1086 2414 atro·
1136 2353 1303 2435 expediat:
1320 2360 1356 2418 et
1365 2353 1530 2437 praesenti
1541 2353 1650 2417 animo
1660 2352 1798 2435 quodvis
1813 2351 1987 2418 diserimen
1999 2351 2109 2418 subire

115 2441 192 2504 oitas
226 2437 288 2504 looi
320 2438 489 2502 interitum
528 2437 657 2520 longius
690 2436 815 2501 differri
848 2457 914 2501 uon
952 2434 1084 2501 sineret.
1135 2438 1242 2522 parati
1270 2438 1401 2503 erimus.
1453 2438 1528 2501 Non
1557 2439 1645 2503 enim
1677 2439 1785 2504 minus
1813 2437 2031 2521 perioulosum
2060 2447 2110 2502 est

115 2521 396 2604 Quemadmodum
429 2523 518 2587 enim
549 2523 655 2588 saneti
688 2523 749 2587 viri
783 2522 850 2586 Lot
882 2521 1086 2605 hospitalitas
1136 2521 1308 2606 oaptandis
1354 2523 1465 2604 pravis
1510 2524 1653 2589 oonsiliis
1698 2524 1820 2606 raptari
1858 2523 1922 2588 hue
1960 2536 1994 2588 et
2030 2522 2110 2588 illue

113 2609 235 2693 insigni
257 2610 401 2691 praemio
423 2617 539 2673 ornata
563 2609 638 2687 luit,
666 2607 751 2690 quod
781 2608 930 2673 neseieus
951 2607 1085 2690 angelos
1137 2619 1264 2674 mentes
1296 2621 1438 2685 nostras,
1473 2629 1571 2691 quam
1599 2609 1793 2674 tumultuari
1826 2617 1926 2674 metu.
1971 2608 2111 2675 Redaoti

114 2694 283 2760 hominum
299 2693 370 2760 loeo
387 2695 525 2777 exeepit,
543 2703 577 2756 et
593 2695 749 2759 eonvivas
759 2692 876 2759 habuit
893 2691 1083 2758 domisuae:
1137 2705 1245 2759 autem
1267 2695 1303 2759 in
1325 2693 1459 2760 ultimas
1481 2696 1665 2778 augustias,
1688 2695 1867 2760 Dominum
1896 2695 2023 2777 praesui
2044 2694 2111 2759 dis-

114 2781 158 2844 ita
179 2782 273 2845 Deus
302 2781 451 2864 graviore
480 2799 583 2862 poena
604 2779 694 2844 ultus
715 2788 766 2843 est
789 2778 984 2844 obseoenam
1006 2778 1085 2842 alio·
1137 2801 1250 2846 oamns
1282 2788 1320 2844 ut
1352 2780 1477 2845 exitum
1518 2779 1657 2864 aliquem
1690 2781 1825 2847 aariat.
1880 2781 1948 2846 Alii
1981 2779 2110 2846 diverso

113 2887 184 2930 rum
218 2864 401 2941 libidinem,
435 2867 489 2948 qui
523 2865 601 2929 dum
633 2873 782 2947 stuprum
811 2863 937 2947 angelis
963 2863 1086 2929 inferre
1136 2873 1310 2950 praetextu
1338 2866 1404 2930 Lot
1435 2876 1609 2944 exausant,
1642 2801 1733 2949 quod
1754 2865 1839 2930 filias
1871 2885 1948 2933 suas
1979 2867 2110 2932 solverit

113 2953 216 3018 eonati
240 2962 327 3027 sunt,
350 2971 415 3014 non
438 2961 565 3014 tantum
584 2951 616 3013 in
641 2950 789 3015 hemines
810 2951 944 3014 luerunt
965 2950 1084 3028 iniurii,
1137 2952 1273 3016 minime
1293 2952 1412 3035 expeti.
1456 2951 1530 3036 Ego
1552 2963 1660 3018 autem
1690 2971 1756 3016 non
1784 2950 1898 3017 dubito
1919 2951 1997 3034 quin
2026 2951 2109 3015 effu·

112 3037 167 3104 sed
190 3036 348 3121 sacrilego
364 3034 474 3101 furore
492 3035 664 3102 coelestem
683 3034 747 3101 Dei
763 3035 900 3120 gloriam
918 3034 1086 3100 violarunt
1138 3038 1228 3121 giam
1251 3037 1334 3118 quod
1358 3037 1406 3101 illi
1426 3039 1567 3120 primum
1595 3039 1738 3104 ooeurrit
1764 3057 1920 3120 quaerere
1942 3038 2066 3114 volens,
2089 3057 2109 3102 a

113 3133 268 3205 quantum
290 3123 326 3186 in
348 3143 383 3187 se
407 3131 486 3186 erat.
1137 3125 1191 3189 via
1212 3122 1389 3188 deflexerit.
1434 3123 1507 3189 Hoo
1529 3123 1658 3206 quidem
1690 3135 1783 3188 extra
1812 3122 1945 3187 dubium
1966 3131 2033 3200 est,
2059 3131 2109 3186 ta·

196 3209 227 3274 6.
251 3207 296 3273 Ει
318 3227 460 3290 opressus
481 3213 526 3272 est
547 3208 589 3272 od
607 3227 657 3273 eos
679 3207 747 3271 Lot.
792 3205 887 3287 Quod
910 3207 977 3272 Lot
998 3208 1085 3272 foras
1137 3210 1233 3274 metsi
1260 3208 1405 3273 nondum
1430 3208 1561 3274 disertis
1589 3210 1698 3276 verbis
1724 3209 1861 3292 professi
1888 3218 1984 3272 erant
2005 3206 2110 3274 Sodo-

112 3294 293 3376 egreditur,
333 3314 431 3376 seque
469 3293 614 3374 perieulo
652 3293 800 3376 opponit,
840 3293 917 3359 hino
950 3305 1086 3377 apparet
1136 3296 1238 3360 mitae
1257 3314 1352 3376 quam
1376 3295 1464 3378 turpi
1484 3293 1660 3377 eupiditate
1688 3301 1889 3373 aestuarent,
1911 3294 1977 3358 Irot
1997 3305 2109 3358 tamen

111 3391 234 3462 quanta
251 3378 315 3445 fide
332 3378 468 3445 ooluerit
484 3387 634 3444 sanetum
652 3381 704 3444 ius
721 3377 862 3462 hospitii.
897 3379 989 3442 Rara
1005 3398 1085 3443 sane
1137 3402 1178 3446 ex
1200 3378 1398 3462 quotidianis
1421 3400 1532 3446 eorum
1554 3381 1689 3465 flagitiis
1716 3379 1873 3444 iudioium
1902 3380 2025 3446 lenisse.
2070 3378 2109 3444 Si

110 3467 234 3544 virtus,
255 3463 339 3547 quod
362 3463 526 3546 hospitum
549 3464 687 3529 salutem
711 3476 745 3528 et
766 3464 969 3528 honestatem
991 3484 1085 3546 prse-
1136 3468 1210 3547 quis
1231 3465 1408 3530 absurdum
1435 3487 1507 3531 esse
1533 3466 1679 3544 obiioiat,
1709 3472 1814 3530 totum
1843 3465 1997 3548 populum
2027 3465 2109 3529 duos

109 3551 171 3614 fert
201 3570 280 3616 suae
308 3551 411 3627 vitae,
444 3551 520 3632 quia
549 3549 650 3615 semel
682 3548 899 3632 protegendos
926 3551 1083 3632 suscepit:
1136 3551 1224 3616 viros
1246 3551 1286 3615 ad
1309 3562 1458 3633 stuprum
1480 3563 1641 3633 oaptasse:
1670 3549 1865 3633 respondeo,
1888 3552 1964 3632 quia
1984 3550 2108 3616 orimen

109 3636 190 3702 haee
213 3649 324 3701 tamen
346 3636 447 3701 animi
470 3635 660 3720 magnitudo
682 3635 858 3716 requiritur
879 3656 900 3700 a
919 3635 994 3700 filiis
1011 3635 1085 3709 Dei,
1135 3637 1217 3702 illud
1248 3637 1483 3702 eonsuetudine
1512 3645 1547 3702 et
1573 3649 1637 3702 usu
1665 3637 1727 3703 sibi
1754 3636 1879 3701 linitum
1908 3657 1979 3701 esse
2007 3637 2108 3718 finge·

110 3742 152 3786 ne
174 3722 239 3786 sihi
259 3730 397 3804 pareant
418 3724 473 3786 ubi
496 3723 605 3806 agitur
626 3721 767 3787 olfioium
785 3733 819 3785 et
836 3721 926 3786 fides.
961 3718 1086 3801 Quam·
1136 3723 1224 3801 baut,
1246 3723 1358 3804 paneis
1374 3723 1454 3788 insti
1498 3723 1607 3788 ntibus
1626 3723 1755 3787 turbam
1774 3722 1874 3786 fuisse
1894 3721 2105 3787 ooneitstam:

109 3809 160 3872 vis
182 3807 379 3874 antemium
402 3807 548 3890 graviter
568 3805 698 3871 obsessa
719 3807 815 3871 domo
836 3827 895 3871 sua
912 3806 1021 3872 laesus
1038 3805 1086 3871 fo·
1135 3810 1230 3874 siouti
1260 3809 1371 3873 oontin
1396 3810 1461 3874 'tu
1485 3808 1494 3873 i
1523 3808 1651 3873 nullum
1680 3808 1818 3873 habetur
1839 3807 1919 3873 reoti
1939 3820 1974 3872 st
1995 3805 2109 3871 iniusti

109 3903 170 3969 ret,
195 3893 361 3958 blanditiis
384 3902 492 3958 tamen
515 3891 658 3957 muleere
680 3890 789 3957 studet
809 3891 932 3958 ferooes
950 3893 1085 3970 animos,
1136 3895 1320 3960 disorimen.
1366 3830 1478 3974 guum
1508 3895 1588 3958 dioit
1609 3894 1675 3958 Lot
1702 3894 1761 3959 hoo
1789 3894 1827 3958 de
1852 3913 1948 3958 aaron
1975 3893 2109 3958 masse

110 3979 189 4044 dum
213 3979 403 4062 suppliciter
424 3987 516 4062 rogat
534 3987 606 4042 uta
628 3978 749 4043 soelsre
771 3975 1034 4060 suppersedeant,
1054 3987 1086 4041 et
1134 3985 1244 4045 uotam
1264 3998 1366 4058 otum,
1388 4000 1503 4045 sensus
1524 3989 1591 4058 est,
1613 3980 1674 4046 sibi
1696 3979 1885 4044 oommissos
1905 3999 1976 4044 esse
1998 3999 2018 4043 a
2038 3976 2107 4042 Do·

109 4065 254 4128 tranum
275 4064 372 4128 titulo
393 4084 448 4128 eos
476 4063 638 4147 dignatur.
683 4066 829 4146 Apparet
857 4075 965 4128 antem
988 4084 1085 4146 quam
1135 4067 1234 4141 mino,
1257 4085 1355 4147 seque
1376 4063 1533 4148 perfidiae
1555 4083 1648 4130 reum
1665 4065 1751 4144 fore,
1773 4063 1836 4129 nisi
1859 4074 2029 4147 protegere
2051 4083 2107 4129 eos

109 4150 302 4214 truculenta
322 4151 419 4214 inerit
446 4149 578 4215 illorum
607 4149 809 4224 immanitas,
842 4158 876 4212 et
897 4168 993 4230 qnam
1016 4150 1085 4214 vio-
1135 4151 1274 4218 studeat.

109 4234 221 4300 lentus
242 4233 387 4300 libidinis
407 4235 508 4313 furor,
531 4235 607 4305 dum
627 4247 720 4298 tanta
736 4234 985 4299 mansuetudine
1002 4234 1085 4299 nihil
1221 4236 1250 4303 9.
1274 4235 1405 4301 Fooeeee
1424 4235 1504 4300 liae.
1541 4235 1637 4316 Quod
1655 4236 1722 4299 Lot
1745 4243 1812 4298 tam
1835 4234 1916 4299 dure
1940 4254 2015 4300 oum
2037 4234 2106 4298 suis

107 4321 299 4389 fleetuntur.
342 4320 418 4386 Huo
450 4341 530 4386 vero
563 4318 670 4386 tendit
696 4333 763 4384 tam
797 4319 932 4384 belluini
964 4319 1084 4386 luroris
1134 4323 1285 4406 prsoibus
1308 4321 1491 4405 repellitur,
1518 4322 1637 4404 quibus
1659 4331 1770 4385 tamen
1792 4318 1834 4384 ad
1854 4317 2031 4385 sedandam
2052 4339 2106 4382 eo·

108 4406 303 4489 desoriptio,
334 4420 371 4470 ut
392 4408 533 4472 soiamus
555 4427 620 4471 uon
638 4416 716 4471 ante
736 4415 901 4488 sumptam
922 4405 1022 4470 fuisse
1044 4406 1084 4470 de
1133 4429 1208 4474 rum
1238 4409 1436 4490 proterviam
1464 4406 1547 4472 nihil
1574 4409 1682 4491 aptius
1709 4405 1824 4470 adduei
1853 4415 1998 4488 poterat:
2029 4404 2106 4471 hino

106 4491 173 4556 illis
196 4511 335 4574 poenam
358 4511 454 4574 quam
476 4492 554 4557 dum
572 4492 612 4557 ad
631 4499 815 4557 extremum
836 4491 995 4557 seelerum
1014 4512 1085 4574 pro·
1133 4502 1270 4577 apparet
1290 4513 1385 4574 quam
1408 4491 1587 4558 indomitus
1616 4492 1716 4557 fuerit
1742 4491 1839 4556 huius
1863 4491 1971 4573 gentis
1992 4491 2104 4554 fastus.

107 4578 217 4660 gressi
238 4589 357 4643 essent.
401 4577 650 4644 Meminerimus
683 4589 794 4642 autem
823 4575 992 4660 reprobos,
1027 4577 1083 4643 ubi
1134 4584 1185 4646 Ao
1206 4578 1311 4662 primo
1332 4577 1463 4660 quidem
1484 4580 1669 4659 minantur,
1695 4577 1723 4642 si
1750 4576 1951 4641 intersedere
1980 4585 2105 4658 pergat,

104 4663 196 4727 iusta
207 4660 271 4727 Dei
290 4661 433 4728 vindiota
451 4664 614 4729 exoaeoati
631 4671 719 4742 sunt,
736 4682 831 4726 ruere
847 4663 939 4744 quasi
956 4661 1083 4728 devotis
1134 4667 1226 4748 psius
1257 4663 1450 4728 muletatum
1473 4665 1514 4729 iri
1543 4684 1642 4748 quam
1674 4683 1755 4746 quos
1788 4660 1941 4726 defendit.
1977 4658 2106 4726 Deinde

105 4748 233 4814 animis
253 4769 313 4831 per
334 4748 472 4832 quodvis
495 4751 598 4813 nefas:
630 4769 690 4813 neo
718 4746 893 4831 quidquam
923 4748 1083 4826 omittere,
1133 4751 1340 4834 exprobrant,
1361 4747 1447 4832 quod
1468 4749 1565 4817 homo
1586 4759 1761 4816 extraneus
1782 4747 1898 4812 iudiois
1914 4759 2025 4830 partes
2042 4744 2106 4813 sibi

105 4833 216 4899 donee
233 4853 268 4900 se
286 4835 356 4898 Deo
374 4843 407 4898 et
424 4834 612 4900 hominibus
628 4854 764 4916 prorsus
785 4852 901 4898 exosos
922 4845 956 4898 et
977 4833 1083 4898 detes-
1134 4844 1252 4902 sumat.
1308 4833 1458 4918 Singulis
1490 4845 1598 4900 autem
1632 4835 1741 4900 verbis
1779 4831 2005 4897 demonstrant
2041 4850 2106 4914 qua

105 4919 229 4985 tabiles
248 4918 395 4986 reddant.
1132 4931 1170 4988 tu
1250 4931 1287 4985 nt
1308 4919 1467 5002 superbia.
1507 4920 1619 4986 Unum
1639 4926 1809 5003 opponunt
1829 4917 2047 4982 multitudini:
2066 4938 2105 4983 ao

197 5005 229 5070 8.
251 5004 338 5070 Mihi
358 5010 431 5070 suaa
454 5005 536 5070 duee
554 5005 650 5087 filiae.
694 5003 798 5070 Siouti
820 5025 884 5069 uon
915 5004 1082 5088 vulgarem
1133 5009 1161 5074 si
1205 5008 1343 5072 'oerentz
1377 5005 1452 5086 Quo
1473 5006 1545 5070 iure
1566 5017 1604 5071 tu
1625 5005 1715 5072 solus
1739 5004 1912 5086 imperium
1941 5003 2001 5069 tibi
2022 5023 2104 5068 ven·

105 5090 243 5156 landem
267 5105 410 5156 meretur
436 5091 619 5156 constantia
639 5091 718 5170 Lot,
748 5089 832 5173 qnod
860 5099 958 5172 eaput
986 5111 1082 5156 suum
1133 5093 1222 5158 dieas
1253 5093 1287 5157 in
1316 5102 1417 5157 totam
1445 5090 1583 5156 urbem?
1612 5089 1742 5156 Deinde
1771 5110 1807 5153 se
1834 5089 2006 5172 indigenas
2033 5108 2103 5154 esse

105 5197 168 5260 pro
193 5176 363 5259 hospitum
392 5176 579 5242 detonsione
607 5178 810 5259 opposuerit:
842 5177 888 5239 ita
916 5197 1004 5242 nuno
1026 5176 1083 5241 ad·
1156 5179 1331 5256 loriantur,
1357 5176 1451 5242 illum
1473 5197 1552 5242 vero
1573 5177 1780 5259 inquilinum.
1824 5174 1912 5239 Talis
1934 5182 1984 5239 est
2005 5174 2104 5238 etiam

105 5264 256 5326 mixtum
277 5261 377 5327 fuisse
398 5261 561 5328 detentum
583 5271 697 5327 narrat
719 5261 845 5340 Moses,
874 5262 929 5343 qui
957 5273 1083 5328 unum
1133 5201 1231 5330 dodie
1252 5263 1456 5348 papistarnm
1477 5262 1633 5328 iaetantia
1653 5269 1766 5329 eontra
1786 5259 1855 5343 pios
1877 5260 1968 5325 verbi
1990 5260 2103 5324 minis·

107 5347 354 5414 eiusvirtutem
373 5345 622 5434 aliquamaoula
638 5347 808 5431 adspersit.
838 5344 1083 5413 Oonsilioenim
1132 5357 1215 5416 tros:
1248 5349 1445 5434 pauoitatem
1481 5350 1568 5414 enim
1597 5349 1662 5414 illis
1696 5345 1806 5430 probri
1838 5345 1908 5412 loeo
1938 5345 2103 5423 obiioiunt,
