4988 6192
115 401 176 468 441
782 400 1154 472 COMMENTARIUS
1175 405 1226 469 IN
1244 401 1459 471 GENESIN.
2055 408 2120 472 442

116 593 179 658 bet.
222 590 311 656 Nam
332 589 499 656 Dominus
528 609 740 674 quaeeunque
768 591 862 658 nobis
893 590 1092 658 adminicula
1144 592 1300 660 uxoribus
1327 613 1365 660 ao
1393 591 1517 658 liberis:
1552 613 1618 658 non
1646 602 1683 659 ut
1716 591 1829 659 andita
1860 592 1993 659 illorum
2027 593 2120 662 slede

157 676 253 762 rrigit
274 675 346 744 vult
367 676 403 740 in
425 697 521 742 usum
551 677 665 760 aptari.
708 677 852 744 Multum
879 697 957 742 vero
978 698 998 743 a
1020 688 1092 742 tur·
1144 677 1293 762 effugiat:
1322 676 1379 744 sed
1408 679 1486 761 quie
1514 677 1653 745 solitudo
1675 677 1716 744 ed
1743 678 1943 763 preoandnm
1965 688 2038 746 erat
2061 700 2119 763 ap·

114 699 259 829 bdlentis
276 761 393 828 mundi
413 762 531 829 studiis
549 761 659 828 differt
675 763 804 847 piorum
822 761 995 829 sedulitas:
1014 762 1093 846 quia
1143 763 1217 828 tior.
1253 763 1369 847 Neque
1392 765 1479 829 enim
1504 763 1639 830 dubium
1662 774 1712 830 est
1733 766 1812 848 quin
1834 765 1952 830 rrltima
1973 786 2119 850 quaeque

114 848 261 916 mundns
283 869 303 914 a
324 847 389 913 Dei
411 847 636 916 benedietione
659 846 858 915 industriam
881 868 973 915 suam
996 868 1091 931 sepa·
1143 860 1310 929 metuens,
1352 857 1438 916 totns
1477 850 1653 917 invoeandi
1692 850 1756 916 Dei
1795 849 1910 917 ardore
1949 860 2119 936 surreptus

114 955 201 1014 rans,
219 933 297 1019 quid
316 941 442 1000 rentum
460 935 504 1000 sit
518 934 576 1000 vel·
589 933 687 1002 lioeat
702 956 768 1001 non
785 934 952 1019 expendit:
973 933 1092 1000 deinde
1143 934 1252 1001 fuerit.

48 1104 51 1110 Ι
114 1041 244 1104 semper
264 1019 423 1103 trepidat,
453 1027 487 1084 st
507 1019 686 1106 satagendo
714 1020 975 1103 inquietudinem
997 1040 1090 1086 suam
1228 1021 1279 1086 24.
1302 1019 1347 1086 El
1366 1020 1502 1088 tumeas
1519 1026 1564 1086 est
1585 1022 1636 1087 vir
1652 1041 1723 1088 erm
1743 1041 1785 1087 so.
1823 1019 2018 1106 Quanquam
2037 1023 2119 1091 haee

114 1109 220 1192 magis
249 1125 288 1172 ao
314 1105 419 1188 magis
448 1105 611 1172 sollieitat.
654 1106 710 1172 Pii
731 1115 840 1171 autem
862 1127 928 1172 non
959 1104 1091 1171 aliunde
1143 1105 1225 1172 visio
1257 1106 1415 1190 privatim
1446 1107 1508 1191 ipsi
1538 1106 1634 1174 Iaoob
1667 1108 1816 1191 apprime
1849 1108 1941 1174 utilis
1968 1105 2047 1188 fuit,
2080 1118 2120 1174 ut

113 1192 236 1258 laboris
253 1191 304 1258 sui
326 1188 510 1274 profestum
531 1199 702 1275 sperantes
723 1211 821 1275 quam
844 1213 885 1257 ex
908 1191 971 1258 Dei
993 1192 1090 1256 mise·
1142 1195 1320 1274 praeeoiret
1336 1192 1440 1257 multa
1461 1192 1523 1258 sibi
1545 1191 1652 1260 adhue
1672 1201 1796 1260 restare
1817 1193 2006 1273 esrtamina,
2029 1202 2062 1260 et
2082 1215 2118 1261 se

113 1276 270 1355 rioordia,
299 1283 444 1342 mentem
472 1296 566 1341 suem
595 1278 789 1360 quaerendis
818 1277 933 1344 mediis
960 1286 1090 1342 tantum
1142 1278 1371 1344 omniumiore
1385 1279 1644 1345 viatoremoerto
1661 1289 1834 1344 statueret:
1853 1281 1989 1344 minime
2007 1287 2118 1346 tamen

113 1363 188 1429 ideo
210 1362 391 1446 applieant,
422 1381 464 1426 ne
486 1383 545 1428 sno
568 1369 698 1447 torpore
719 1363 879 1446 sepeliant
902 1363 964 1429 Dei
988 1362 1089 1428 dona:
1143 1361 1277 1430 dubium
1295 1373 1344 1429 est
1361 1364 1440 1448 quin
1457 1365 1621 1430 Dominus
1639 1365 1673 1430 in
1692 1365 1762 1430 eius
1784 1385 1922 1448 persona
1944 1386 2117 1432 eommnne

114 1447 260 1516 defuneti
292 1469 351 1514 sno
378 1447 483 1513 offitio
511 1446 656 1531 pendent
677 1449 718 1514 eb
745 1449 861 1514 eadem
883 1449 946 1514 Dei
968 1450 1090 1534 gratia:
1141 1449 1210 1516 suis
1239 1451 1389 1516 omnibus
1416 1451 1650 1530 tentationum,
1678 1471 1760 1534 quas
1787 1452 1874 1534 ipsos
1903 1465 2054 1532 manent,
2083 1463 2117 1517 et

113 1534 234 1600 mediis
255 1554 333 1600 vero
355 1533 514 1614 destituti,
534 1533 746 1602 nihilominus
768 1535 950 1618 quieseunt.
1142 1535 1271 1601 assidue
1292 1536 1328 1601 in
1350 1535 1413 1601 heo
1435 1535 1557 1603 oaduoe
1579 1537 1648 1603 vita
1670 1535 1857 1603 subeundae
1887 1546 1981 1614 sunt,
2011 1537 2115 1621 speei-

202 1618 578 1702 recenseamus.
622 1620 712 1688 Hine
739 1621 956 1705 perspicimus
976 1622 1089 1704 quanti
1141 1641 1217 1686 men
1240 1621 1437 1688 exhibuerit.
1483 1621 1595 1702 Quare
1616 1621 1705 1689 huno
1726 1621 1860 1688 visionis
1882 1623 1980 1688 finem
2003 1630 2116 1689 tenere

113 1706 364 1791 promissionem
392 1703 455 1770 sibi
484 1705 595 1771 datam
622 1707 845 1774 aestimaverit
866 1706 982 1786 Iaoob,
1010 1704 1089 1772 dum
1142 1709 1305 1786 eonvenit,
1328 1728 1441 1774 omnes
1452 1707 1517 1772 Dei
1534 1728 1646 1774 servos
1663 1708 1698 1772 in
1716 1708 1778 1775 hoe
1795 1707 1918 1773 mundo
1937 1727 2007 1774 esse
2024 1705 2117 1775 velut

112 1799 242 1858 tantam
263 1812 373 1857 rerum
395 1811 529 1858 suarum
551 1791 712 1858 iaeturam
732 1789 840 1860 faeere
861 1814 927 1858 nou
950 1800 1088 1859 reeusat.
1141 1791 1296 1858 athletas:
1320 1793 1397 1877 quia
1417 1792 1582 1860 Dominus
1604 1815 1658 1860 eos
1680 1795 1779 1860 variis
1800 1793 1965 1861 luotarnm
1986 1794 2116 1878 generi·

113 1877 247 1945 Seimns
267 1898 350 1961 quae
372 1897 492 1962 magno
513 1875 631 1944 sudore
649 1898 687 1945 ao
705 1878 863 1945 molestiis
884 1887 981 1962 parta
999 1885 1089 1957 sunt,
1142 1877 1202 1944 bns
1224 1888 1364 1944 exeroet.
1399 1879 1504 1945 Porro
1527 1900 1593 1945 non
1615 1879 1734 1947 dieitur
1755 1879 1809 1946 vel
1831 1876 1936 1947 Satan
1959 1880 2011 1945 vel
2033 1901 2118 1946 mor-

111 1966 148 2030 in
170 1963 288 2030 maiori
308 1961 422 2028 baberi
444 1963 558 2047 pretio.
595 1963 711 2048 Itaque
729 1965 962 2049 utplurimum
983 1965 1089 2047 magis
1142 1964 1217 2031 talis
1239 1965 1399 2048 quispiam
1422 1965 1520 2032 homo
1542 1985 1617 2031 oum
1639 1964 1736 2032 Iasob
1765 1965 1908 2031 luotatus
1938 1986 2025 2043 esse,
2058 1963 2117 2032 sed

111 2050 258 2116 restrioti
280 2057 358 2116 sunt
378 2068 416 2114 ae
438 2058 569 2116 tenaoes
592 2052 647 2133 qui
669 2071 730 2116 suo
749 2049 860 2117 labore
884 2049 977 2117 ditati
1002 2059 1089 2116 sunt.
1140 2049 1211 2135 ipse
1223 2051 1331 2116 Deus:
1349 2060 1389 2116 ut
1406 2052 1548 2118 sciamus
1558 2050 1599 2116 ab
1609 2052 1679 2135 ipso
1694 2050 1826 2134 probari
1835 2050 1932 2117 fidem
1951 2061 2114 2116 nostram:

110 2136 206 2204 Haeo
227 2155 308 2201 vero
335 2135 436 2201 etiam
464 2155 505 2200 ex
527 2137 657 2221 magnis
682 2136 800 2220 opibus
828 2158 893 2203 non
915 2136 999 2202 levis
1026 2133 1090 2201 luit
1141 2143 1174 2202 et
1196 2136 1322 2219 quoties
1344 2145 1527 2215 tentemur,
1548 2157 1628 2202 vere
1649 2136 1742 2203 nobis
1763 2156 1835 2204 esse
1856 2155 1931 2201 eum
1954 2156 1992 2203 eo
2014 2157 2115 2222 nego·

111 2222 297 2301 diminutio,
318 2219 536 2304 quadraginta
557 2242 682 2302 vassas,
703 2223 841 2306 triginta
857 2220 998 2288 eamelos
1014 2241 1090 2288 eum
1140 2222 1239 2288 tium:
1258 2243 1325 2288 non
1343 2228 1472 2288 tantum
1491 2222 1568 2305 quia
1579 2222 1758 2289 militamus
1776 2221 1839 2288 snb
1858 2223 1928 2288 eius
1946 2223 2115 2307 auspiciis:

110 2307 229 2393 pullis,
252 2307 362 2372 hireos
382 2306 518 2392 viginti,
546 2315 578 2371 et
600 2306 735 2374 totidem
757 2309 865 2374 asinas
886 2326 960 2372 eum
981 2305 1089 2390 pullis,
1140 2306 1198 2374 sed
1215 2316 1369 2390 tanquam
1388 2306 1597 2392 antagonista
1615 2307 1972 2375 nobiseuminarenam
1984 2306 2115 2374 deseen-

112 2413 230 2479 eapras
252 2391 425 2470 dueentas,
453 2399 489 2458 ιι
510 2392 646 2460 tetidem
667 2413 747 2459 oves
769 2414 843 2459 oum
864 2392 984 2477 viginti
1005 2391 1088 2458 arie·
1141 2391 1189 2458 dit
1206 2402 1242 2458 ut
1264 2394 1352 2460 vires
1371 2405 1498 2460 nostras
1515 2393 1672 2477 exploret.
1708 2393 1782 2459 Hoe
1803 2414 1990 2478 quanquam
2008 2394 2115 2480 prima

111 2480 213 2558 tibus,
236 2486 269 2544 et
290 2476 427 2544 totidem
449 2478 560 2558 hireie,
585 2477 671 2544 dare.
717 2479 818 2562 Atqui
840 2477 981 2544 libenter
1003 2477 1089 2562 hane
1141 2479 1247 2562 speeie
1270 2479 1448 2545 absurdum
1467 2477 1607 2556 uidetur,
1630 2479 1834 2564 experientia
1852 2488 1964 2544 tamen
1981 2487 2015 2544 et
2031 2479 2115 2544 ratio

111 2565 175 2632 sibi
197 2563 356 2631 muletam
377 2564 524 2649 iniungit
544 2562 643 2630 Iaeob
661 2572 697 2630 ιιι
718 2585 869 2631 assurum
890 2565 925 2629 in
947 2562 1088 2648 patriam
1141 2584 1258 2630 verum
1280 2586 1352 2631 esse
1379 2563 1480 2632 donet.
1524 2564 1610 2630 Nam
1638 2565 1734 2632 eienti
1757 2585 1800 2630 ex
1820 2567 1891 2630 eius
1913 2565 2020 2650 gratia
2041 2586 2115 2648 pro-

111 2651 257 2717 reditum
278 2657 452 2732 temperet.
488 2649 587 2716 Oerte
608 2670 674 2715 non
697 2650 827 2716 diffieile
849 2650 963 2717 diisset
983 2668 1087 2733 angu-
1141 2651 1229 2734 speri
1246 2669 1358 2716 omnes
1379 2669 1549 2716 sueeessns
1566 2658 1713 2730 manant,
1734 2650 1782 2716 ita
1800 2671 1854 2718 res
1872 2649 2039 2730 adversae,
2061 2649 2116 2717 vel

110 2737 183 2804 lum
206 2735 346 2818 aliquem
377 2735 535 2819 reperire,
565 2735 622 2800 ubi
649 2736 746 2802 rebus
774 2737 913 2820 integris
941 2733 1086 2819 degeret:
1140 2735 1266 2802 ferulae
1288 2743 1365 2802 sunt
1383 2737 1502 2819 quibus
1519 2744 1651 2820 pseeata
1669 2744 1780 2802 nostra
1799 2736 1946 2820 eastigst,
1969 2735 2022 2801 vel
2039 2735 2116 2801 fidei

110 2843 175 2888 nee
197 2822 309 2887 minus
330 2819 500 2886 eommoda
521 2819 597 2886 alibi
619 2820 736 2888 luisset
755 2821 924 2888 habitatio.
961 2819 1028 2888 Sed
1045 2841 1088 2886 ns
1141 2841 1179 2886 ae
1200 2821 1375 2905 patientiae
1403 2821 1606 2888 donumenta.
1651 2819 1762 2904 Quum
1790 2830 1900 2888 antem
1923 2822 2052 2887 nullum
2073 2819 2117 2888 sit

109 2907 230 2994 perdat
251 2906 476 2990 promissionis
498 2906 660 2989 frustum,
693 2915 785 2974 tanto
813 2908 919 2993 pretio
940 2908 1087 2991 quietum
1141 2906 1332 2974 tentationis
1353 2928 1543 2993 genusque
1569 2929 1636 2976 non
1670 2907 1834 2975 examinet
1853 2906 2018 2973 Dominus
2040 2927 2116 2972 suos

109 2995 148 3061 in
179 3003 269 3059 terra
291 2991 452 3058 chanaan
479 2992 658 3077 hospitium
680 3014 701 3059 ι
726 2992 830 3060 fratre
857 3013 916 3059 suo
946 2992 1086 3058 redimit.
1140 2992 1268 3060 fideles:
1288 2999 1363 3078 apte
1379 3015 1439 3061 oon
1482 2993 1532 3060 uit
1548 2992 1737 3074 similitudo,
1756 2993 1944 3078 quodvelut
1961 2993 2117 3060 oonssrtis

109 3077 277 3147 Pudenda
297 3087 347 3144 est
368 3077 470 3163 igitur
491 3087 604 3145 nostra
624 3078 777 3146 mollities
800 3088 834 3146 et
854 3078 1008 3158 tarditas,
1032 3079 1089 3161 qni
1140 3078 1293 3145 manibus
1324 3099 1442 3164 oougre
1469 3079 1535 3145 'tur
1563 3080 1604 3145 ad
1633 3079 1765 3145 luetam.
1817 3077 1907 3164 Ergo
1940 3076 2028 3162 quod
2056 3076 2115 3144 sub

109 3165 231 3251 pedem
249 3163 395 3248 maligne
413 3162 599 3231 rodusimns
617 3184 638 3229 a
654 3175 741 3232 reete
759 3165 938 3232 venationis
957 3171 1089 3230 nostrae
1141 3163 1262 3232 visibili
1284 3165 1390 3230 forma
1411 3165 1512 3232 semel
1534 3164 1791 3231 demonstratum
1813 3165 1875 3230 fuit
1892 3165 1980 3249 patri
2002 3173 2116 3229 nostro

109 3271 213 3320 eursu
236 3249 436 3333 simulatque
458 3249 580 3334 aliquid
608 3249 813 3334 perdendum
834 3259 892 3318 est.
937 3249 1034 3317 Clara
1054 3258 1089 3316 et
1139 3249 1247 3330 Iacob,
1267 3249 1410 3333 qnotidie
1430 3251 1467 3316 in
1487 3251 1628 3334 singulis
1649 3250 1802 3317 eoelesiae
1823 3250 1980 3316 membris
2000 3249 2116 3333 imple·

108 3357 232 3404 sonora
258 3355 340 3404 voee
367 3334 504 3403 mandat
531 3334 696 3402 Dominus
722 3336 880 3420 quidnam
909 3357 1006 3421 agere
1028 3357 1090 3402 nos
1139 3343 1211 3415 tur,
1241 3343 1278 3401 nt
1305 3358 1379 3404 oum
1408 3336 1480 3402 Deo
1508 3335 1627 3402 luotari
1653 3336 1688 3400 in
1717 3336 1953 3402 tentationibus
1982 3355 2115 3401 neeesse

109 3423 207 3492 velit:
230 3421 287 3489 sed
310 3421 387 3506 quia
408 3420 481 3488 aliis
498 3421 673 3488 molestum
690 3432 742 3490 est
758 3423 904 3490 sarsinas
925 3422 998 3490 eol'
1025 3442 1088 3500 ara,
1139 3421 1291 3488 habeant.
1340 3422 1417 3488 Alio
1450 3421 1582 3505 quidem
1615 3419 1710 3488 modo
1744 3430 1872 3488 tentare
1900 3443 1961 3487 nos
1994 3420 2115 3486 dieitur

108 3508 235 3594 torpidi
253 3509 378 3574 iaeent:
394 3505 618 3574 aliosdelitiae
635 3509 789 3588 retinent,
807 3509 887 3574 alios
904 3509 973 3592 imp
1018 3508 1090 3574 'unt
1139 3526 1237 3591 qnam
1260 3507 1379 3574 Satan:
1402 3506 1459 3574 sed
1481 3508 1559 3591 quia
1580 3509 1668 3574 solus
1689 3507 1761 3593 ipse
1782 3508 1888 3574 erneis
1911 3517 1944 3573 et
1966 3506 2114 3572 afflietio-

108 3595 167 3661 vel
192 3594 327 3660 divitiae
349 3592 403 3660 vel
432 3593 590 3660 honores:
619 3592 758 3678 deniqne
785 3594 880 3678 penei
907 3602 1089 3678 sequuntur
1139 3613 1220 3660 num
1248 3600 1344 3659 antor
1370 3601 1436 3670 est,
1465 3593 1635 3678 luoemque
1663 3602 1696 3660 et
1718 3593 1868 3660 tenebras
1890 3591 2000 3678 (siouti
2026 3591 2113 3675 apud

107 3683 233 3759 Deum,
253 3679 329 3763 quie
346 3679 404 3746 uix
421 3679 617 3746 centesimus
634 3681 769 3763 quisque
784 3679 921 3746 diminui
938 3680 1088 3748 sustinet.
1139 3679 1262 3745 Isaiam
1281 3678 1346 3761 [45,
1365 3680 1396 3758 7]
1415 3677 1439 3766 ¹)
1456 3677 1589 3830 dieiturg
1609 3680 1699 3747 solus
1720 3687 1818 3760 areat,
1841 3687 1967 3745 tentare
1985 3675 2113 3757 dieitur,

110 3765 212 3849 Quod
241 3763 415 3850 distinguit
444 3766 552 3849 spatia
578 3765 666 3831 inter
688 3768 839 3846 nuncios,
862 3774 896 3831 et
913 3767 994 3833 alios
1015 3765 1090 3832 aliis
1140 3773 1303 3848 quatenus
1324 3765 1547 3849 probationem
1591 3764 1642 3831 dei
1665 3775 1795 3831 nostrae
1816 3764 1925 3830 sumit.
1961 3760 2028 3830 Sed
2046 3762 2112 3827 iam

110 3853 246 3918 diverso
275 3863 420 3933 tempore
452 3850 633 3931 submittit,
666 3850 729 3919 hoe
757 3850 837 3919 feeit
864 3861 903 3917 ut
931 3852 1090 3936 paulatim
1140 3852 1306 3935 quaeritur
1334 3852 1485 3935 quisnam
1513 3859 1627 3918 eontm
1648 3851 1749 3918 talem
1770 3850 2013 3934 antagonistam
2035 3847 2112 3914 sub·

109 3939 246 4023 mitiget
277 3937 391 4003 fratris
422 3933 592 4004 ieroeiam:
626 3937 714 4005 nude
744 3937 866 4004 iterum
897 3938 1090 4024 colligimus,
1141 3937 1257 4003 sistere
1278 3948 1391 4021 queat,
1418 3936 1514 4002 ouius
1535 3936 1603 4004 solo
1625 3939 1706 4003 flatu
1733 3935 1870 4019 disp'erit
1890 3944 1924 4000 et
1946 3933 2113 4001 evanescit

108 4045 181 4090 non
210 4025 257 4088 ita
283 4021 469 4106 peronlsnm
496 4023 598 4089 fnisse
625 4029 731 4103 metu,
754 4025 845 4108 quin
872 4044 931 4090 sua
960 4023 1092 4110 negotia
1140 4023 1247 4088 omnis
1268 4044 1353 4102 earo,
1376 4023 1469 4090 onius
1492 4031 1625 4106 aspectu
1645 4021 1830 4105 liquescunt
1852 4030 1997 4097 montes,
2020 4019 2113 4085 euins

108 4110 296 4195 prudenter
318 4107 512 4191 disponeret.
657 4136 660 4145 ·
1141 4129 1219 4175 voee
1241 4108 1294 4174 vel
1317 4118 1401 4175 nutu
1422 4109 1607 4175 oonsutitur
1629 4115 1716 4173 totns
1735 4105 1899 4173 mundus?
1922 4105 2039 4190 Itaque
2061 4105 2112 4170 vel

202 4194 254 4260 23.
275 4193 321 4260 Er
335 4195 476 4260 amerit
491 4197 575 4261 noete
590 4195 674 4278 ipso.
710 4195 891 4278 Postquam
910 4194 1090 4260 Dominum
1140 4194 1315 4259 minimum
1344 4203 1510 4261 oertamen
1539 4214 1613 4260 eum
1640 4213 1679 4260 eo
1707 4201 1850 4272 tentare,
1879 4193 1996 4258 insana
2026 4201 2114 4257 esset

110 4291 269 4366 praeatus
291 4289 358 4359 est,
381 4281 541 4363 rebusque
563 4281 632 4346 suis
653 4280 835 4362 oonsuluit,
863 4282 931 4347 iam
960 4289 1091 4364 sumpta
1140 4280 1316 4345 temeritas.
1357 4279 1484 4346 Verum
1516 4279 1616 4346 huius
1649 4277 1726 4345 nodi
1764 4277 1868 4344 fusilis
1901 4277 2020 4343 solutio
2053 4285 2112 4342 est.

109 4369 235 4435 fidncia
256 4388 292 4434 se
313 4367 486 4432 summittit
507 4365 661 4448 perieulo.
706 4366 781 4447 Quo
803 4368 953 4452 exemplo
976 4365 1091 4433 doeen-
1140 4366 1253 4448 Neque
1274 4366 1362 4431 enim
1389 4365 1644 4432 adversuseum
1672 4383 1858 4449 pugnamus
1865 4412 1874 4445 ,
1902 4364 1967 4428 nisi
1989 4373 2023 4428 et
2044 4364 2113 4428 eius

109 4465 169 4520 tur
199 4453 327 4532 fideles,
357 4451 482 4535 quoties
510 4453 613 4518 instet
639 4451 814 4518 disorimsn
843 4451 972 4537 aliquod
1001 4452 1090 4519 hune
1140 4451 1262 4517 virtuts
1273 4459 1306 4516 et
1323 4451 1432 4528 armis,
1452 4472 1511 4518 nos
1521 4451 1610 4517 euim
1621 4450 1663 4516 ad
1673 4451 1794 4517 luetam
1806 4470 1996 4534 provocans,
2014 4447 2112 4514 simul

110 4538 295 4606 tenendum
324 4559 395 4605 esse
414 4537 588 4604 ordinem:
621 4539 741 4621 primo,
775 4549 813 4604 ut
840 4538 882 4604 ad
909 4537 1089 4605 Dominum
1140 4534 1181 4601 ad
1203 4533 1421 4603 resistendum
1443 4537 1587 4617 instruit,
1609 4548 1646 4602 ut
1667 4545 1782 4603 eontra
1803 4557 1863 4601 nos
1885 4545 1918 4600 et
1938 4554 1998 4617 pro
2019 4533 2113 4599 nobis

109 4633 206 4694 reeta
228 4623 435 4708 confugiant,
469 4622 587 4687 deinde
609 4632 646 4690 ιιι
674 4624 920 4691 aooommodent
940 4625 974 4689 in
997 4645 1089 4707 prae-
1139 4631 1275 4708 pugnet.
1316 4623 1469 4706 Denique
1490 4623 1566 4690 talis
1588 4631 1640 4688 est
1660 4622 1761 4688 huius
1781 4620 1888 4688 luotee
1909 4620 2053 4703 partitio,
2077 4628 2113 4684 ut

110 4721 243 4778 sentem
266 4729 362 4775 usum
384 4729 595 4792 quaeeunque
613 4731 648 4776 se
669 4709 813 4776 offerunt
836 4709 959 4777 media:
982 4712 1089 4790 tertio,
1140 4728 1199 4773 nos
1231 4727 1298 4773 una
1329 4728 1429 4774 mann
1461 4707 1672 4794 aggrediens,
1712 4708 1815 4772 altera
1846 4705 2014 4773 defendat:
2046 4705 2113 4770 imo

109 4806 152 4864 ut
174 4795 217 4861 ad
240 4794 416 4878 quemlibet
437 4805 592 4860 eventum
614 4797 736 4879 parati,
767 4795 930 4880 intrepide
951 4804 1090 4880 pergant
1139 4795 1216 4876 quia
1244 4793 1318 4877 plus
1346 4795 1472 4861 roboris
1501 4793 1689 4879 suppeditat
1714 4792 1807 4858 nobis
1829 4790 1869 4857 ad
1892 4787 2111 4857 resistendum

109 4902 310 4968 quoeunque
338 4882 499 4947 Dominus
532 4883 698 4965 praeripit.
751 4879 806 4950 Sis
838 4880 952 4960 Iaeob,
985 4903 1027 4946 ne
1053 4881 1089 4946 in
1139 4900 1236 4963 quam
1263 4879 1298 4945 in
1332 4878 1424 4946 nobis
1455 4879 1682 4965 oppugnandis
1715 4879 1869 4961 explieat,
1904 4877 2051 4961 apposite
2079 4885 2113 4941 et

109 4975 186 5054 ipso
209 4967 347 5033 artieulo
370 4968 508 5046 deliniat,
531 4967 706 5034 transitum
728 4988 795 5034 non
816 4967 970 5035 formidat
991 4987 1087 5050 quem
1139 4965 1268 5049 proprie
1297 4964 1440 5032 disemus
1473 4966 1606 5032 sinistra
1638 4985 1738 5030 mauu
1770 4965 1877 5048 ipsum
1907 4972 2024 5029 eontra
2053 4982 2112 5027 nos

109 5056 221 5124 eernit
242 5053 377 5137 plenum
395 5075 466 5120 esse
487 5053 633 5136 perieuli,
656 5053 712 5121 sed
735 5054 826 5121 velut
846 5053 966 5121 eleusis
987 5052 1088 5119 oeulis
1138 5051 1266 5131 leotari,
1291 5051 1426 5118 dextera
1447 5060 1558 5119 autem
1581 5072 1638 5135 pro
1660 5049 1762 5117 nobis.
1807 5049 1891 5115 Nam
1915 5049 2033 5114 leviter
2051 5068 2112 5113 nos

108 5161 248 5208 sursum
277 5159 371 5203 suum
401 5141 619 5223 prosequitur.
663 5141 753 5225 Ergo
781 5141 851 5206 eius
879 5139 1028 5221 exemplo
1053 5139 1088 5203 in

108 5229 214 5294 rebus
231 5224 396 5324 perplexis
413 5225 599 5309 superanda
615 5235 665 5292 est
686 5227 843 5305 anxietas,
865 5247 909 5291 ne
925 5224 966 5290 ab
982 5224 1088 5324 oifieio
1206 5258 1236 5327 1)
1254 5257 1323 5313 Nm,
1338 5255 1364 5324 4,
1382 5257 1399 5312 5
1417 5264 1448 5312 ut
1466 5257 1545 5312 pap„
1563 5255 1618 5311 Ep,
1637 5254 1995 5326 metamaucensem
2011 5252 2111 5307 m.

108 5335 175 5380 nos
193 5311 367 5396 prohibeat
383 5313 435 5377 vel
454 5321 609 5379 moretur.
643 5311 741 5379 Solus
758 5319 878 5393 menet,
900 5331 1088 5395 prsemrssrs
1137 5332 1204 5383 runt
1218 5327 1346 5383 οιιιιιινι.
