4988 6192
384 424 448 491 341
1045 425 1416 497 COMMENTARIUS
1437 425 1488 494 IN
1510 424 1724 494 GENESIN.
1973 524 1979 551 Ι
2315 432 2369 499 342

385 612 439 680 21.
465 613 551 680 Tunc
570 610 828 679 2424214222αᾶ
845 613 1247 700 1222224422422444222
1267 636 1360 698 nunc,
1410 614 1717 698 Appropinpuabunt
1743 615 1811 682 2424
1837 614 1939 682 44422444
1962 616 2068 698 patris
2095 616 2171 697 mei,
2195 618 2369 684 2222242244

387 705 417 766 et
429 698 568 782 palpabo
584 702 613 764 te
632 695 682 779 244
698 699 753 778 mi,
775 703 880 765 22444444
896 701 944 766 444
965 701 1034 784 4242
1051 701 1139 784 fitius
1155 719 1242 768 meua
1258 699 1547 780 2422122222
1565 700 1700 783 fratrea
1718 719 1829 766 44422444.
1869 700 1922 767 42.
1943 699 1987 766 Ε2
2002 702 2151 768 narniam
2171 707 2246 768 444442
2265 702 2370 771 Robur

388 804 502 852 annon.
546 783 599 849 22.
628 782 672 848 Et
699 785 961 866 appropinquavit
983 785 1120 854 Iabacob
1149 785 1246 854 14222
1268 752 1359 870 patri
1409 786 1502 854 22422
1523 785 1616 852 Eaau
1637 785 1701 868 2444
1718 786 1772 852 424
1792 787 1939 853 maioris:
1959 792 1989 852 et
2007 787 2109 866 mitit,
2135 790 2306 856 etoocaoit
2326 789 2370 856 12

388 890 462 938 suo:
489 889 546 952 2444
539 869 713 953 22422242
739 890 825 944 eum,
845 876 874 936 22
896 871 994 938 died.-
1027 872 1103 950 Vox,
1137 893 1195 939 422
1226 871 1362 940 1222222
1410 871 1503 939 22242
1528 871 1632 954 silium
1653 891 1747 938 auum
1774 873 1940 952 4444424224,
1971 872 2102 939 2224242
2121 874 2165 940 ad
2184 895 2271 940 eum:
2293 873 2369 956 Ecce,
2478 903 2479 914 ·

388 959 447 1022 242,·
466 959 500 1020 at
514 974 636 1032 manue,
654 974 769 1021 manus
789 955 892 1022 Esau.
926 957 1041 1024 2311
1059 978 1122 1024 nou
1139 960 1264 1043 22442442
1278 979 1362 1025 eum:
1411 957 1503 1026 Esau
1523 957 1624 1038 trater
1644 961 1718 1024 22444
1740 957 1964 1024 caecumine
1983 977 2080 1039 uapor
2095 964 2132 1038 22,
2154 964 2190 1026 ut
2209 960 2370 1028 42242222.

389 1042 466 1140 24442
498 1045 588 1107 erant
626 1060 742 1106 manus
777 1041 847 1108 24444
876 1043 958 1108 eierat
991 1064 1106 1110 44424244
1127 1043 1220 1110 Esau
1247 1044 1361 1128 2422444
1410 1041 1464 1111 43.
1485 1042 1531 1109 Et
1549 1041 1670 1125 auncfi
1646 1041 1762 1125 fidmi
1778 1042 1865 1109 42224
1883 1044 1950 1110 2224
1965 1063 2065 1122 meae,
2086 1049 2116 1111 et
2135 1063 2238 1130 42422,
2260 1051 2291 1112 et
2308 1045 2373 1132 2424

389 1126 609 1212 4242412422
640 1130 667 1191 22
698 1126 919 1194 inaniret:
968 1127 1088 1196 24Et
1119 1131 1218 1196 dinit:
1253 1129 1363 1197 Tuea
1411 1094 2079 1212 22144222222424444442444444440224244.
2123 1129 2245 1196 44112
2275 1130 2372 1198 debita

389 1213 459 1294 ipse
476 1211 574 1293 filiun
594 1231 682 1278 4442444
706 1211 825 1278 Esau?
856 1212 1044 1297 Respondit:
1069 1214 1156 1282 Sum.
1196 1215 1249 1283 25.
1274 1214 1363 1282 Tunc
1410 1235 1481 1284 cum
1501 1234 1534 1281 22
1555 1214 1623 1281 2424
1644 1214 1764 1298 2442222
1762 1214 1886 1294 ,donec
1906 1219 2068 1282 2224222444
2086 1215 2180 1298 furor
2197 1215 2316 1300 2422444
2332 1220 2372 1284 tui

388 1298 487 1365 242424
504 1296 747 1375 Admooemibi,
770 1299 1362 1384 etcomcdamdeoenatianeftliimei,
1411 1305 1487 1367 222.
1531 1299 1583 1366 45.
1605 1299 2096 1383 Douecanertettuirafratrie
2116 1302 2264 1380 tuiete,
2287 1303 2373 1369 etob

388 1381 919 1451 submedicattibianimamea.
964 1385 1010 1453 122
1037 1387 1238 1467 2244244224
1268 1391 1363 1454 etco
1411 1386 1802 1468 tioiocanueorraupuce
1821 1385 1989 1470 fecistiei:
2016 1387 2151 1466 4444222444,
2178 1389 2347 1471 22224242
2347 1406 2373 1454 44

388 1469 498 1536 medii:
533 1467 694 1551 attulitque
726 1468 756 1535 24
783 1470 907 1550 omum,
936 1475 966 1537 et
995 1471 1079 1539 bibit.
1129 1473 1183 1540 26.
1211 1471 1363 1538 Etdinit
1411 1471 1545 1538 teinde:
1564 1471 1677 1555 22244444
1702 1385 2373 1540 orbaborfetiamombobuaoobirdieuue?

390 1552 639 1623 odeumlobeo
656 1554 857 1637 paterniaco:
877 1521 1363 1658 dppropiuquanuncetoacu-
1412 1557 1465 1658 46.
1487 1553 1755 1624 Εί24242144222
1783 1556 1959 1624 adlatae:
1980 1561 2117 1642 Anpcntr
2110 1553 2226 1641 inoff
2176 1553 2287 1641 affecto
2314 1581 2375 1627 aum

390 1642 459 1709 lore
479 1660 535 1720 4442,
555 1639 606 1722 uti
625 1641 680 1706 mi.
725 1640 777 1706 24.
801 1640 847 1707 Et
867 1644 1138 1728 appropinquavit,
1157 1644 1364 1744 2242242224
1411 1644 1448 1710 444
1463 1643 1530 1710 nita
1550 1663 1620 1711 mea
1640 1647 1770 1724 propter
1788 1641 1877 1724 filiae
1898 1562 2376 1725 112224222222442441222222

389 1732 434 1794 242
455 1745 543 1793 eum:
576 1731 605 1792 22
632 1726 783 1793 odoratus
805 1731 849 1793 242
870 1729 991 1795 adorem
1010 1731 1258 1796 22424442422444444
1278 1729 1364 1796 eius:
1411 1748 1541 1796 22242444
1561 1728 1598 1794 de
1612 1727 1741 1810 filiabus
1758 1727 1850 1810 Hetb,
1866 1730 1946 1797 44242
1967 1730 2046 1796 44224
2066 1729 2104 1796 dc
2122 1728 2253 1810 filiabus
2274 1735 2376 1810 terror,

389 1818 418 1880 et
438 1810 593 1879 2244224242
614 1812 657 1893 24,
685 1817 714 1877 et
734 1812 834 1878 dieii:
863 1813 942 1880 Vide
970 1815 1092 1882 42242444
1119 1813 1264 1897 24444224
1284 1816 1365 1882 44422
1412 1814 1523 1898 utquid
1543 1813 1689 1882 2424444144
1707 1813 1799 1880 nita?

389 1897 613 1981 2224242244
605 1897 612 1912 ’
644 1898 696 1964 cui
728 1897 1202 1968 inemendationem
1229 1901 1279 1968 det
1307 1901 1363 1967 2424

341 2003 345 2008 ·
388 1983 479 2051 144444
507 1918 613 2049 dem
570 2003 639 2048 rare
667 1981 758 2063 22244,
793 1985 888 2050 etde
910 1986 1157 2087 piupuedinibua
1185 1993 1302 2064 224422,
1336 1991 1365 2052 et
1500 1987 1529 2053 1.
1552 1984 1680 2069 Etfuit
1700 2005 1796 2067 quum
1817 1983 2093 2052 4222444214222.
2137 1983 2259 2054 Inhon
2282 1987 2378 2070 eapite

387 2068 615 2135 multitudinem
645 2035 796 2152 2424442224
824 2075 853 2136 et
882 2073 979 2138 4442424
1007 2075 1088 2139 44224.
1138 2072 1191 2140 29
1219 2039 1366 2140 deviant
1413 2072 1583 2139 historiam
1611 2072 1664 2137 eui
1693 2090 1758 2136 nnn
1785 2090 1907 2170 magne
1934 2070 2065 2136 ridetur
2091 2069 2225 2138 subesse
2253 2072 2378 2152 utilitas,

386 2153 443 2220 tibi
458 2153 589 2237 populi,
616 2155 829 2222 etincuroent
848 2176 883 2222 42
903 2155 960 2224 tibi
974 2159 1105 2242 popidis
1131 2164 1193 2226 4422
1219 2158 1366 2224 2244444424
1414 2157 1527 2224 multis
1548 2155 1659 2224 verbis
1681 2156 1886 2258 prosequitur
1908 2155 2026 2222 Moses.
2060 2156 2153 2223 Haeo
2174 2177 2306 2223 summa
2325 2168 2378 2232 est,

385 2239 541 2324 fratribus
568 2240 649 2306 2244.-
676 2241 888 2308 2244422422442
915 2243 1025 2310 422424
1049 2244 1111 2327 pta
1139 2245 1252 2310 44422444
1277 2250 1368 2310 cuae:
1413 2243 1527 2326 Quum
1554 2243 1657 2328 patris
1686 2243 1777 2308 iussu
1809 2262 1961 2341 egressus
1989 2240 2083 2308 domo
2110 2250 2196 2309 esset
2225 2243 2316 2310 12442
2343 2241 2380 2308 ed

391 2325 605 2392 maledicentes
625 2324 697 2405 tibi,
719 2327 876 2394 nratedc'cti
896 2334 1003 2394 erunt:
1028 2330 1278 2396 222242242244224
1298 2330 1363 2411 2424,
1414 2329 1611 2407 tenendum,
1630 2328 1727 2395 leoab
1750 2321 2030 2394 44224441442124
2048 2328 2164 2394 matria
2182 2337 2255 2395 astu
2273 2328 2378 2430 finum

393 2378 961 2496 manutenementum
982 2415 1141 2500 compleuit
1161 2413 1258 2483 14222
1278 2415 1364 2482 benc·
1413 2415 1585 2482 inductum
1608 2414 1707 2480 luisse
1729 2422 1766 2480 ut
1786 2411 2074 2480 benedictionem
2065 2433 2137 2478 iure
2160 2423 2298 2480 naturae
2319 2413 2380 2498 pri·

393 2497 495 2566 diccre
534 2495 684 2564 Iabaeob:
724 2497 805 2580 fuit,
842 2501 987 2582 inquam,
1025 2505 1145 2568 2244244444
1183 2499 1364 2586 eprediendc
1413 2501 1578 2586 mogenito
1600 2499 1742 2565 debitam
1772 2499 1963 2582 subriperet.
2007 2498 2151 2565 Puerilis
2172 2501 2272 2566 etiem
2295 2500 2379 2566 lusus

393 2549 1115 2752 ttindttdttttuttdtt
1131 2587 1294 2740 22414
1299 2588 1364 2738 tt
1414 2583 1854 2756 2212242222
1874 2585 2103 2736 tint?
2116 2584 2479 2738 utentium

390 2756 462 2839 fecit
489 2757 584 2822 etiam
609 2755 677 2837 4242
705 2753 786 2822 24224
813 2757 958 2839 4224244,
989 2763 1019 2823 et
1045 2758 1150 2825 2222142
1172 2758 1261 2842 patri
1289 2778 1363 2825 suo:
1413 2678 1688 2840 414241222421
1721 2753 1781 2821 snb
1813 2755 1924 2822 fratris
1958 2756 2090 2822 nomine
2125 2756 2380 2824 benedictionem

392 2841 535 2942 tutuno
551 2841 641 2924 patri
662 2859 736 2907 suc:
759 2840 918 2927 Surputp
918 2847 985 2908 ater
1003 2863 1100 2921 4442444,
1122 2846 1306 2911 etccmedet
1326 2844 1364 2910 de
1412 2842 1582 2911 mendacio
1604 2842 1700 2908 elicit.
1734 2842 1838 2924 Atqui
1860 2848 1897 2907 ut
1917 2841 2057 2907 sciamus
2075 2842 2190 2908 Mosen
2214 2863 2277 2908 non
2301 2843 2381 2907 irus·

392 2927 555 2994 uenatione
584 2925 648 3009 2444
679 2928 746 3008 424,
784 2931 819 2993 ut
856 2926 1012 2996 benedicat
1049 2894 1129 2995 4444444
1157 2930 1265 2996 anima
1296 2934 1360 2996 tua.
1414 2937 1475 3007 tre,
1497 2937 1534 2995 ut
1555 2929 1591 2993 iu
1612 2949 1648 2994 re
1671 2928 1813 2993 maxime
1835 2926 1929 3006 serie,
1951 2928 2118 2994 insistere:
2140 2929 2247 3012 primo
2267 2937 2379 2995 noten-

393 3012 445 3080 32.
469 3010 514 3078 Ε2
538 3012 624 3079 24242
648 3011 679 3078 24
705 3011 801 3079 14222
820 3018 916 3094 pater
942 3016 1027 3080 eiua.-
1057 3014 1122 3097 Qui
1139 3015 1197 3082 eo?
1227 3013 1286 3082 1442
1312 3035 1361 3083 re·
1415 3015 1492 3081 dum
1520 3013 1679 3098 estquod
1705 3011 1892 3080 benedictus
1921 2977 2108 3081 ’24441421
2136 3034 2156 3079 a
2184 3021 2296 3098 patre,
2323 3013 2381 3080 hoc

393 3099 534 3180 spondit:
551 3097 620 3182 Epo
638 3118 709 3164 444444
724 3099 813 3180 fitius
829 3103 910 3177 tuuc,
926 3101 1157 3186 primopeuituo
1176 3105 1250 3167 tuus
1261 3099 1362 3168 Esau.
1413 3099 1560 3187 symbolo
1582 3099 1808 3166 confirmatum
1830 3097 1929 3165 fuisse
1949 3099 2116 3165 oraculum
2138 3120 2201 3184 quo
2223 3099 2381 3165 Dominus

393 3184 445 3252 33.
464 3183 508 3248 Et
523 3183 890 3274 222224214222222242
910 3205 1022 3285 mapuo
1042 3185 1311 3264 222222222444442,
1335 3192 1364 3254 et
1413 3207 1490 3253 eum
1511 3185 1603 3252 naui
1625 3184 1835 3270 praetulerat.
1869 3183 2058 3252 Benedictio
2079 3185 2168 3251 enim
2187 3185 2228 3252 de
2249 3205 2313 3269 qun
2330 3185 2382 3251 hio

391 3271 491 3337 242424
515 3269 594 3352 Quia
613 3278 673 3351 est,
695 3269 797 3336 etubi
814 3274 858 3336 242
872 3272 929 3352 put
948 3275 1080 3338 42442224
1099 3277 1143 3339 242
1163 3273 1361 3355 uenationum,
1413 3272 1531 3372 egitur,
1552 3291 1619 3336 non
1641 3270 1787 3372 vulgaris
1808 3269 1871 3334 fuit
1892 3271 2051 3354 precatio,
2079 3269 2136 3336 sed
2159 3270 2305 3356 legitima
2326 3291 2381 3335 eu·

390 3354 544 3422 detulit
560 3354 640 3420 444424
657 3360 684 3422 et
699 3355 817 3424 22444224
834 3376 872 3422 erc
889 3355 1032 3424 omnibus
1047 3362 1211 3441 antequam
1227 3360 1363 3426 4424444242
1413 3357 1528 3424 torites
1549 3355 1708 3423 divinitus
1737 3357 1943 3440 interposita,
1973 3376 2055 3439 quae
2082 3363 2237 3423 testatem
2264 3357 2384 3423 4442442

390 3447 419 3509 22
440 3441 580 3508 benedixi
601 3443 644 3521 ei,
672 3443 767 3507 2242444
787 3441 959 3542 benedictus
979 3443 1060 3510 24424
1103 3443 1155 3510 34
1180 3445 1282 3528 Qum
1303 3466 1362 3512 au-
1413 3443 1580 3510 electionis
1606 3441 1755 3528 gretiam.
1800 3441 2002 3508 Promiseret
2023 3441 2116 3507 Deus
2138 3443 2260 3509 eunetis
2281 3442 2383 3524 petri·

391 3527 489 3594 24442
504 3525 599 3594 Rau
615 3493 709 3593 22422
719 3528 827 3610 patris
842 3528 905 3607 aui,
927 3528 1075 3596 2424442242
1089 3527 1222 3597 24224442
1243 3551 1362 3616 44422444,
1411 3527 1472 3596 bus
1494 3550 1528 3596 44
1549 3528 1680 3595 illorum
1703 3527 1821 3594 semini
1843 3534 2004 3628 perpetuo
2018 3528 2089 3593 iore
2111 3527 2231 3593 Deum.
2262 3525 2330 3606 1111,
2348 3533 2383 3592 ut

390 3617 558 3681 etantaro
582 3613 674 3679 22422
700 3611 804 3692 ualde,
837 3578 976 3698 dicitque
1002 3615 1093 3698 petri
1124 3635 1199 3682 suco:
1227 3615 1364 3684 Benedio
1411 3614 1551 3716 posteris
1568 3622 1657 3680 certe
1677 3621 1762 3679 esset
1778 3613 1947 3693 successio,
1965 3612 2115 3680 morituri
2131 3633 2188 3680 eos
2205 3614 2241 3678 in
2257 3633 2383 3697 posses·

392 3699 489 3766 mibi:
517 3698 611 3765 etiam
627 3719 680 3784 opo
700 3697 789 3765 filins
815 3707 892 3765 tuus
918 3720 1008 3780 sum,
1032 3707 1127 3782 pater
1147 3701 1202 3767 4444.
1245 3701 1297 3770 35.
1319 3702 1364 3769 Et
1411 3701 1537 3767 sionem
1565 3697 1756 3778 mittebant,
1785 3698 1878 3783 quasi
1907 3713 2074 3783 abneptem
2100 3699 2215 3765 uDen
2242 3700 2382 3784 gretiam

392 3785 491 3853 244442.Ι
518 3783 608 3850 Venit
643 3787 728 3850 44224
745 3788 819 3851 tuus
835 3785 982 3852 22444222
998 3785 1362 3868 anepitbmedictianem
1411 3784 1451 3852 de
1473 3806 1573 3851 manu
1600 3785 1636 3850 in
1666 3804 1801 3849 manum
1831 3782 2007 3850 traderent.
2052 3782 2108 3852 Sia
2129 3784 2298 3850 Abraham
2330 3783 2384 3847 be-

391 3877 488 3936 tuam.
532 3869 583 3936 36.
642 3870 700 3935 4242
721 3890 807 3954 erpo.-
834 3871 912 3938 Vere
937 3876 1078 3939 coenum
1099 3877 1144 3938 cet
1164 3891 1272 3938 44424244
1293 3875 1362 3941 eiua
1410 3870 1588 3938 nedieendo
1610 3870 1713 3936 filium
1735 3869 1845 3950 14242,
1873 3888 1948 3935 cum
1969 3869 2098 3936 solenni
2114 3869 2181 3935 ritu
2203 3869 2382 3954 spiritualis

393 3955 543 4036 Iabacob,
576 3956 632 4036 qui
662 3955 877 4039 422224222242
905 3976 954 4022 me
980 3957 1047 4023 42444
1078 3955 1201 4023 duobus
1227 3959 1362 4026 24242444.Ι
1410 3957 1498 4023 vitee
1530 3955 1704 4022 haeredem
1736 3919 1914 4021 eonstituit
1970 3954 2094 4020 Eodem
2125 3976 2215 4022 nune
2249 3954 2385 4022 oonsilio

384 4007 958 4194 222Ἐ42Μ7242244Μ22α242424
962 4047 1363 4197 niaffieiffnml
1409 4039 2217 4225 ἓίωωᾶῗιὲὂ22221ἱ22ἒ10222οω21212ρὲἲ4244ἵξ2124
2231 4015 2479 4192 4441444424

390 4211 477 4297 apud
499 4222 532 4278 te
558 4211 817 4278 benedictionem?
859 4211 912 4277 34.
935 4212 980 4278 Et
1007 4213 1361 4296 respondentium
1411 4235 1453 4280 ne
1477 4215 1576 4294 icere,
1610 4213 1677 4278 ut
1668 4232 1704 4277 m
1732 4231 1792 4278 sun
1814 4211 1936 4276 familie
1957 4210 2098 4277 resideat
2120 4219 2288 4278 aeternum
2320 4212 2386 4277 Dei

390 4298 474 4364 24242
502 4297 545 4364 ad
566 4298 676 4364 Esau:
703 4295 797 4377 Ecce,
830 4297 990 4364 domiuum
1013 4301 1109 4382 224444
1138 4319 1208 4366 cum
1234 4301 1305 4382 2424,
1333 4307 1362 4368 et
1410 4299 1532 4365 foedus.
1568 4262 1644 4363 Nec
1672 4317 1748 4364 vero
1770 4298 1831 4363 hoo
1858 4295 1911 4362 vel
1939 4304 2062 4362 temam
2090 4295 2143 4362 vel
2171 4298 2303 4381 privato
2326 4317 2385 4362 nn·
2478 4287 2479 4362 ἶ

390 4403 495 4450 ornnes
513 4383 631 4466 fratrea
652 4383 721 4449 24444
742 4348 814 4448 dedi
830 4385 860 4449 24
876 4385 912 4450 iu
932 4404 1045 4465 424244,
1068 4387 1362 4470 fmcmeutumpueet
1410 4385 1500 4450 mine
1522 4384 1582 4450 sibi
1605 4381 1812 4468 patriarchae
1832 4391 2056 4465 sumpserunt:
2086 4381 2142 4448 sed
2171 4383 2289 4465 publici
2315 4383 2387 4448 fue·

390 4471 500 4535 viuum
525 4469 639 4535 222424
667 4469 714 4534 24.·
740 4468 850 4534 222424
877 4489 958 4536 nunc
979 4435 1055 4552 quid
1075 4471 1204 4551 22242444,
1225 4471 1274 4553 tili
1289 4473 1360 4540 mi?
1411 4479 1489 4536 runt
1507 4490 1544 4535 ee
1562 4469 1719 4535 divinitus
1737 4466 1877 4533 ordinati
1899 4475 2008 4534 testes.
2041 4467 2117 4568 1142
2138 4469 2278 4551 pertinet
2299 4465 2386 4531 illud
2478 4493 2479 4530 t

390 4553 771 4623 enuntiationum
791 4555 835 4620 od
850 4559 976 4636 patrem
997 4575 1106 4622 suum:
1128 4556 1292 4640 Numquid
1312 4559 1361 4625 be·
1411 4554 1554 4654 apastoli
1582 4552 1624 4621 nd
1644 4552 1730 4620 Heb.
1752 4573 1821 4637 nep.
1844 4553 1874 4652 4,
1898 4553 1995 4637 'iqui
2017 4553 2123 4619 minor
2144 4560 2196 4620 est
2217 4575 2238 4620 n
2257 4553 2390 4638 potiore
2478 4599 2479 4622 t

390 4640 521 4708 nedictio
543 4661 608 4706 uno
628 4643 673 4706 242
692 4640 758 4705 2424·
758 4645 853 4724 pater
872 4641 943 4704 mi?
964 4639 1086 4708 benedic
1101 4642 1188 4721 444424,
1218 4645 1361 4711 22224244
1410 4639 1566 4708 benedini.
1618 4639 1777 4706 solebant
1807 4638 1895 4704 enim
1924 4638 1989 4703 inm
2017 4651 2097 4706 tuno
2124 4637 2238 4704 fideles
2265 4646 2386 4704 mutuo

390 4726 547 4811 epofilius
565 4735 641 4791 tues
642 4663 785 4807 ,ppeter
773 4727 831 4791 mi:
848 4731 878 4792 et
893 4726 1023 4792 eleuauit
1032 4725 1125 4793 114244
1141 4747 1241 4794 uocem
1258 4751 1360 4810 4442444,
1409 4727 1556 4795 oeritetis
1580 4725 1686 4793 officio
1711 4724 1766 4790 elii
1785 4724 1858 4789 eliis
1875 4722 2086 4792 benedicere:
2111 4722 2169 4790 sed
2188 4723 2389 4807 patriarchis
2478 4795 2479 4800 .

389 4812 528 4892 2222242.
561 4810 612 4877 39.
634 4775 1010 4894 2222424224424214222
1023 4817 1117 4894 poter
1131 4814 1209 4892 24444,
1231 4783 1362 4882 aaut
1409 4813 1572 4879 Dominus
1600 4810 1763 4894 penuliere
1783 4809 1844 4877 hoo
1865 4830 1986 4877 munus
2014 4809 2175 4889 iniunxit,
2208 4818 2248 4875 ut
2267 4809 2389 4874 foedus

389 4897 434 4965 ad
454 4918 541 4964 eum:
562 4896 649 4976 Ecce,
672 4898 709 4962 de
733 4896 977 4980 piapuedinibua
1006 4903 1106 4964 terrae
1132 4901 1190 4964 erit
1210 4898 1359 4968 1422422242
1409 4898 1496 4982 quod
1517 4917 1591 4963 eum
1613 4895 1680 4962 illis
1701 4896 1884 4997 pepigerat,
1915 4903 1948 4960 et
1976 4895 2062 4980 quod
2084 4904 2153 4961 toto
2175 4896 2261 4962 vitae
2279 4907 2390 4960 eursu
2478 4969 2479 4982 χ

390 4991 461 5062 tua,
490 4983 579 5049 etde
600 5002 670 5050 rore
695 4981 770 5047 22224
789 4983 935 5083 desuper.
979 4983 1031 5049 40.
1054 4983 1131 5050 142
1117 5005 1152 5050 444
1177 4985 1286 5069 242242
1307 4993 1360 5055 tuo
1409 4983 1600 5063 servabant,
1628 4983 1722 5066 quusi
1743 4981 1928 5065 depositum
1949 4979 1990 5046 ed
2012 4988 2157 5064 posteros
2182 4981 2389 5046 transmitte-

388 5071 473 5137 24224
491 5074 518 5134 22
533 5069 629 5152 tratri
645 5073 698 5166 2444Ι
713 5070 845 5134 nerone.-
869 5069 981 5150 eterit,
1002 5069 1126 5151 24224422
1141 5069 1358 5152 dominaberis,
1407 5079 1491 5136 rent.
1540 5067 1633 5134 Idem
1663 5075 1774 5150 postea
1801 5066 1991 5132 mandatum
2019 5066 2241 5133 sacerdotibus
2264 5063 2391 5130 tntum
2478 5059 2479 5116 ἶ

387 5155 550 5239 franpas
538 5173 647 5237 cupam
670 5154 775 5220 24242
800 5153 873 5219 collo
894 5160 954 5220 tuo.
999 5154 1051 5220 41.
1075 5153 1186 5238 Imque
1212 5157 1282 5224 2244
1302 5158 1358 5224 242-
1407 5155 1487 5236 luit,
1517 5153 1614 5221 sicuti
1642 5159 1769 5219 constet
1797 5174 1839 5218 ex
1872 5152 2091 5218 Numerorum
2118 5173 2187 5236 eep
2217 5153 2252 5231 6,
2277 5150 2330 5214 24
2355 5161 2391 5214 et

388 5239 455 5306 buit
475 5239 568 5307 Eeau
590 5237 726 5305 1222222
741 5244 870 5321 propter
890 5239 1124 5306 benedictionem
1150 5261 1213 5324 pua
1237 5243 1357 5311 benedi-
1408 5241 1482 5307 eliis
1503 5238 1665 5307 similibus
1684 5238 1773 5306 lonis.
1807 5238 1940 5339 Ergo
1919 5236 2012 5304 Isaeo
2034 5239 2140 5304 tilium
2161 5233 2389 5304 benedicendo
2478 5255 2479 5274 ·

389 5332 479 5392 nnat
500 5326 530 5391 24
548 5330 644 5407 pater
664 5325 746 5390 2424.Ι
774 5330 802 5388 22
827 5324 968 5407 2224224442
989 5326 1123 5392 Esau
1112 5349 1144 5392 444
1170 5328 1259 5394 corde
1284 5349 1358 5394 sua:
1408 5327 1506 5392 uliam
1529 5345 1627 5409 quam
1647 5324 1752 5408 petris
1770 5330 1803 5390 et
1819 5325 1941 5408 privati
1964 5323 2107 5390 hominis
2129 5321 2281 5391 sustinuit
2308 5341 2390 5404 per·
