5000 6208
361 453 424 520 271

362 664 398 710 se
427 649 536 708 autam
563 660 700 706 numero
727 641 824 725 louge
852 647 1028 724 [ιι-ιιιιιιι.
1080 639 1211 706 Deinde
1240 640 1339 724 longa

362 727 565 796 successione
586 725 792 810 superbiunt:
821 725 958 810 ideoque
985 725 1156 792 lamudam
1178 747 1244 792 nou
1267 747 1338 792 esee

364 815 534 880 clamitant
563 823 600 876 ιι
617 832 636 875 a
654 812 748 877 ueris
770 812 956 878 hominibus
986 821 1176 893 arguantur.
1213 813 1339 878 Verum

363 898 541 983 quamlibet
561 899 795 964 contumaciter
816 898 983 963 luctentur
1001 897 1102 981 impii,
1112 919 1164 964 xue
1174 919 1209 963 se
1221 899 1338 963 rationi

362 983 549 1060 ιιιιιιιιιι,
579 983 868 1050 sciamuenouuisi
890 983 1041 1048 insuam
1067 984 1195 1048 ruinam
1218 983 1337 1048 efferri.

450 1069 500 1134 10.
524 1067 568 1133 El
589 1069 741 1135 maerere
761 1070 825 1135 riri
846 1089 974 1134 maram
995 1088 1096 1134 ιιιιι.
1142 1069 1266 1134 Iterum
1289 1069 1338 1132 vi-

363 1177 417 1221 ros
439 1156 588 1220 nominat
604 1155 722 1234 Moses,
744 1175 811 1220 uou
832 1156 888 1238 qui
910 1155 1043 1232 fuerint,
1066 1155 1124 1220 sed
1146 1155 1258 1237 quales
1277 1155 1339 1220 visi

362 1243 501 1320 luerint,
523 1241 725 1324 significans:
760 1241 820 1306 etei
843 1242 929 1305 euim
959 1239 1130 1306 coelestem
1159 1261 1252 1306 suam
1275 1239 1341 1305 vir-

362 1335 468 1392 tutem
490 1346 641 1392 exserere
663 1326 840 1409 incipiunt,
871 1325 1016 1391 noudum
1038 1335 1148 1390 tamen
1171 1325 1340 1391 declarant

364 1433 399 1478 ιι
422 1413 556 1494 angelos
573 1432 645 1477 esse
666 1412 825 1476 divinitus
842 1433 860 1477 e
878 1411 965 1477 coelo
984 1412 1108 1476 missos.
1145 1411 1211 1476 Hic
1229 1421 1339 1476 autem

363 1499 456 1564 docet
477 1498 602 1574 Moses,
626 1496 821 1574 Dominum,
851 1497 1001 1579 quamvis
1024 1496 1064 1561 ad
1092 1509 1221 1580 tempus
1244 1497 1338 1561 ‹lissi-

362 1584 467 1649 mulet
484 1583 563 1648 dum
580 1583 613 1647 iu
632 1582 819 1649 discrimine
836 1581 948 1648 fideles
965 1590 1152 1657 vomantur,
1171 1603 1338 1665 uunquam

363 1679 474 1734 tamen
505 1668 595 1751 ipsos
627 1669 774 1735 deserere
804 1669 883 1750 quin
911 1689 1046 1733 manum
1074 1668 1110 1732 iu
1139 1669 1209 1750 ipso
1238 1666 1338 1753 (quod

365 1754 471 1840 aiunt)
492 1754 628 1819 articulo
649 1755 805 1838 porrigat.
850 1754 903 1818 Ita
924 1755 959 1819 in
980 1753 1141 1820 servando
1159 1754 1226 1818 Lot
1247 1755 1339 1818 auxi·

364 1839 446 1907 lium
467 1860 563 1905 suum
580 1839 714 1920 distulit,
737 1840 838 1904 donec
858 1837 899 1903 ad
916 1850 1064 1904 extrema
1085 1848 1221 1904 ventum
1243 1838 1338 1904 foret.

366 1924 497 2008 Quietis
525 1946 603 2010 ergo
631 1925 750 1990 animis
777 1925 883 1991 locum
913 1924 1028 1990 demus
1060 1925 1130 1989 eius
1163 1925 1338 2008 providen-

365 2013 444 2077 tiae:
475 2011 560 2094 quod
592 2012 769 2078 vocationis
797 2019 929 2076 nostrae
955 2011 1122 2093 proprium
1144 2025 1208 2089 eet,
1239 2010 1340 2093 quod-

366 2119 428 2182 que
450 2099 520 2180 ipse
541 2095 684 2176 mandat,
705 2095 866 2180 intrepide
888 2115 1079 2178 sequamur:
1108 2097 1258 2178 quamvis
1281 2117 1340 2162 nos

364 2183 542 2267 periclitari
563 2183 663 2260 sinat,
690 2192 800 2247 tameu
823 2180 972 2248 ostendet
993 2202 1028 2246 se
1050 2203 1217 2265 uunquam
1239 2181 1340 2247 fuisse

364 2269 467 2334 nostri
490 2267 636 2333 oblitum.
680 2268 841 2334 Videmus
863 2267 968 2342 enim,
994 2267 1070 2350 quia
1092 2268 1224 2333 domum
1247 2287 1339 2332 suam

365 2353 515 2438 tegendis
537 2353 720 2436 hospitibus
737 2355 804 2419 Lot
825 2352 995 2432 clauserat,
1018 2351 1107 2418 vices
1124 2353 1173 2417 illi
1194 2353 1340 2436 rependi,

365 2461 468 2522 quum
498 2439 608 2522 augeli
637 2461 702 2504 uon
731 2436 827 2504 modo
857 2450 971 2523 aperta
999 2459 1114 2504 rursus
1144 2441 1243 2503 ianua
1265 2461 1339 2504 eum

366 2527 407 2591 ad
429 2545 464 2590 se
485 2527 662 2608 recipiunt,
691 2526 748 2590 sed
773 2525 930 2608 oppositis
951 2523 1082 2590 divinae
1104 2527 1267 2607 potentiae
1289 2546 1339 2589 re·

364 2610 496 2696 pagetis
517 2611 633 2692 impios
655 2607 696 2676 sb
718 2631 850 2677 accessu
871 2609 1054 2693 prohibent.
1099 2609 1168 2675 Nec
1191 2629 1269 2674 vero
1290 2608 1341 2695 (ut

365 2717 471 2778 nuper
504 2695 613 2782 attigi)
647 2696 827 2761 humanum
860 2695 957 2760 modo
989 2694 1132 2762 officium
1164 2696 1212 2760 illi
1247 2715 1340 2778 prae-

365 2789 462 2856 ιιιιι,
485 2781 543 2846 sed
561 2782 680 2846 armati
696 2781 761 2846 Dei
779 2782 901 2848 virtute
922 2780 963 2845 ad
985 2781 1154 2846 ferendam
1176 2781 1223 2846 illi
1245 2800 1339 2863 opem

366 2867 531 2935 accedunt.
578 2866 676 2948 Quod
698 2867 776 2932 dicit
798 2867 908 2933 Moses
931 2887 1098 2947 ριιιιιιιιι
1124 2867 1226 2948 faisse
1246 2867 1342 2933 bomi-

365 2973 418 3019 aes
442 2954 595 3031 ιιιιιιιιι,
624 2974 691 3019 ιιι
713 2954 760 3018 ιιι
786 2952 940 3036 accipias,
970 2953 1062 3035 quasi
1092 2953 1194 3018 oculis
1216 2953 1341 3035 privati

366 3038 421 3105 vel
443 3042 528 3121 capti
553 3041 691 3103 luerint:
721 3039 778 3104 sed
806 3039 853 3102 ιιι
875 3037 1041 3104 hebetatos
1063 3059 1134 3104 esee
1156 3059 1268 3104 eorum
1290 3039 1341 3103 vi·

367 3145 424 3190 sue
446 3132 483 3188 ut
505 3125 587 3189 nibil
610 3123 839 3190 discernerent.
876 3123 1044 3190 illustrius
1065 3135 1175 3190 autem
1197 3125 1258 3190 luit
1280 3125 1342 3190 hoo

367 3209 559 3275 miraculum
588 3231 686 3292 quam
714 3209 743 3275 ιι
772 3210 856 3274 eruti
884 3230 1017 3292 prorsus
1047 3209 1112 3274 illis
1142 3209 1194 3274 vel
1220 3211 1341 3276 confixi

367 3295 507 3361 luissent
526 3295 625 3360 oculi:
648 3296 723 3376 quia
745 3296 867 3377 apertis
885 3293 987 3360 oculis
1005 3317 1071 3359 uon
1089 3315 1181 3361 secus
1200 3315 1237 3361 ae
1255 3295 1342 3360 caeci

367 3381 521 3465 palpant,
547 3380 753 3464 videndoque
775 3400 839 3445 nou
862 3381 982 3445 vident.
1028 3379 1135 3446 Simul
1159 3382 1343 3466 exprimere

368 3467 471 3532 soluit
492 3467 602 3532 Moses
623 3487 721 3549 quam
740 3467 847 3531 ferrea
869 3467 968 3531 luerit
993 3466 1125 3531 illorum
1150 3467 1340 3532 obstinatio:

367 3553 501 3618 ianuam
528 3553 595 3617 Lot
622 3573 688 3616 uon
720 3552 910 3617 inveniunt:
943 3553 1091 3635 sequitur
1120 3552 1153 3616 iu
1179 3574 1217 3617 ea
1243 3572 1341 3634 quae-

369 3637 472 3703 renda
498 3638 677 3704 laborasse:
707 3637 799 3720 atqui
828 3638 888 3703 hoc
916 3637 1011 3702 medo
1032 3639 1152 3703 furiose
1174 3658 1247 3703 cum
1271 3639 1342 3702 Deo

369 3723 492 3789 bellum
515 3735 644 3808 gerunt.
689 3723 863 3788 anterum
887 3744 951 3787 uon
976 3723 1076 3788 semel
1099 3719 1161 3790 hcc
1183 3745 1242 3789 uec
1265 3722 1342 3788 eolis

371 3807 548 3876 Sodomitis
569 3809 700 3875 accidit:
723 3808 832 3873 sedin
851 3807 996 3891 reprobis
1013 3807 1157 3891 quotidie
1178 3809 1342 3892 impletur,

371 3916 452 3978 quos
482 3893 585 3960 Satan
617 3895 754 3959 ιιιιιιιι
786 3903 878 3959 tauta
910 3895 1067 3970 amentia,
1102 3905 1140 3959 ιι
1172 3895 1247 3960 ιοιιι
1280 3893 1343 3960 Dei

371 4001 472 4045 mauu
499 3982 642 4062 percussi
677 3980 809 4064 stupida
834 3982 1039 4046 coutumacia
1066 3982 1248 4045 contraire
1270 3991 1343 4064 pel·-

372 4077 461 4150 gaut.
506 4070 615 4150 Atque
640 4065 738 4130 huius
760 4067 808 4130 rei
829 4086 872 4130 ue
898 4066 1025 4148 lougius
1054 4075 1204 4148 petamus
1234 4089 1343 4132 crem·

371 4151 481 4234 plum,
516 4151 664 4216 ridemus
697 4171 795 4234 quam
828 4150 1007 4216 tremendis
1039 4153 1152 4234 poeuis
1186 4151 1275 4218 ultus
1303 4155 1345 4217 ιιι

372 4238 465 4303 Deus
487 4257 588 4319 vagas
610 4235 774 4302 libidines:
799 4257 858 4300 uec
875 4249 984 4302 tamen
1007 4238 1150 4302 mundus
1169 4237 1345 4303 incertam

372 4321 549 4405 perniciem
573 4342 654 4404 quse
671 4331 748 4386 aute
769 4321 877 4389 oculos
899 4323 1069 4406 ingeritur,
1093 4324 1274 4408 praefracta
1291 4345 1346 4389 ιι-

373 4405 465 4472 dacia
487 4428 582 4471 ruere
605 4407 733 4472 desiuit.

460 4493 509 4559 12.
525 4493 689 4559 Hobeslcic
699 4494 884 4574 quempiam
909 4493 1055 4558 Tandem
1075 4515 1229 4576 quorsum
1249 4515 1346 4559 vene-

372 4579 441 4643 rint
472 4591 506 4644 et
537 4580 691 4661 quidnam
732 4580 850 4644 facturi
882 4579 949 4644 siut
988 4578 1097 4663 angeli
1137 4580 1344 4646 denunciant.

373 4664 481 4728 rante
502 4667 589 4729 euim
612 4674 684 4729 erat
705 4665 878 4750 prostremi
898 4675 989 4746 actus
1009 4664 1197 4748 indignitas,
1224 4677 1261 4731 ιι
1283 4667 1348 4731 Lot

374 4751 494 4815 sentire
515 4752 581 4814 iam
603 4749 734 4815 deberet
756 4750 958 4816 tolerabilem
976 4751 1047 4816 Deo
1065 4773 1129 4815 uon
1153 4771 1223 4816 esse
1244 4772 1346 4835 popu-

1028 451 1399 522 connaturales
1422 454 1472 519 IN
1490 449 1705 520 GENllSIN.

2302 455 2358 520 272

1390 641 1503 719 mines,
1527 661 1565 705 eo
1582 640 1680 706 altius
1698 659 1832 724 surgere
1849 660 1961 705 eorum
1984 641 2153 721 malitiam,
2175 650 2210 708 et
2230 644 2357 728 propius

1390 725 1431 791 ad
1453 727 1562 792 Deum
1585 725 1751 799 accedere.
1779 739 1816 790 ut
1844 726 2020 790 vindictam
2044 737 2207 812 exposcat.
2252 727 2358 810 Quare

1390 813 1484 879 sicuti
1517 813 1625 896 augeli
1660 809 1768 876 Deum
1808 810 1965 877 hacteuus
2002 811 2105 879 fuisse
2144 814 2356 899 longanimem

1390 897 1576 982 multaeque
1604 896 1795 962 tolerantiae
1822 905 1999 962 testantur:
2029 899 2076 964 ita
2102 920 2216 966 rursus
2238 900 2357 986 siguifi-

1389 993 1467 1049 caut
1493 983 1599 1067 qualis
1621 1003 1675 1047 eos
1703 1003 1816 1048 omues
1844 984 1951 1048 exitus
1979 997 2111 1050 maneat
2132 987 2188 1068 qui
2210 993 2357 1070 congesta

1390 1069 1549 1136 scelerum
1572 1067 1673 1146 mole,
1703 1069 1793 1150 quaet
1822 1069 1993 1152 gigantum
2020 1071 2125 1136 instar
2159 1070 2285 1136 coelum
2306 1093 2357 1155 op·

1390 1156 1575 1254 pugnaturi,
1599 1153 1715 1219 maiori
1737 1154 1771 1217 in
1794 1153 1863 1220 dies
1882 1153 2021 1219 audacia
2041 1177 2077 1221 se
2098 1156 2249 1222 efferunt.
2295 1159 2357 1223 llx-

1389 1239 1466 1306 cidri
1494 1260 1572 1304 vero
1600 1259 1731 1305 ιιιιιιι
1758 1259 1822 1305 ιιι
1857 1246 1985 1304 ιιιιιιι
2014 1240 2087 1305 ideo
2116 1255 2301 1307 memorant
2328 1255 2358 1310 ut

1391 1326 1458 1390 Lot
1479 1326 1623 1392 iustitiae
1646 1334 1680 1388 et
1701 1325 1874 1407 aequitatis
1895 1325 2023 1390 laudem
2047 1325 2119 1391 Deo
2140 1328 2278 1406 tribuat,
2307 1329 2358 1394 sed

1390 1421 1428 1476 ut
1448 1419 1536 1476 metu
1558 1411 1728 1494 perculsus
1761 1410 1802 1476 ad
1831 1410 2060 1494 migrationem
2089 1414 2193 1497 magis
2221 1415 2356 1480 festinet.

1389 1496 1474 1562 Nam
1492 1496 1589 1583 (quae
1605 1497 1714 1562 caruis
1732 1505 1861 1561 nostrae
1878 1495 2010 1580 ignavia
2028 1497 2090 1584 ιιι)
2108 1499 2194 1564 lenta
2204 1510 2238 1565 ιι
2249 1500 2358 1584 frigide

1389 1583 1430 1646 ad
1448 1581 1671 1667 effugiendum
1691 1582 1756 1646 Dei
1773 1581 1928 1646 iudicium
1951 1583 2168 1668 accingimur,
2194 1586 2258 1650 uisi
2280 1588 2357 1650 serio

1390 1667 1743 1734 eiusterroreiuoitati:
1763 1667 1811 1732 ita
1823 1667 1917 1732 Noab
1929 1667 2042 1732 diluvii
2055 1681 2145 1734 metu
2157 1671 2300 1747 territus,
2322 1671 2358 1737 ad

1391 1752 1610 1818 fabricandam
1630 1773 1740 1818 arcam
1757 1752 1901 1818 studium
1920 1774 2015 1819 suum
2034 1755 2197 1839 applicuit.
2234 1757 2358 1822 Interea

1391 1839 1498 1922 angeli
1519 1840 1556 1903 in
1578 1859 1669 1922 spem
1691 1837 1823 1921 erigunt
1845 1839 1951 1904 sancti
1972 1840 2034 1904 viri
2056 1841 2212 1920 animum,
2236 1862 2277 1906 ne
2299 1852 2358 1906 tre·

1391 1924 1496 2008 pidet,
1519 1924 1571 1989 vel
1594 1923 1769 1988 formidine
1790 1935 1982 2007 occupatus,
2006 1938 2038 1989 et
2059 1927 2158 1991 saluti
2179 1948 2258 1992 suae
2279 1927 2357 1992 diiii·

1392 2011 1481 2090 dens,
1503 2009 1626 2075 tardior
1644 2010 1686 2075 sit
1707 2008 1748 2075 ad
1770 2011 1903 2075 exitum.
1939 2010 2053 2094 Neque
2071 2014 2157 2076 euim
2176 2033 2252 2078 aum
2268 2014 2358 2078 modo
2450 2087 2453 2093 .

1392 2096 1522 2162 salvum
1553 2096 1621 2160 lore
1653 2095 1866 2178 promittuut,
1900 2095 1956 2161 sed
1986 2097 2071 2162 ultro
2102 2098 2149 2162 illi
2182 2098 2359 2164 condonant

1392 2201 1526 2247 suorum
1555 2183 1667 2246 vitam.
1714 2180 1940 2246 Dubitandum
1968 2203 2046 2248 voro
2073 2183 2122 2247 illi
2145 2183 2185 2248 de
2207 2205 2266 2249 sua
2294 2185 2358 2249 vita

1391 2288 1456 2332 non
1479 2267 1542 2332 init
1563 2287 1674 2350 quum,
1697 2266 1803 2331 instar
1824 2267 1976 2345 auctarii,
2008 2269 2089 2334 alios
2116 2289 2242 2352 quoque
2263 2271 2358 2355 gratis

1392 2353 1453 2420 sibi
1482 2351 1614 2419 concedi
1649 2351 1782 2416 videret.
1835 2351 2016 2432 Quaeritur
2049 2363 2158 2420 tamen
2186 2377 2245 2421 cur
2272 2377 2357 2421 suam

1392 2439 1532 2523 gratiam
1554 2436 1671 2502 ollerre
1692 2438 1784 2504 Deus
1807 2437 1948 2504 voluerit
1969 2440 2105 2524 ingratis
2128 2440 2359 2518 homiuibus,a

1392 2525 1510 2608 quibus
1533 2522 1740 2606 repudiatum
1760 2523 1801 2587 iri
1823 2533 1968 2590 noverat.
2005 2525 2129 2590 Eadem
2148 2526 2187 2590 de
2206 2527 2361 2611 evangelii

1392 2609 1633 2694 praedicatione
1661 2608 1789 2674 moveri
1817 2616 1924 2691 potest
1956 2611 2119 2694 quaestio:
2148 2612 2360 2694 nequeenim

1391 2695 1522 2780 ignorat
1551 2695 1640 2760 Deus
1669 2713 1788 2777 paucos
1816 2695 1886 2761 foro
1916 2696 2030 2761 salutis
2057 2708 2239 2780 compotes,
2271 2717 2359 2780 quam

1392 2783 1575 2864 promiscue
1607 2780 1759 2846 omuibus
1799 2781 1910 2846 offerri
1950 2782 2056 2848 iubet:
2097 2781 2151 2847 sed
2186 2784 2233 2848 ita
2264 2785 2359 2867 magis

1392 2865 1634 2933 inexcusabiles
1674 2863 1858 2931 redduntur
1898 2866 2074 2945 increduli,
2114 2889 2215 2951 quum
2254 2869 2359 2934 salutis

1393 2953 1550 3017 nuncium
1579 2958 1746 3034 respuunt.
1790 2951 1869 3016 ldco
1896 2965 2006 3018 autem
2035 2955 2209 3039 praecipue
2237 2955 2359 3019 iubetur

1393 3039 1458 3104 Lot
1493 3057 1585 3121 spem
1619 3035 1819 3103 liberationis
1851 3038 1920 3103 suis
1959 3037 2100 3118 deferre,
2144 3060 2209 3124 quo
2247 3040 2360 3104 maiore

1393 3123 1513 3190 fiducia
1535 3124 1597 3188 Dei
1627 3123 1765 3206 gratiam
1798 3122 1982 3207 amplexus,
2019 3135 2151 3190 strenue
2180 3127 2301 3208 citoque
2327 3145 2360 3190 se

1393 3209 1435 3274 ad
1458 3209 1636 3274 discessum
1659 3209 1822 3291 accinget,
1846 3209 1886 3274 de
1908 3209 2014 3274 salute
2036 3231 2096 3275 sua
2117 3233 2183 3276 uon
2207 3210 2357 3277 dubitans.

1395 3295 1611 3360 Probabiliter
1633 3303 1741 3358 autem
1762 3293 1926 3379 colligitur
1944 3316 1985 3360 ex
2008 3296 2070 3361 boc
2092 3296 2172 3373 loco,
2197 3297 2300 3362 nullos
2315 3295 2358 3360 illi

1394 3381 1430 3445 iu
1453 3381 1532 3446 urbe
1554 3379 1653 3444 fuisse
1676 3387 1753 3443 tuuc
1778 3380 1876 3445 filios:
1907 3401 1982 3444 uam
2014 3382 2145 3446 hortatu
2178 3383 2358 3466 angelorum

1395 3467 1510 3532 saltem
1534 3476 1668 3532 conatus
1690 3473 1777 3530 esest
1800 3486 1855 3530 ιιι
1884 3468 2066 3532 extrahere.
2111 3468 2211 3534 Prius
2230 3469 2358 3552 legimus

1396 3552 1537 3634 amplam
1556 3550 1603 3614 illi
1628 3550 1726 3614 fuisso
1746 3561 1777 3614 et
1797 3573 2002 3616 numerosam
2026 3575 2196 3620 servorum
2218 3573 2357 3619 manum:

1395 3637 1451 3703 eod
1481 3637 1534 3701 bio
1563 3637 1716 3718 quoniam
1751 3636 1868 3701 libera·
1885 3647 2015 3702 tantum
2047 3639 2155 3722 capita
2188 3650 2357 3710 censentur,

1395 3723 1486 3788 nulla
1507 3723 1546 3786 fit
1568 3743 1679 3786 eorum
1703 3723 1839 3787 mentio:
1861 3723 2027 3805 probabile
2050 3734 2160 3789 tamen
2180 3737 2229 3790 est
2245 3725 2356 3807 aliquos

1394 3809 1495 3874 fuisso
1515 3828 1591 3872 oum
1614 3827 1652 3871 eo
1674 3827 1837 3890 egressos,
1860 3809 1915 3890 qui
1942 3829 2105 3874 annonam
2125 3821 2159 3875 et
2179 3811 2294 3894 aliquid
2309 3831 2357 3874 su·

1396 3894 1567 3978 pellectilis
1589 3892 1770 3958 attulerint.
1815 3893 1911 3959 Unde
1934 3896 2021 3959 euim
2048 3896 2180 3963 filiabus
2199 3899 2305 3962 viuum
2324 3896 2357 3958 ιι

1396 3993 1507 4045 moute
1526 3979 1662 4056 deserto,
1683 3977 1767 4062 quod
1786 3980 1872 4063 patri
1889 3999 1949 4044 suo
1966 3983 2179 4066 porrigerent,
2200 3984 2259 4048 uisi
2270 4001 2357 4065 qaae

1396 4067 1471 4130 dam
1493 4065 1601 4140 asinis,
1625 4063 1675 4128 vel
1695 4066 1835 4144 camelis,
1855 4066 1905 4130 vel
1924 4065 2080 4148 plaustris
2098 4067 2234 4135 advecta
2249 4079 2357 4142 esseut,

1396 4152 1437 4218 de
1457 4151 1575 4234 quibus
1593 4150 1704 4215 Moses
1727 4151 1808 4214 nihil
1831 4151 2001 4216 meminit?
2024 4151 2111 4217 Fieri
2135 4165 2244 4218 tamen
2261 4163 2358 4238 petest

1397 4247 1435 4302 ut
1451 4239 1487 4302 iu
1509 4255 1629 4318 magna
1650 4236 1746 4301 turba
1768 4236 1862 4301 multi
1885 4256 1959 4302 cum
1979 4236 2157 4306 Sodomitis
2179 4241 2279 4324 perire
2294 4257 2356 4302 ma-

1398 4323 1536 4398 luerint,
1565 4339 1663 4404 quam
1687 4320 1726 4386 ad
1750 4320 1966 4405 quaerendam
1995 4324 2135 4390 salutem
2159 4326 2282 4391 domiuo
2301 4341 2355 4388 suo

1398 4407 1477 4474 ιοιιι
1499 4427 1570 4473 esse
1591 4415 1626 4471 et
1652 4407 1795 4473 comites.
1842 4406 1908 4473 Sed
1932 4409 2011 4475 haec
2039 4431 2123 4492 quae
2151 4413 2279 4495 spiritus
2299 4409 2356 4474 Dei

1399 4515 1463 4559 nou
1486 4493 1646 4575 patefecit,
1665 4495 1699 4556 in
1721 4493 1826 4558 medio
1849 4493 2033 4578 relinquere
2053 4507 2207 4579 praestat.

1486 4579 1536 4644 13.
1561 4576 1656 4643 Misit
1676 4599 1732 4644 uos
1749 4577 1907 4645 Dominae
1927 4586 1962 4645 at
1978 4581 2160 4662 perdamus.
2198 4586 2293 4650 Docet
2307 4580 2357 4643 ιιι

1400 4664 1513 4744 locus,
1533 4665 1666 4747 angelos
1690 4676 1755 4728 tam
1778 4666 1845 4728 irae
1867 4666 1931 4730 Dei
1953 4687 2048 4748 quam
2073 4671 2199 4752 gratiae
2221 4691 2284 4735 asse
2300 4665 2358 4729 mi-

1400 4753 1528 4816 nistros.
1574 4750 1641 4815 Nec
1670 4751 1777 4815 obstat
1802 4751 1887 4832 quod
1908 4750 1986 4815 alibi
2017 4756 2147 4835 proprie
2170 4755 2283 4821 sanctis
2301 4771 2356 4814 an·

372 4835 442 4899 lum
464 4836 565 4900 illum.
610 4835 722 4900 Primo
744 4843 853 4901 autom
875 4835 988 4902 dieunt
1009 4858 1044 4902 ιι
1067 4838 1194 4902 ιιιιιιι
1217 4837 1257 4902 ad
1276 4859 1348 4921 per·
1400 4837 1482 4922 gabe
1514 4834 1671 4900 tribuitur
1708 4835 1769 4901 hoc
1808 4837 1984 4918 posteriue:
2024 4841 2119 4903 sicuti
2160 4863 2256 4924 quum
2286 4837 2357 4901 dicit

375 4920 514 4986 deudam
547 4922 678 4986 urbem:
717 4923 794 5004 quio
825 4923 1052 5003 multiplicatus
1087 4924 1185 5005 facerit
1223 4923 1346 4990 ιιιιιιι.
1401 4921 1564 5004 apostolus
1581 4919 1747 4987 ordinatos
1765 4924 1880 4987 eeseiu
1900 4944 2013 4988 eorum
2032 4923 2171 4991 salutem
2189 4947 2265 5011 quoe
2275 4925 2357 4990 Deus

375 5004 505 5088 Quibus
533 5007 641 5073 verbis
670 5007 696 5072 si
745 5007 858 5074 ificaut
882 5029 949 5073 uon
974 5028 1040 5073 uno
1069 5018 1197 5072 ιιιιιιιι
1227 5009 1349 5074 scelere
1401 5010 1437 5072 iu
1476 5007 1559 5072 filios
1599 5005 1767 5090 adoptavit
1806 5005 1903 5094 (Hsb.
1939 5009 1973 5084 1,
2009 5008 2072 5096 14).
2129 5011 2176 5077 Et
2212 5013 2357 5094 scriptura

375 5103 586 5176 provocatum
609 5115 678 5156 osee
736 5112 828 5158 eum:
859 5093 916 5158 sed
937 5103 1109 5178 postquam
1129 5095 1184 5159 diu
1206 5095 1272 5159 illie
1293 5115 1348 5178 pc·
1401 5093 1521 5176 passim
1562 5099 1701 5158 testatur
1739 5092 1889 5159 mandari
1921 5094 1987 5158 illis
2027 5097 2154 5177 piorum
2194 5093 2356 5165 custodiam

376 5179 533 5260 paruerit,
563 5199 649 5243 nunc
678 5176 810 5242 taudem
833 5179 994 5243 immensa
1018 5179 1176 5244 scelerum
1200 5183 1350 5264 congerie
1400 5177 1500 5266 (Psal.
1521 5177 1580 5254 91,
1612 5176 1682 5263 11),
1711 5186 1826 5244 contra
1854 5199 1931 5245 vero
1962 5184 2157 5262 pronunciat
2178 5185 2276 5249 Deum
2299 5197 2359 5242 sua

375 5261 1351 5432 tittutilit.ttttttltlltttltttittit
1401 5264 1603 5416 llliltl'i‘
1618 5261 2359 5437 tttlttlttttttttilittlltl
