5000 6208
165 463 226 527 169
718 553 723 564 .
825 457 1196 528 COMMENTARIUS
1220 457 1269 522 IN
1292 456 1504 524 GENESIN.
2098 457 2161 521 170

162 667 275 712 666166
296 667 394 730 quam
416 645 575 713 foecunda
592 648 636 714 611
653 648 816 732 corruptio
839 655 974 714 naturae
996 655 1135 721 nostrae.
1188 655 1264 730 post
1293 654 1432 712 mortem
1462 645 1777 714 116166611161161.
1821 645 1917 712 Nunc
1945 645 2161 730 6116666166

163 733 258 814 Quod
281 734 309 798 si
331 733 425 798 Noah
447 741 480 798 61
504 731 596 813 Sem,
622 733 741 816 aliique
762 734 848 799 tanti
869 733 1025 813 doctores,
1047 734 1137 819 plns·
1188 733 1425 815 septuagesimo
1448 735 1550 815 patris
1571 734 1773 799 6666161666
1795 739 1920 812 natum,
1942 731 2038 796 simul
2056 731 2160 796 laten·

161 839 259 901 quam
287 818 432 884 animose
459 819 626 898 certando,
661 821 814 904 consequi
844 828 953 885 tamen
983 841 1050 885 666
1078 839 1136 903 po·
1189 817 1268 882 dum
1286 819 1348 882 erit
1366 840 1407 884 ex
1425 819 1494 884 eius
1512 827 1617 883 aetate
1634 818 1728 884 nobis
1745 818 1916 898 sexaginta
1933 837 2036 882 annos
2056 816 2159 880 inter·

160 905 287 968 tuerint
309 905 387 988 quin
411 905 614 987 praevaleret
635 904 751 970 mundi
779 907 946 989 impietas:
975 927 1017 972 ne
1039 906 1136 970 mire·
1188 902 1310 968 cidere:
1334 903 1419 986 qnod
1442 903 1709 970 absurdissimum
1732 913 1790 969 661.
1826 904 1968 969 Letheri
1991 903 2159 981 divinatio,

160 1011 235 1054 mur
252 991 280 1055 61
297 989 394 1055 hodie
416 1010 542 1072 quoque
563 999 677 1056 contre
698 992 810 1055 emnia
831 991 1006 1070 doctrinae,
1028 990 1138 1056 admo·
1188 988 1272 1070 quod
1305 989 1396 1055 Deus
1434 989 1598 1055 oblivione
1633 989 1798 1072 sepelierit
1829 1000 1959 1073 tempus
1993 987 2090 1068 illud,
2122 995 2162 1052 61

160 1075 325 1141 nitioeum
355 1085 388 1140 61
416 1077 578 1141 minarum
603 1075 768 1142 obstacula
793 1097 828 1142 se
849 1077 999 1160 proiiciat
1020 1077 1136 1142 mundi
1188 1076 1287 1138 linem
1304 1073 1419 1140 mundi
1441 1074 1535 1140 nobis
1553 1074 1773 1153 absconderet,
1794 1077 1938 1160 primum
1955 1079 2074 1145 1116616
2092 1090 2158 1146 est:

159 1162 261 1226 libido
279 1160 321 1226 ad
338 1160 457 1244 impios
475 1169 508 1226 61
524 1182 695 1244 perversos
712 1163 829 1230 cultus.
869 1163 1001 1228 Interea
1017 1170 1133 1226 66166-
1188 1159 1304 1225 deinde
1337 1160 1448 1226 solidis
1477 1167 1510 1225 61
1542 1160 1640 1226 claris
1673 1163 1874 1245 argumentis
1906 1163 2012 1230 1616111
2040 1174 2158 1248 potest.

160 1248 238 1312 dum
260 1253 313 1312 est
333 1267 430 1329 quam
461 1250 593 1312 firmum
615 1249 650 1312 in
677 1248 799 1314 sanetis
827 1246 1014 1314 hominibus
1036 1249 1134 1313 feerit
1188 1246 1254 1309 Alii
1281 1244 1323 1310 ad
1354 1247 1497 1329 priorem
1530 1267 1697 1332 egressum
1731 1247 1892 1312 violenter
1924 1260 2092 1334 torquent:
2121 1272 2159 1316 aa

159 1333 234 1398 fidei
257 1333 375 1410 robur,
403 1353 500 1415 quam
523 1331 735 1418 infatigabilis
757 1334 931 1417 patientia,
964 1355 1061 1417 quam
1083 1335 1133 1399 in·
1187 1338 1306 1413 putant
1335 1351 1409 1397 eum
1433 1331 1569 1398 Obarria
1598 1353 1665 1396 una
1687 1354 1761 1397 cum
1790 1341 1882 1417 patre
1912 1335 2094 1402 substitisse
2117 1338 2158 1403 ad

159 1421 299 1485 11661616
320 1419 451 1502 pietatis
472 1418 635 1496 studium,
658 1419 714 1503 qui
734 1426 785 1484 tot
807 1418 978 1503 scandalis,
1000 1417 1134 1502 quibus·
1187 1436 1290 1482 66666
1318 1418 1505 1500 sexaginte:
1541 1416 1626 1500 qued
1653 1419 1789 1483 minime
1817 1429 2069 1488 consentaneum
2098 1433 2157 1489 est.

158 1526 232 1570 cum
266 1504 395 1570 assidue
429 1504 618 1570 luctandum
646 1512 733 1584 erat,
762 1525 928 1589 nunquam
956 1512 1133 1571 cessarunt.
1187 1502 1350 1583 Quorsum
1373 1504 1460 1568 enim
1483 1510 1614 1568 tantum
1635 1524 1745 1569 meree
1766 1505 1801 1569 in
1824 1506 1930 1572 medio
1951 1508 2069 1574 itinere
2090 1517 2158 1574 tra·

159 1589 249 1658 Scite
267 1589 528 1674 ergoLutherus
546 1589 761 1670 incredibiles,
779 1591 895 1672 quibus
914 1611 969 1656 eos
986 1592 1133 1673 torqueri
1186 1588 1337 1653 xisaent?
1368 1587 1434 1654 Sed
1462 1589 1516 1654 hio
1543 1589 1704 1655 laboriosa
1730 1590 1950 1675 disputatione
1970 1594 2051 1659 nihil
2075 1617 2157 1679 opus

158 1697 289 1743 necesse
311 1676 388 1754 fuit,
418 1677 597 1754 eruciatus,
625 1675 737 1742 multis
766 1675 934 1760 martyriis
957 1685 1131 1759 comparat.
1185 1682 1243 1738 661.
1296 1673 1404 1754 Quoto
1437 1677 1553 1740 aetatis
1586 1695 1665 1740 6666
1697 1697 1783 1741 6666
1815 1680 1952 1760 petriam
1988 1682 2157 1764 reliquerit

156 1762 221 1826 Illa
249 1761 339 1827 enim
367 1769 522 1844 nepotum
551 1761 703 1827 alienatio
725 1783 744 1826 a
765 1759 837 1826 Deo
866 1782 931 1826 666
961 1763 1057 1826 611161
1077 1783 1133 1828 666
1188 1761 1308 1824 Abram
1348 1760 1457 1825 Moses
1502 1769 1602 1826 tecet:
1644 1765 1999 1847 septuagesimoquinto
2040 1771 2157 1834 aetatis

157 1849 266 1913 6116611
293 1849 440 1929 quamsi
467 1867 527 1912 sua
555 1848 680 1912 viscera
707 1868 773 1912 nen
800 1846 897 1914 modo
926 1847 1066 1930 discerpi
1095 1869 1132 1913 ac
1185 1865 1270 1909 anno
1293 1844 1371 1910 dicit
1392 1845 1427 1908 in
1447 1855 1571 1911 terram
1593 1844 1751 1912 (lhanaan
1774 1850 1918 1930 venisse,
1940 1872 2042 1933 quum
2064 1863 2157 1936 66161

155 1933 283 2010 1661611,
306 1931 363 1997 sed
385 1933 419 1996 in
441 1931 586 1998 Satanae
607 1933 731 1999 cloacas
753 1941 786 1997 et
807 1934 895 2018 ipsos
916 1933 1038 1998 1616166
1059 1954 1132 2017 pro-
1185 1927 1406 1996 ducentcsimo
1429 1939 1462 1995 61
1489 1932 1604 2014 661616
1633 1934 1721 1996 61166
1743 1955 1819 1999 suae
1848 1955 1933 2000 anno
1959 1950 2045 2003 esset
2069 1961 2156 2005 mor·

155 2019 208 2083 iioi
240 2018 406 2084 vidissent.
458 2017 569 2098 Quum
602 2026 711 2084 autem
744 2019 959 2086 1666166116
991 2019 1131 2084 refertus
1184 2025 1270 2080 tuus.
1315 2015 1399 2096 Quis
1428 2017 1764 2102 666161666111661,
1793 2030 1907 2085 661616
1929 2021 2031 2089 161666
2052 2045 2155 2108 66661

155 2115 241 2170 asset
263 2104 387 2187 impiis,
418 2124 536 2186 paucos
557 2103 651 2170 Deus
679 2103 872 2169 mirabiliter
888 2105 1050 2171 continuit
1071 2104 1131 2170 sub
1184 2110 1275 2183 pater
1314 2103 1527 2167 centesimum
1568 2123 1690 2168 annum
1729 2105 1914 2190 attigisset?
1953 2111 1999 2173 At
2029 2112 2156 2194 primus

155 2190 248 2256 verbi
266 2191 316 2254 sui
335 2189 495 2272 obsequio,
513 2197 550 2253 ut
572 2190 740 2255 ecelesiam
759 2191 799 2256 ab
817 2191 952 2255 interitu
974 2198 1129 2256 servaret.
1183 2186 1272 2252 inter
1293 2197 1360 2252 tres
1389 2189 1580 2253 nominetur
1608 2210 1688 2273 quos
1715 2188 1833 2256 dicitur
1860 2194 2013 2275 genuisse
2036 2195 2154 2278 111616,

156 2276 354 2358 Quanquam
384 2283 494 2340 autem
525 2275 667 2340 diximus
695 2283 822 2358 patrem
844 2288 877 2341 et
900 2297 998 2342 66616
1021 2276 1130 2342 Abrae
1183 2294 1284 2355 quum
1305 2274 1375 2355 ipse
1397 2274 1607 2357 septuaginta
1628 2285 1714 2340 esset
1736 2297 1907 2342 66661616.
1943 2280 2077 2347 Fateor:
2096 2284 2154 2348 sed

155 2361 256 2426 161666
274 2368 448 2445 apostatae,
472 2368 505 2426 61
522 2360 676 2426 credibile
693 2369 743 2426 661
760 2383 826 2426 666
844 2359 886 2426 ab
903 2362 968 2427 illis
986 2362 1129 2445 primum
1183 2358 1257 2423 talis
1286 2359 1434 2424 recitatio
1461 2358 1548 2423 nihil
1569 2359 1611 2425 ad
1639 2361 1761 2446 gradus
1791 2363 1944 2428 nascendi
1971 2367 2155 2449 probandos

155 2448 300 2530 coepisse
334 2445 559 2511 deiectionem:
600 2447 677 2529 qnia
708 2456 821 2512 tamen
852 2447 886 2511 in
920 2448 977 2511 illo
1008 2467 1130 2532 genere
1182 2443 1260 2509 feeit
1287 2443 1559 2527 quemadmodum
1588 2443 1711 2512 dietum
1739 2455 1797 2512 est
1843 2449 1911 2515 Nec
1938 2471 2017 2517 6616
2046 2455 2155 2521 Moses

153 2541 288 2617 prepter
309 2531 374 2596 Dei
395 2531 585 2597 electionem
606 2532 733 2598 inclusa
755 2540 825 2597 6161
846 2533 998 2600 eeclesia:
1019 2539 1053 2597 et
1070 2533 1130 2596 ali·
1182 2541 1280 2612 quoto
1298 2530 1385 2595 61166
1403 2551 1490 2595 6666
1508 2531 1591 2596 filies
1608 2534 1758 2614 genuerit
1769 2533 1887 2615 111616,
1906 2537 2079 2618 exprimit:
2097 2542 2154 2606 sed

154 2639 235 2701 6666
256 2617 350 2683 Deus
379 2619 570 2700 superstites
599 2638 703 2700 usque
729 2619 769 2682 ad
797 2621 1000 2685 vocationem
1022 2619 1129 2684 Abra·
1182 2623 1311 2680 tantum
1347 2635 1518 2698 superasse
1551 2627 1689 2682 aetatem
1722 2617 1828 2698 illam,
1866 2623 2055 2706 priusquam
2089 2634 2155 2693 tres

154 2704 219 2769 hae
249 2703 378 2778 habuit,
413 2704 469 2785 qui
497 2703 605 2787 ipsum
634 2725 715 2786 pere
751 2703 909 2770 colerent:
942 2705 1129 2769 continuam
1181 2702 1330 2784 gigneret
1351 2701 1435 2766 filice
1459 2702 1498 2766 16
1520 2702 1638 2785 quibus
1661 2705 1777 2784 agitur.
1814 2706 1925 2787 Quare
1942 2715 2032 2776 aetas
2050 2711 2155 2777 Abra-

154 2789 276 2854 lineam
299 2788 429 2854 deducit
450 2790 567 2869 Moses,
590 2797 687 2872 atque
709 2789 813 2854 11616
835 2797 1022 2856 6666161616
1044 2796 1130 2856 cata·
1181 2787 1243 2850 hae
1264 2809 1307 2852 61
1329 2787 1434 2852 altera
1455 2790 1698 2870 comparatione
1720 2790 1882 2857 noscenda
1906 2802 1969 2859 est:
1994 2795 2070 2861 dum
2093 2800 2155 2864 sei·

156 2875 230 2960 logo
259 2875 333 2940 illos
363 2883 518 2940 recenset.
569 2873 666 2941 Unde
695 2875 877 2960 colligimus
907 2875 1129 2962 (6666161166-
1180 2872 1256 2937 licet
1277 2873 1306 2937 ei
1328 2875 1535 2957 septuaginta
1564 2875 1708 2958 quinque
1735 2897 1838 2942 66666
1860 2879 2024 2961 attribuit,
2053 2904 2155 2965 quum

156 2961 234 3025 dum
268 2960 366 3045 paulo
397 2968 473 3024 ante
506 2960 630 3045 monui)
660 2969 780 3044 quanto
806 2962 841 3026 in
874 2962 978 3045 616116
1009 2960 1129 3026 habeat
1181 2966 1332 3024 mortuus
1354 2965 1405 3024 661
1426 2967 1526 3041 66161,
1549 2962 1640 3026 66166
1662 2961 1732 3027 6116
1753 2983 1855 3046 66666
1876 2964 1917 3028 61
1944 2963 2100 3034 16666166
2123 2977 2156 3034 61

153 3047 246 3112 Deua
266 3045 444 3125 ecclesiam,
466 3067 548 3128 quae
566 3066 702 3110 numero
720 3046 889 3112 hominnm
911 3057 978 3114 1616
1000 3049 1128 3130 exigua,
1181 3045 1323 3126 quinque
1351 3065 1456 3110 66666
1484 3047 1642 3128 66166611.
1686 3047 1837 3113 Firmum
1866 3072 1993 3135 quoque
2016 3061 2049 3118 61
2071 3056 2154 3120 vali-

155 3141 271 3198 666616
294 3141 407 3196 161666
429 3132 552 3197 166616
576 3133 769 3214 praefertur.
1181 3129 1260 3193 dum
1281 3138 1512 3214 argumentum
1537 3153 1577 3197 ex
1599 3141 1705 3198 661616
1723 3132 1816 3200 Sarai
1840 3134 1978 3202 1661161.
2014 3140 2155 3206 Constat

243 3217 316 3282 Sem
335 3217 423 3298 filiae
440 3223 558 3282 6661661
585 3239 748 3284 ceramum.
794 3217 906 3299 Quum
929 3220 1038 3285 Moses
1060 3226 1129 3283 ter·
1181 3215 1312 3279 nonnisi
1330 3216 1485 3280 decennio
1503 3218 1660 3282 minorem
1684 3219 1785 3284 fuisse
1802 3230 1883 3287 6616
1901 3244 2000 3306 66661
2018 3225 2153 3292 Abram.

156 3305 236 3368 tium
270 3303 382 3368 ordine
417 3304 562 3385 posuerit
594 3304 774 3386 Arpbaxad
803 3306 890 3368 16161
922 3304 1006 3369 filies
1039 3301 1127 3384 Sem,
1182 3298 1696 3382 811161116166161166666111116,
1715 3314 1842 3387 patrem
1862 3328 1959 3373 suum
1972 3313 2154 3378 necessario

155 3389 322 3471 quaeritur
361 3389 523 3470 66616616
562 3411 649 3454 6666
690 3399 805 3455 natum
843 3411 914 3454 esse
956 3391 1129 3456 conveniat
1181 3387 1276 3451 annis
1298 3395 1460 3469 aequaret.
1505 3387 1570 3468 Qui
1599 3389 1652 3454 vel
1675 3391 1860 3475 privignam
1889 3395 1988 3460 161666
2010 3397 2153 3475 Naehor,

155 3475 286 3539 biennio
306 3486 381 3557 6661
409 3474 579 3540 diluvium.
624 3475 807 3558 Responsio
835 3475 938 3542 facilis
960 3483 1025 3542 est:
1074 3477 1129 3540 Ex
1179 3473 1232 3537 rel
1253 3472 1424 3554 adoptione
1442 3480 1572 3538 tentum
1592 3475 1690 3540 liliam
1710 3479 1884 3562 excipiunt,
1908 3479 1991 3546 nihil
2008 3483 2154 3549 afferunt

155 3560 309 3642 catalogis
331 3580 411 3642 quos
432 3561 549 3624 recitat
566 3561 677 3626 Moses
694 3582 760 3625 non
778 3582 871 3644 posse
894 3573 1007 3626 616616
1029 3563 1128 3626 616161
1179 3567 1312 3641 6166161
1334 3579 1460 3622 merem
1484 3559 1647 3626 cavillum.

154 3667 215 3728 666
238 3645 373 3728 6616666
395 3655 540 3728 16616616
563 3655 658 3711 66166
681 3647 731 3722 611,
755 3669 854 3730 66661
874 3646 1038 3712 interdum
1061 3649 1127 3729 pri-
1266 3644 1316 3708 28.
1340 3643 1487 3710 Marsas
1508 3645 1687 3712 estHaraa.
1717 3648 1848 3714 Dicitur
1865 3650 1979 3716 Harae
2005 3663 2152 3721 mortuus

153 3732 822 3816 6166116666166166616661,66116666
841 3733 1128 3799 66666611611166
1180 3749 1289 3794 cerem
1312 3730 1392 3794 faeie
1420 3731 1535 3812 patrie:
1565 3733 1641 3814 quia
1669 3755 1743 3797 eum
1772 3735 1903 3818 reliquit
1931 3740 2151 3820 superstitem.
2188 3791 2201 3816 ,

154 3826 202 3882 est
230 3818 397 3900 posterior.
449 3818 518 3881 Alii
546 3819 743 3900 respondent
772 3818 854 3883 nihil
882 3839 952 3883 esse
980 3821 1126 3884 absurdi:
1181 3815 1311 3880 Dicitur
1329 3823 1438 3880 autem
1457 3823 1608 3882 mortuns
1625 3819 1660 3882 in
1679 3821 1794 3901 patria,
1817 3843 1934 3906 nempe
1957 3825 2015 3890 Ur.
2038 3826 2153 3892 Iudaei

154 3904 181 3967 si
213 3903 334 3967 1616161
366 3903 475 3968 Moses
508 3903 632 3969 duobus
665 3905 760 3970 66616
793 3903 962 3986 6616616116
994 3905 1126 3970 tertium
1180 3922 1223 3965 ex
1255 3901 1386 3984 proprio
1421 3901 1481 3967 loci
1514 3903 1645 3968 nomine
1677 3906 1909 3987 appellativum
1941 3909 2081 3990 1661661,
2115 3934 2153 3979 66

153 3989 259 4054 filium
281 3989 428 4074 genitum
449 4009 528 4054 esse.
566 3988 633 4055 Sed
650 3989 767 4055 solutio
789 4011 885 4072 quam
908 3990 1000 4074 posui
1021 3991 1128 4074 magis
1181 3985 1294 4052 dicunt
1315 3993 1481 4052 mortuum
1504 4009 1575 4053 asse
1596 3989 1629 4054 in
1648 3990 1734 4073 igne.
1771 3992 1856 4057 Nam
1875 4004 1912 4058 ut
1933 3996 1968 4058 in
1990 3998 2152 4082 fingendis

153 4075 297 4159 genuina
319 4082 377 4139 est.
1179 4070 1298 4137 fabulis
1328 4080 1407 4136 6661
1436 4070 1588 4152 audaces,
1616 4087 1783 4158 nugantur
1810 4079 1917 4160 ipsum
1947 4101 2019 4147 cnm
2051 4083 2152 4150 116116

239 4161 290 4225 27.
317 4160 421 4225 111616
446 4159 707 4244 6666616116.
753 4160 818 4240 Hic
848 4182 973 4245 quoque
1002 4161 1127 4226 Abram
1180 4159 1313 4238 Abram,
1336 4158 1411 4240 quia
1433 4158 1650 4224 idololatriam
1673 4161 1809 4244 fugerat,
1831 4166 1865 4228 in
1884 4165 1994 4250 iguem
2013 4167 2151 4234 601161-

153 4246 280 4332 primus
297 4245 424 4311 locatur
440 4249 527 4310 inter
548 4247 680 4310 fratres:
702 4269 765 4311 nen
789 4248 866 4329 quia
887 4249 986 4311 166111
1006 4248 1127 4331 611166-
1180 4243 1269 4308 16616
1290 4254 1400 4326 166166
1422 4264 1508 4308 esse:
1532 4244 1656 4310 Abram
1680 4268 1756 4312 vero
1784 4250 1931 4332 elapsum
1954 4252 2054 4318 feisse
2076 4255 2151 4319 fidei

154 4333 301 4418 genitus,
330 4341 491 4416 quantum
521 4352 582 4416 ego
609 4331 732 4400 iudico:
760 4331 817 4397 sed
846 4333 924 4417 quia
945 4334 1056 4399 Moses
1076 4334 1127 4398 in·
1179 4331 1371 4394 constantia.
1423 4331 1524 4412 Atqui
1552 4332 1896 4416 vicesimumquartum
1927 4351 2026 4420 eaput
2054 4339 2151 4406 Iosue

155 4426 271 4484 166166
296 4417 338 4483 61
370 4418 527 4482 historiae
559 4438 637 4482 snae
670 4438 819 4500 scopum,
853 4441 918 4482 666
951 4418 1128 4484 admodum
1180 4414 1265 4498 quod
1295 4435 1395 4498 supra
1423 4416 1537 4495 611661,
1565 4417 1672 4500 661616
1702 4419 1858 4501 16616161,
1888 4432 1986 4488 161616
2018 4425 2150 4490 domum

153 4505 312 4571 sollicitus
341 4505 403 4568 1611
432 4505 465 4567 16
494 4501 681 4568 ordinandis
712 4504 820 4569 'Phara
847 4503 933 4569 filiis.
978 4511 1028 4570 Ac
1057 4505 1127 4570 lieri
1179 4521 1245 4565 nen
1278 4502 1388 4564 miuus
1421 4503 1705 4583 superstitionibus
1737 4505 1839 4570 fuisse
1866 4507 2018 4574 iniectam
2053 4531 2151 4593 quem

106 4617 109 4628 ¹
154 4597 262 4676 potest
292 4597 327 4655 ut
363 4590 443 4654 alios
472 4590 568 4654 etiam
603 4589 688 4654 lilios
716 4590 876 4674 genuerit.
927 4590 1013 4655 Nam
1041 4590 1128 4672 quod
1179 4586 1362 4668 essetipsa
1390 4589 1489 4670 16616.
1533 4587 1655 4653 161661
1686 4590 1816 4674 6611616
1844 4592 1884 4656 ab
1914 4595 1989 4678 1666
2017 4593 2150 4660 1661661

153 4677 363 4760 peculiariter
402 4675 441 4739 de
481 4675 584 4740 tribus
622 4676 773 4740 meminit
805 4676 928 4754 Moses,
969 4677 1053 4739 ratio
1092 4677 1126 4741 in
1178 4692 1248 4736 esse
1271 4692 1399 4750 nomeu,
1424 4680 1462 4736 61
1484 4675 1617 4739 nomina
1639 4677 1772 4740 urbibus
1794 4678 1847 4742 vel
1870 4699 1911 4742 ex
1934 4681 2009 4756 6116,
2034 4683 2085 4746 661
2109 4703 2151 4747 ex

153 4761 827 4846 61616616661,616616111616611166166
849 4760 1126 4827 uxoreaIseaoet
1178 4768 1298 4822 666616
1331 4758 1438 4839 611666
1466 4759 1591 4841 1166661
1620 4760 1733 4825 solent.
1783 4762 1873 4827 Fieri
1901 4775 2071 4847 potestat
2099 4787 2150 4831 66-

153 4848 259 4913 Iaeob.
303 4845 400 4911 Nune
423 4868 481 4912 661
498 4845 621 4911 Abram
650 4869 717 4911 non
744 4847 845 4912 fuisse
871 4848 1125 4930 primogenitum
1178 4864 1270 4908 erum
1303 4842 1412 4926 ignem
1445 4843 1512 4909 illie
1547 4845 1700 4924 16661161,
1740 4847 1793 4911 661
1831 4851 1937 4932 166616
1976 4855 2151 4936 conspicua

152 4935 346 5010 existimem,
365 4933 508 4996 breviter
525 4931 690 4998 reddenda
708 4944 757 4998 est
773 4934 866 4998 ratio.
902 4933 1126 5015 1161666616
1177 4927 1375 4992 16611166116
1403 4929 1544 4994 claritas.
1590 4932 1657 4995 Alii
1680 4933 1726 4997 sie
1750 4931 1868 4998 dictam
1897 4936 2012 5002 urbem
2034 4939 2151 5003 661661

152 5029 225 5104 post
243 5018 329 5083 dicet
346 5018 455 5083 Moses
471 5018 507 5081 in
525 5020 631 5102 patria
652 5028 816 5084 mortuum
834 5040 913 5096 esse,
935 5019 1125 5101 priusquam
1178 5014 1320 5096 quodie
1343 5012 1428 5078 valle
1449 5016 1511 5080 sita
1539 5029 1637 5096 esset,
1665 5039 1740 5082 nam
1765 5031 1857 5087 111111
1880 5021 2023 5088 Hebraei
2046 5025 2150 5090 valles

151 5105 267 5171 relicta
299 5103 466 5169 Chaldaea
493 5111 586 5187 66161
617 5104 761 5170 Chaerea
794 5105 965 5189 migraret:
1001 5104 1125 5170 Abram
1177 5100 1357 5164 nominant.
1376 5097 1400 5185 ¹)
1451 5099 1518 5166 Sed
1548 5122 1615 5166 non
1644 5115 1692 5168 est
1724 5104 1809 5186 quod
1843 5107 1882 5172 de
1916 5128 1953 5174 66
1987 5130 2021 5174 16
2055 5110 2149 5175 66116

153 5212 229 5258 6616
263 5197 343 5254 1666
376 5189 520 5271 6616666
552 5191 647 5254 66616
684 5191 837 5255 maiorem
878 5192 1126 5274 septuagenario
1178 5239 1380 5246 fflu-ss

151 5278 268 5342 fuisse:
288 5274 367 5340 dum
386 5275 520 5341 Oharris
539 5295 689 5376 egressus
707 5283 766 5375 661,
789 5287 826 5340 61
847 5279 881 5340 16
901 5287 1021 5342 1611616
1040 5276 1124 5341 Cha·
1246 5305 1275 5374 1)
1294 5305 1438 5360 papan„
1455 5305 1579 5362 mmm
1597 5319 1697 5376 0,.ῃῶ
1722 5309 1814 5364 Vm
1830 5313 1943 5378 mmm:
1966 5311 2049 5366 Uria.
2089 5313 2149 5383 Qec

151 5384 237 5428 nean
259 5359 459 5427 accederet.
498 5365 546 5426 Ao
568 5361 688 5426 1166116
709 5361 765 5426 hle
785 5382 946 5426 annorum
969 5383 1126 5427 numerus
1178 5377 1333 5428 eetoreoir
1351 5389 1471 5429 sammua
1489 5377 1539 5432 1166
1556 5378 1729 5432 6666611111
1746 5379 1943 5447 dispiciendum
1962 5383 2148 5451 relinquimus.
