4988 6192
137 371 195 490 in
773 397 1452 490 ooumuummsurauunsiu.
2053 426 2117 494 ure

133 609 314 696 promissio,
348 607 459 675 debuit
489 605 638 676 omnibus
670 609 739 674 eins
772 609 849 675 filiis
881 607 916 674 in
950 614 1094 674 mentem
1146 608 1333 676 offenderet.
1389 611 1492 676 Porro
1531 609 1585 694 qui
1627 617 1794 694 exponunt
1829 610 1925 677 Iaoob
1964 611 2116 681 adorasse

133 696 257 773 venire,
286 696 399 779 magni
425 693 527 760 brisso
547 694 705 760 momenti
727 693 842 760 referri
864 697 934 761 eius
955 694 1094 761 nadaver
1146 702 1309 777 soeptrum
1329 695 1397 777 lilii,
1415 696 1513 762 nimis
1532 696 1649 762 insulsi
1667 706 1753 762 sunt.
1786 695 1936 762 Aliorum
1955 700 2115 782 expositio

134 779 986 951 bttttttttt·1.tt⁰tt¹'lt.⁰tttt.t⁵‘’
1007 800 1093 930 tt
1144 780 1486 934 tttttlt‘ttt
1500 779 1989 951 ttetttlttlltttt
2012 792 2116 936 ttt

132 951 300 1036 Aegyptiis
338 951 472 1016 minime
511 959 640 1035 gratum
680 951 749 1015 lore
791 951 914 1016 soiebat
952 949 1093 1034 sepulori
1144 951 1358 1036 ambiguitas,
1398 952 1541 1020 sulfioiat
1578 953 1735 1018 memoria
1774 961 1885 1018 tenere
1918 954 2002 1038 quod
2036 955 2113 1035 dixi,

133 1034 297 1116 detentum,
319 1036 375 1120 qui
392 1035 646 1104 oontumelioeue
665 1045 734 1102 erat
751 1037 812 1101 toti
829 1055 948 1122 regno:
971 1036 1093 1102 soilieet
1188 1037 1255 1102 udii
1295 1039 1347 1106 sui
1383 1038 1644 1126 magnitudinem
1677 1039 1739 1105 bae
1771 1041 1975 1106 caeremonia
2003 1039 2114 1126 palam

131 1122 181 1188 bie
197 1122 381 1208 alienigena
398 1122 490 1205 quasi
508 1122 542 1186 in
565 1129 633 1186 tam
650 1119 821 1206 splendida
838 1130 871 1186 et
888 1119 988 1187 nobili
1006 1132 1094 1187 terra
1157 1123 1266 1190 adase.

130 1207 298 1274 ideoueum
320 1209 425 1272 looum
448 1227 515 1272 non
536 1209 678 1291 reperiat
699 1229 758 1274 suo
780 1207 940 1288 eadareri,
962 1207 1093 1290 sepeliri

131 1293 198 1359 vult
218 1294 254 1357 in
276 1302 365 1358 terra
386 1293 556 1360 chanaan.
600 1293 716 1378 Itaque
744 1314 806 1379 quo
834 1291 968 1360 liberius
989 1292 1051 1360 hoo
1073 1313 1093 1357 a

130 1398 202 1463 rege
233 1389 345 1462 petere
378 1378 495 1444 audeat
525 1377 663 1461 Ioseph,
702 1387 735 1445 et
766 1379 895 1446 latitius
927 1380 1091 1462 impetret,

130 1472 328 1530 sacramento
355 1463 462 1548 ipsum
489 1463 674 1549 obstringit.
718 1465 763 1530 Et
791 1474 877 1530 oerte
907 1464 970 1531 hoo
997 1485 1092 1549 prae-
1463 1463 1613 1532 CAPUT
1630 1462 1795 1530 XLVIII.

129 1559 217 1614 textu
239 1557 352 1633 postea
372 1557 481 1615 utetur
501 1548 629 1633 Ioseph,
652 1559 689 1615 ut
710 1550 919 1616 offensionem
943 1549 1090 1615 deoliuet.
1164 1551 1167 1558 “
1762 1557 1764 1560 ’
1948 1557 1950 1560 ’

129 1633 248 1700 Eadem
279 1635 379 1700 etiam
399 1634 514 1701 fuitei
543 1636 626 1701 ratio
647 1655 706 1701 our
728 1635 789 1701 sibi
811 1636 880 1701 dari
905 1643 1051 1719 posooret
1072 1657 1092 1700 a
1229 1637 1257 1702 1.
1276 1635 1321 1701 Et
1335 1636 1398 1718 suit
1409 1641 1480 1719 poet
1497 1635 1572 1702 haee
1587 1636 1703 1702 dietum
1718 1634 1783 1717 fuit
1800 1635 1866 1718 ipsi
1877 1633 2005 1718 Ioamh:
2026 1635 2113 1717 Eone,

128 1720 240 1804 Ioseph
263 1719 349 1804 quod
371 1720 523 1787 omnibus
544 1720 620 1786 liliis
648 1740 818 1787 oommnne
839 1728 910 1787 erat
937 1721 1089 1788 offioium.
1139 1727 1232 1806 pater
1248 1727 1320 1788 tuus
1337 1727 1479 1806 aegrotat,
1497 1727 1568 1787 tuno
1585 1723 1700 1806 oaoepit
1716 1721 1795 1786 duos
1809 1719 1893 1802 filios
1909 1741 1983 1786 arros
1994 1741 2114 1787 secum:

128 1805 207 1870 Nam
237 1805 374 1890 reliquis
401 1806 462 1872 boo
489 1805 547 1872 rix
575 1807 693 1872 fuisset
715 1808 926 1890 permissum:
956 1805 1091 1891 aggredi
1143 1807 1312 1874 Mmosseh
1332 1813 1360 1873 et
1377 1803 1543 1888 Ephraim.
1584 1807 1614 1872 2.
1638 1807 1682 1872 Et
1702 1805 1862 1872 nundauit
1880 1807 1947 1890 ipsi
1969 1806 2113 1888 Iahaooh,

127 1899 232 1956 autem
254 1892 320 1975 nisi
341 1892 416 1957 data
439 1893 536 1958 venia
557 1890 621 1957 tale
643 1891 769 1958 latinus
792 1892 864 1958 ausi
885 1913 950 1958 non
971 1899 1089 1958 essent.
1141 1894 1290 1960 etdinit:
1312 1893 1391 1958 Eece
1415 1893 1505 1974 filias
1530 1899 1604 1958 tuus
1626 1891 1738 1973 Ioseph
1758 1891 1841 1956 vend
1860 1895 1902 1957 ad
1922 1897 1957 1957 te.
2001 1892 2047 1957 Et
2066 1913 2114 1959 ro·

126 1975 222 2042 Nulla
249 1986 360 2043 autem
388 1997 488 2061 penes
515 1984 687 2043 extraneos
708 1986 742 2043 et
762 1977 909 2044 sordidos
941 1977 1090 2044 homines
1141 1978 1453 2058 termulana,
1483 1978 1610 2044 eremit
1630 1999 1725 2059 super
1753 1978 1869 2043 tenum
1913 1977 1943 2043 3.
1966 1977 2012 2042 Et
2032 1979 2115 2044 dieii

126 2063 229 2146 gratia
260 2071 334 2130 erat
366 2063 419 2129 vel
452 2063 619 2128 autoritas.
664 2063 757 2129 Adde
790 2063 873 2148 quod
906 2081 984 2147 prae
1017 2063 1090 2130 aliie
1142 2063 1276 2130 Ialmooh
1298 2065 1364 2147 ipsi
1386 2063 1513 2146 Ioseph:
1533 2063 1623 2130 Deus
1643 2063 1831 2144 omnipotens
1863 2065 2014 2146 apparuit
2033 2064 2114 2129 mihi

126 2148 336 2232 expergefieri
368 2169 498 2214 neeesse
530 2147 646 2214 habuit
678 2147 810 2233 Ioseph:
849 2169 890 2214 ne
922 2147 1090 2216 blanditiis
1140 2150 1177 2216 in
1198 2149 1270 2214 Lus
1290 2150 1326 2214 in
1346 2153 1431 2215 tenua
1454 2147 1616 2229 Glmman,
1650 2147 1857 2214 abaetat
1885 2149 1972 2214 mihi.
2015 2150 2045 2215 4.
2069 2150 2114 2215 Et

125 2233 268 2317 Aegypti
299 2241 414 2317 eaptus
438 2234 594 2318 paulatim
616 2255 635 2299 a
657 2255 714 2300 suo
741 2255 860 2318 genero
889 2232 1089 2300 desoisoeret.
1140 2236 1226 2302 dixit
1242 2235 1287 2301 ad
1305 2255 1369 2300 me:
1386 2233 1473 2316 ane,
1490 2254 1542 2318 epo
1559 2253 1691 2300 erasme
1706 2233 1790 2315 satio
1803 2239 1840 2313 te,
1858 2238 1887 2299 et
1903 2234 2113 2316 multiplicato

125 2317 301 2383 Soiendum
332 2329 443 2384 mmen
472 2327 538 2398 est,
571 2318 717 2386 oonenlto
744 2319 969 2402 interpositam
991 2319 1089 2386 fuisse
1140 2327 1177 2399 tr,
1200 2325 1360 2402 etponam
1380 2325 1409 2386 te
1428 2320 1464 2384 in
1484 2323 1599 2388 metum
1622 2320 1823 2403 populorum,
1850 2319 1976 2386 etdalro
1996 2325 2112 2385 terram

124 2405 318 2471 saoramenti
340 2404 557 2471 reverentiam
580 2425 599 2470 a
621 2403 733 2484 laoob,
756 2414 793 2470 nt
814 2404 944 2472 dooerst
966 2425 1003 2471 sa
1025 2427 1089 2471 non
1140 2405 1220 2472 hana
1245 2406 1360 2472 semim
1386 2411 1438 2471 tuo
1460 2409 1532 2488 post
1560 2408 1587 2470 te
1612 2407 1649 2470 in
1681 2404 1898 2470 hauettaum
1918 2409 2109 2488 perpetuom.

124 2489 242 2556 lrustra
260 2508 322 2556 neo
339 2498 462 2555 temere
485 2489 669 2574 sepulerum
690 2499 845 2590 appetere
870 2491 903 2554 in
928 2511 968 2556 ea
992 2500 1088 2570 terra,
1141 2491 1171 2558 5.
1195 2491 1240 2556 Er
1259 2511 1342 2557 nuno
1362 2492 1424 2557 duo
1442 2489 1506 2572 filii
1530 2491 1593 2570 tui,
1622 2491 1678 2572 gni
1705 2490 1773 2555 nati
1798 2495 1873 2555 erant
1891 2489 1949 2555 tihi
1971 2492 2007 2556 in
2027 2497 2112 2557 terra

124 2573 176 2640 ubi
196 2595 315 2659 parum
336 2573 477 2660 benigne
498 2585 665 2659 aooeptus,
696 2578 752 2642 ubr
773 2575 895 2642 multas
917 2595 1090 2644 aerumnas
1143 2578 1290 2662 Aegypti,
1318 2581 1483 2659 antequam
1508 2577 1645 2642 uenirem
1666 2576 1708 2642 aa
1727 2580 1756 2640 te
1776 2575 1811 2639 in
1833 2576 2023 2659 Aegyptam,
2050 2579 2112 2644 mei

122 2680 296 2744 perpessus
317 2659 441 2740 luerat,
467 2669 564 2727 etex
586 2681 650 2744 qua
672 2660 805 2728 tandem
827 2661 912 2727 lame
934 2661 1089 2745 expulsus
1140 2668 1229 2730 aurit:
1249 2661 1408 2743 Ephraim
1427 2667 1457 2727 et
1477 2659 1659 2741 Monaeseh,
1683 2661 1763 2726 aaa
1785 2657 1909 2726 Reatm
1930 2666 1958 2726 et
1981 2660 2109 2728 Sintitan

122 2745 320 2830 profugerat.
366 2744 463 2828 Quod
484 2746 574 2814 iubet
601 2766 734 2812 manum
757 2746 870 2812 femori
895 2766 1088 2831 supponere,
1141 2753 1230 2814 erum
1247 2749 1316 2814 mei.
1360 2748 1390 2814 6.
1420 2747 1536 2814 Verum
1560 2745 1651 2812 hiberi
1677 2747 1724 2811 tui
1751 2765 1828 2828 quos
1852 2747 2015 2830 generabis
2036 2753 2111 2831 post

122 2829 195 2913 quid
206 2831 271 2897 sibi
283 2831 422 2899 voluerit
432 2832 494 2897 boe
511 2831 703 2918 symbolum,
722 2831 867 2898 diximus
877 2833 983 2915 eapite
994 2833 1046 2913 24,
1058 2834 1088 2900 2.
1141 2855 1205 2914 eor,
1233 2834 1282 2898 tui
1302 2837 1408 2900 munt:
1438 2833 1606 2899 emrrndum
1625 2851 1734 2898 nomen
1753 2831 1891 2913 sratnun
1911 2852 2039 2897 suorum
2058 2854 2109 2900 no

202 2916 255 2984 30.
282 2915 326 2983 nt
353 2918 508 2984 dormiam
536 2937 607 2982 arm
626 2916 784 3001 patritus.
829 2917 928 2982 Patet
954 2938 995 2984 ex
1028 2921 1089 2986 boe
1140 2921 1291 2986 rabuntur
1312 2920 1347 2984 in
1374 2917 1559 2985 haereditate
1578 2938 1649 2984 aua.
1693 2918 1722 2982 l.
1749 2915 1849 2982 Porro
1869 2937 1917 2983 me
1936 2919 2108 2986 venante

122 2999 202 3083 loeo,
232 3000 415 3069 dormiendi
445 3002 580 3070 verbum
608 3004 734 3087 quoties
761 3002 895 3086 ponitur
914 3023 974 3087 pro
995 3007 1087 3084 mori,
1143 3005 1272 3085 Pudnu,
1293 3009 1417 3071 mentita
1438 3009 1482 3071 eet
1502 3003 1583 3070 milti
1604 3001 1723 3070 nacta
1742 3003 1779 3068 in
1798 3008 1884 3068 terra
1906 3001 2051 3069 Ohenaan
2072 3005 2108 3070 in

121 3107 182 3151 non
201 3088 242 3153 ad
266 3091 409 3154 animam
433 3088 556 3168 referri,
579 3086 635 3154 sed
653 3088 694 3154 ad
712 3109 838 3173 eorpus.
873 3088 961 3169 Quid
979 3101 1088 3156 autem
1139 3091 1193 3156 nia
1219 3109 1315 3172 guum
1340 3089 1443 3157 &huo
1469 3095 1546 3156 esaei
1571 3089 1709 3156 milliare
1734 3092 1835 3154 terrae
1861 3089 1904 3154 ad
1925 3089 2107 3156 emmaum

119 3171 186 3238 eius
225 3173 379 3241 interfuit
416 3173 547 3240 reoondi
583 3194 659 3240 oum
690 3173 838 3258 patribus
865 3174 901 3238 in
934 3176 1089 3258 spelunea
1138 3177 1175 3241 iu
1195 3175 1356 3260 Ephrath:
1377 3181 1406 3241 et
1425 3175 1555 3258 sepelivi
1575 3195 1644 3240 eam
1664 3175 1700 3239 in
1721 3175 1775 3239 oia
1797 3172 1949 3256 Ephrath,
1969 3176 2043 3256 ipsa
2064 3180 2108 3242 eet

120 3255 254 3342 duplioi,
285 3259 349 3326 nisi
378 3267 415 3325 ut
442 3267 562 3326 testata
589 3261 684 3326 fieret
712 3280 824 3326 eorum
851 3259 988 3328 sooietas
1014 3269 1090 3346 post
1140 3260 1336 3327 Beth-lehem,
1380 3262 1410 3328 8.
1431 3261 1475 3326 Iu
1495 3262 1574 3327 uidit
1594 3259 1699 3325 Israel
1742 3261 1801 3326 lios
1820 3258 1940 3340 Ioseph,
1963 3266 1990 3327 et
2010 3261 2108 3326 duit:

119 3343 285 3410 mortem?
303 3343 498 3427 Quoautem
512 3344 898 3411 vinouloeimulfuerunt
914 3347 1087 3427 ooniunoti,
1141 3345 1242 3414 Ortha
1261 3351 1336 3413 aunt
1354 3347 1435 3413 isti?
1471 3345 1501 3413 9.
1524 3346 1569 3412 Et
1588 3346 1672 3412 dinit
1714 3344 1806 3426 oreph
1817 3345 1908 3426 patri
1928 3365 2001 3410 meo:
2031 3343 2109 3414 Filii

118 3429 180 3494 nisi
209 3429 299 3514 quod
329 3431 462 3497 effeetus
488 3429 564 3496 fidei
591 3430 738 3515 ipsorum
759 3451 801 3496 ne
822 3439 929 3497 morte
957 3432 1088 3517 quidem
1138 3434 1201 3499 mei
1219 3437 1293 3499 eunt
1316 3453 1393 3516 piros
1420 3433 1505 3500 dedit
1529 3431 1608 3497 mihi
1629 3431 1720 3497 Deus
1743 3429 1801 3494 hie.
1846 3429 1891 3495 nt
1915 3431 2014 3496 dieii:
2034 3431 2107 3498 Due

578 3516 757 3669 tutu
1138 3519 1386 3671 munet
1524 3515 1872 3685 turum
1895 3514 2106 3686 <utut

117 3685 207 3752 ditas.
279 3650 287 3681 ⁹
1138 3625 1307 3777 tamaii
1325 3690 1465 3756 auedem
1483 3690 1558 3773 feeit
1577 3707 1627 3754 eos
1648 3687 1691 3752 od
1711 3686 1818 3768 mum,
1840 3652 1874 3751 et’
1887 3687 2044 3754 omnus
2061 3693 2106 3753 est

197 3773 250 3838 31.
276 3771 322 3838 nt
347 3773 488 3839 eurnanit
514 3791 548 3838 se
566 3773 671 3839 Israel
697 3774 741 3839 ad
769 3778 862 3858 eaput
892 3773 969 3841 ieoti.
1014 3774 1088 3841 Hae
1138 3796 1205 3856 eoo,
1232 3781 1262 3840 et
1285 3775 1480 3857 amplexatus
1505 3779 1550 3840 eet
1573 3793 1631 3840 eoa.
1676 3773 1726 3838 11.
1750 3771 1795 3837 Et
1826 3772 1909 3838 dixit
1930 3771 2035 3840 Israel
2061 3775 2106 3840 ad

116 3876 191 3922 roae
220 3858 343 3924 iterum
372 3860 544 3925 confirmat
564 3859 690 3926 Moses:
719 3859 817 3927 Iaoob
838 3881 897 3944 pro
926 3860 1086 3945 singulari
1138 3861 1267 3944 Ioseph:
1302 3861 1413 3927 Videre
1437 3860 1551 3943 fatum
1576 3863 1663 3923 aaa
1691 3877 1753 3922 non
1777 3857 1939 3940 putabam,
1974 3863 2002 3924 et
2030 3878 2103 3940 eoae,

114 3941 197 4008 bono
219 3943 370 4023 duxissa,
392 3944 455 4010 sibi
476 3945 673 4028 promissum
695 3945 796 4012 luisse
818 3967 838 4011 a
858 3945 978 4030 Ioseph
1000 3946 1085 4031 quod
1136 3948 1240 4014 uidere
1259 3947 1334 4030 feeit
1353 3966 1402 4010 me
1419 3945 1509 4013 Deus
1530 3945 1625 4010 etiam
1644 3963 1744 4009 omnen
1765 3947 1861 4007 tuum.
1907 3942 1958 4008 12.
1982 3943 2105 4010 Edunit

113 4029 253 4110 petierat
272 4027 312 4095 de
329 4029 506 4113 sepultura.
540 4030 626 4096 Nam
644 4029 686 4096 ad
703 4031 825 4115 gratias
844 4032 915 4099 Deo
933 4033 1085 4116 mendas,
1135 4033 1239 4115 dapne
1261 4031 1372 4114 Ioseph
1393 4051 1442 4098 eos
1462 4029 1630 4116 egenibus
1650 4029 1735 4107 suia,
1763 4032 1792 4093 et
1819 4029 1995 4094 ineuroanr't
2014 4049 2048 4095 se
2068 4031 2104 4096 in

114 4133 175 4196 quo
203 4121 313 4198 potest
340 4121 459 4182 oonatu
489 4115 594 4182 debile
622 4136 740 4198 eorpus
766 4114 896 4197 inuitat,
927 4125 1083 4202 tanquam
1133 4119 1247 4203 samem
1266 4138 1359 4186 mam
1376 4137 1472 4198 super
1487 4122 1613 4182 terram.
1647 4114 1697 4178 13.
1721 4113 1765 4178 Et
1781 4113 1853 4178 tulit
1869 4112 2104 4198 Iosephamlme

113 4201 236 4280 potitus
259 4221 296 4267 re
317 4201 461 4266 maxime
483 4200 626 4286 optabili.
670 4201 801 4267 Dieitur
823 4203 911 4267 enim
932 4201 1083 4270 adorasse
1133 4205 1235 4288 ipsos:
1258 4203 1416 4286 Ephraim
1437 4203 1479 4268 ad
1500 4202 1642 4267 &mam
1663 4219 1768 4279 mmm,
1796 4199 1966 4265 asinistra
1989 4199 2101 4283 Israel,

114 4282 153 4347 ad
175 4295 276 4370 eaput
303 4285 428 4352 lentuli:
458 4287 535 4371 quia
563 4308 663 4371 quum
691 4286 789 4371 plane
818 4307 988 4373 assurgere
1015 4310 1082 4354 non
1132 4296 1161 4356 et
1186 4289 1351 4357 Monaeseh
1383 4290 1427 4355 ad
1457 4289 1620 4354 sinistram
1651 4305 1758 4364 mmm,
1791 4305 1813 4350 a
1844 4285 1954 4350 uma
1983 4285 2102 4354 Israel:

111 4378 220 4452 possen
242 4393 261 4436 e
283 4371 377 4452 laeto,
400 4372 435 4437 in
453 4393 516 4456 quo
537 4372 676 4452 iaoebat,
699 4393 734 4438 se
755 4382 866 4439 tamen
887 4373 922 4438 in
942 4374 1082 4441 formam
1132 4377 1272 4442 arcadem
1292 4377 1422 4458 mquam
1441 4375 1513 4457 feeit
1533 4372 1577 4439 ad
1593 4391 1670 4436 enm.
1712 4369 1760 4435 14.
1785 4369 1829 4434 Er
1848 4371 1979 4437 mandit
1996 4372 2101 4439 Israel

111 4457 279 4538 preeuntis
302 4478 404 4541 prono
427 4458 521 4524 vultu
550 4459 722 4542 eomponit.
764 4457 858 4526 Idem
880 4459 1020 4526 habetur
1042 4460 1081 4526 de
1132 4461 1288 4527 metuam
1317 4482 1422 4541 auam,
1450 4465 1479 4525 et
1496 4459 1608 4541 pontit
1627 4475 1722 4538 anper
1746 4461 1839 4537 eaput
1859 4455 2016 4537 Ephraim
2043 4459 2101 4541 gui

110 4539 255 4624 Deride,
285 4544 381 4626 primi
410 4543 539 4630 Regum
568 4545 599 4625 2,
629 4544 671 4610 10
708 4565 810 4628 quum
839 4547 983 4630 supremi
1011 4547 1081 4612 voti
1130 4551 1197 4612 erat
1216 4548 1336 4613 minor:
1355 4551 1382 4612 et
1403 4546 1567 4610 sinistram
1584 4562 1677 4608 mom
1693 4561 1790 4624 super
1806 4547 1899 4623 eaput
1916 4541 2099 4610 Manasseh:

111 4643 243 4711 aompos
273 4627 377 4696 laetus
405 4629 470 4695 Dei
498 4630 638 4715 gratiam
664 4630 814 4697 eelebrat.
860 4631 979 4698 Graeoi
1008 4653 1079 4698 rer·
1130 4633 1265 4698 merto
1290 4632 1430 4715 diripera
1456 4649 1570 4696 manere
1597 4647 1689 4707 suae,
1718 4647 1814 4710 mum
1835 4624 2002 4693 Mensam
2022 4633 2099 4695 esset

110 4717 231 4794 terunt,
266 4713 309 4779 ad
331 4716 555 4782 summitatem
577 4718 704 4801 virgae:
730 4737 810 4799 quos
832 4717 1007 4800 Apostolus
1029 4737 1079 4783 se·
1123 4717 1357 4803 primogenitus.
1404 4716 1453 4782 15.
1478 4715 1520 4780 nt
1541 4713 1696 4780 herredieit
1715 4714 1780 4793 ipsi
1802 4711 1929 4794 Ioseph,
1953 4714 2098 4780 namet.-

110 4806 232 4880 quutns
255 4806 308 4865 eet
328 4798 370 4864 ad
386 4801 565 4881 Hebraeos,
587 4802 693 4885 eapite
716 4801 767 4882 11,
788 4801 839 4867 21.
874 4801 949 4868 Etsi
970 4811 1079 4869 autem
1129 4802 1218 4868 Deire
1247 4803 1281 4869 in
1314 4802 1407 4868 urias
1437 4805 1594 4882 συνωμοσία
1627 4797 1862 4864 ambulaverunt
1896 4803 2004 4883 patres
2034 4801 2096 4866 mei

109 4882 326 4950 similitudine
344 4887 431 4953 voois
447 4887 548 4953 fuisse
567 4887 716 4971 deeeptos
733 4893 877 4973 apparet,
900 4886 977 4972 quia
993 4889 1078 4972 apud
1128 4887 1292 4954 Abraham
1313 4893 1342 4953 et
1358 4888 1468 4954 Iohee:
1488 4887 1580 4954 Deua
1601 4885 1657 4967 qui
1668 4885 1774 4964 puerit
1790 4883 2006 4950 mahumete
2027 4906 2096 4952 mea

105 4967 277 5037 Hebraeos
299 4983 381 5042 mm
398 4973 534 5053 loetum,
565 4986 648 5044 nuto
677 4973 829 5040 barulum
856 4973 1034 5058 signifieat:
1053 4973 1077 5060 ¹)
1127 4993 1224 5057 usgue
1245 4975 1287 5040 ad
1307 4974 1390 5038 diem
1410 4973 1498 5053 hane,
1534 4972 1584 5036 16.
1606 4967 1748 5052 Armatus
1767 4971 1823 5052 qui
1843 4969 1970 5035 redemit
1990 4991 2037 5036 nte
2056 4973 2095 5037 ah

108 5055 286 5138 Apostolus
315 5067 424 5126 tamen
452 5058 514 5124 sibi
542 5059 691 5143 permisit
718 5059 823 5126 looum
852 5060 951 5126 eitare
973 5060 1077 5144 qualia
1127 5060 1212 5124 omni
1232 5060 1330 5138 mab,
1358 5059 1512 5124 benedicat
1526 5057 1654 5139 pueris,
1676 5059 1842 5120 doeemur
1862 5057 1896 5120 r'n
1919 5056 1965 5121 eis
1985 5077 2095 5122 nornen

107 5149 186 5211 tune
221 5153 295 5209 erat
326 5145 361 5210 in
394 5144 558 5212 eommuni
591 5167 669 5223 usu,
702 5164 745 5209 ne
775 5143 875 5210 rudes
902 5144 942 5210 de
973 5145 1076 5211 nihilo
1126 5165 1243 5210 nuum:
1271 5149 1425 5210 etnomen
1447 5149 1577 5228 patrum
1597 5160 1734 5206 meorum
1755 5139 1919 5206 Abraham
1937 5146 1965 5206 et
1986 5140 2092 5223 Ishae,

1127 5234 1156 5295 et
1170 5231 1272 5298 instar
1284 5231 1422 5314 pierium
1438 5230 1551 5296 sintin
1568 5225 1798 5293 multitudinem
1814 5227 1848 5290 in
1865 5225 1964 5291 medio
1980 5231 2092 5294 utrae.

174 5331 415 5474 Doirl'zinhetraiea
432 5333 694 5474 vatiniuffleiMi
712 5347 803 5388 omnes
820 5329 958 5390 editiones.
1128 5316 1179 5383 17·
1219 5317 1307 5385 Vidit
1343 5322 1445 5385 numm
1477 5313 1588 5398 1⁰80Pl⁸
1619 5309 1704 5396 lumi
1735 5316 1984 5468 Wssifflllssli'
2014 5333 2094 5382 suna

308 5432 428 5487 repara.
478 5433 511 5474 o.
646 5459 653 5473 .
