5022 6192
396 406 458 472 lii
1062 401 1422 472 oouueauamms
1446 403 1496 470 IN
1517 401 1730 470 GDNDSIN.
2325 403 2372 470 128

395 593 532 663 auiuali
551 591 633 674 qued
649 610 710 656 aaa
730 595 799 658 erat
818 591 987 668 muudum,
1013 595 1041 656 et
1061 611 1100 656 ea
1120 589 1253 670 volatili,
1278 595 1306 657 ct
1326 610 1364 656 aa
1415 613 1452 658 re
1472 591 1621 658 divorsas
1642 612 1712 657 esse
1734 592 1923 660 sententias.
1964 588 2053 658 Sunt
2074 592 2162 658 enim
2184 592 2239 675 qui
2262 613 2371 658 aunum

396 681 483 747 orma
498 679 579 761 quod
595 679 695 774 rcptat
710 695 806 758 asper
820 680 945 742 terram
974 675 1004 741 9.
1024 675 1114 742 Birra
1129 675 1205 742 blaa
1220 676 1364 760 irrprceaa
1413 676 1582 777 inchoant·
1599 677 1640 744 ab
1668 675 1871 775 asquinqatio
1902 676 2100 742 autumnali:
2130 675 2188 743 sed
2217 679 2301 743 ratio
2328 677 2372 744 illa

395 761 1364 932 wittimirum*
1414 761 2371 947 titrrreututt‘uttt{hauath

388 941 463 1018 past
483 938 596 1018 septem
616 933 684 999 dees
704 953 805 1014 aquae
831 933 947 998 deluere
973 933 1101 1014 fueruat
1123 953 1218 1016 saper
1237 939 1362 998 terrum
1414 933 1563 1013 tentatio,
1592 942 1695 1000 vitam
1724 953 1777 998 om
1805 942 1994 999 assueverat
2014 932 2110 998 Noah
2131 954 2189 1016 per
2214 943 2372 1000 sexcentas

396 1023 446 1088 11.
474 1020 518 1085 Ia
544 1039 627 1086 auae
657 1019 872 1086 seeceuuaimo
902 1038 1057 1087 umanum
1084 1019 1167 1084 uiae
1195 1017 1302 1097 Noai,
1328 1019 1364 1082 ia
1413 1041 1524 1098 annos,
1546 1031 1661 1102 sponte
1682 1017 1874 1101 relinquere,
1896 1025 1930 1082 et
1952 1038 2075 1084 novum
2096 1017 2230 1086 vivendi
2250 1017 2371 1084 modun

393 1127 496 1174 meuse
515 1104 655 1184 seuam,
677 1105 713 1170 ia
728 1103 978 1186 septemdecim
995 1103 1046 1169 die
1061 1105 1187 1184 aunam,
1208 1103 1260 1170 die
1280 1104 1362 1184 ipsa,
1413 1126 1570 1188 quaerere
1607 1105 1643 1172 ia
1683 1105 1800 1188 abysso
1839 1105 1962 1170 mortis.
2016 1103 2153 1169 Iubetur
2191 1105 2372 1188 migrares
2461 1167 2462 1198 ,

393 1193 483 1275 rupti
502 1195 575 1256 autc
594 1209 699 1256 manee
717 1190 818 1271 fortes
838 1189 998 1274 verapiuia
1018 1209 1150 1274 mappae
1169 1189 1365 1272 dseaeshae
1413 1189 1551 1270 mundo,
1581 1199 1618 1255 ut
1646 1189 1680 1254 in
1710 1189 1858 1273 sepulero
1893 1187 1989 1255 vivat
2022 1187 2108 1272 quod
2133 1189 2195 1254 sibi
2223 1188 2372 1256 laboriose
2461 1209 2462 1214 ’

394 1279 468 1346 coeli
489 1280 613 1359 apertae
632 1280 714 1342 suut
759 1276 809 1340 12,
832 1273 877 1340 Et
902 1275 966 1357 fuit
988 1275 1101 1357 plrruia
1127 1296 1223 1358 euper
1248 1280 1365 1341 mam
1414 1274 1495 1341 fodit
1511 1297 1570 1360 per
1586 1296 1690 1343 annos
1706 1274 1782 1357 plus
1799 1279 1939 1342 uentum.
1975 1273 2044 1340 (lut
2061 1274 2172 1339 istud?
2191 1275 2268 1357 quia
2285 1275 2372 1358 paulu
2461 1315 2462 1332 ι

394 1363 607 1446 praepara
638 1362 706 1428 dics
733 1366 762 1425 et
791 1360 1003 1446 quadruplata
1040 1365 1147 1426 ructes
1202 1360 1253 1426 13.
1288 1361 1365 1444 Ipee
1414 1372 1488 1445 post
1519 1381 1676 1445 aquarum
1708 1359 1822 1425 illuvie
1854 1357 2032 1442 mergenda
2063 1360 2108 1424 sit
2140 1369 2237 1426 terra.
2280 1362 2373 1444 Atqui

394 1449 498 1516 eadem
518 1448 569 1514 die
589 1449 753 1531 rapuere
772 1451 818 1512 eet
840 1446 949 1522 Neale,
978 1441 1007 1512 tt
1029 1445 1117 1524 Sem,
1143 1451 1173 1512 et
1195 1446 1308 1521 mam,
1338 1450 1367 1511 el
1415 1447 1499 1512 nihil
1520 1445 1587 1512 tale
1608 1456 1760 1530 apparet:
1781 1443 1955 1528 indulgent
1975 1465 2089 1511 omnes
2110 1445 2277 1522 eonviviis,
2299 1467 2342 1510 nu

396 1533 522 1618 Iepbetlr
541 1531 606 1613 pte
628 1531 730 1606 Neai,
751 1536 780 1596 et
799 1551 881 1598 uuor
904 1531 997 1598 Noai
1016 1536 1136 1614 aesque
1154 1551 1269 1598 aceres
1286 1531 1366 1612 filia
1417 1535 1478 1600 tias
1510 1532 1691 1609 celebrant,
1725 1539 1933 1614 sumptuosas
1961 1538 2139 1596 exstruunt
2167 1530 2296 1597 domas:
2346 1552 2373 1596 e·

395 1640 468 1687 rum
488 1619 556 1686 aaut
573 1637 644 1684 eum
668 1617 749 1696 illia,
776 1618 813 1682 ia
840 1635 956 1684 aream.
1007 1617 1057 1684 14.
1089 1616 1176 1699 Ipei,
1206 1622 1233 1682 et
1265 1617 1366 1682 munis
1417 1619 1515 1701 nique
1543 1617 1663 1701 passim
1696 1615 1841 1682 lautitiae
1870 1621 1904 1682 et
1932 1615 2078 1680 luxuria:
2114 1615 2373 1699 quemadmodum

395 1707 494 1772 bestia
511 1705 603 1770 taeta
622 1704 752 1784 specum
773 1721 871 1778 mam,
895 1708 1030 1769 eloam
1051 1703 1173 1769 anirnal
1193 1703 1283 1768 tarra
1299 1721 1367 1784 epe-
1416 1711 1556 1770 testatur
1585 1701 1752 1779 Christus,
1782 1699 1947 1767 saeculum
1979 1700 2061 1765 illud
2094 1700 2130 1764 in
2163 1701 2375 1785 voluptatibus

396 1793 475 1858 ciem
493 1809 599 1867 amm,
622 1793 652 1854 et
671 1808 759 1854 orare
778 1787 887 1870 reptile
907 1787 991 1870 qued
1011 1793 1111 1872 reptat
1130 1807 1225 1870 super
1240 1793 1365 1862 terram
1417 1790 1485 1856 suis
1515 1787 1642 1854 ebrium
1672 1787 1780 1853 fuisse.
1826 1786 1938 1868 Quare
1967 1808 2033 1854 non
2053 1785 2112 1852 abs
2129 1807 2166 1851 re
2191 1785 2317 1852 lautum
2335 1795 2376 1854 est

396 1876 563 1943 εοοιιιιᾶιιιιι
590 1873 721 1956 meeum
740 1893 847 1951 amm,
875 1877 902 1938 et
925 1893 1013 1940 auae
1039 1873 1161 1940 vouaze
1187 1875 1278 1940 iuala
1298 1891 1367 1955 epe·
1416 1875 1501 1958 quod
1523 1873 1686 1940 Dominus
1707 1873 1793 1940 servi
1815 1873 1867 1938 sui
1890 1871 2038 1938 animum
2059 1892 2146 1938 nova
2172 1872 2376 1955 promissione

396 1964 474 2030 eum
494 1980 595 2040 amm,
616 1960 716 2024 mauis
737 1961 817 2038 aeris,
835 1963 863 2024 et
878 1979 965 2024 urae
980 1959 1109 2028 alatum.
1148 1958 1198 2024 15.
1218 1960 1367 2043 Inpressa
1417 1981 1533 2028 rursus
1549 1958 1590 2026 de
1607 1959 1737 2044 integro
1755 1959 1860 2024 erexit
1877 1964 1910 2023 et
1925 1957 2075 2038 armavit,
2092 1976 2135 2022 ne
2145 1958 2375 2024 succumberet:

395 2051 469 2114 suut
494 2047 594 2130 ipitur
618 2044 662 2111 ad
684 2043 778 2110 Neai
803 2045 839 2112 iu
867 2065 987 2122 aream,
1015 2045 1089 2110 birra
1113 2045 1188 2112 birra
1215 2063 1255 2112 ee
1283 2043 1367 2110 omui
1417 2047 1509 2130 quasi
1532 2043 1667 2112 ditaret:
1695 2043 1866 2110 Hactenus
1897 2041 2025 2109 fortiter
2050 2041 2208 2108 laborasti
2229 2043 2316 2110 inter
2338 2051 2378 2108 tot

396 2153 489 2200 aenae
516 2133 552 2198 ia
579 2151 643 2213 qua
670 2135 737 2196 erat
762 2131 896 2212 piram
922 2132 1012 2196 ailae.
1063 2131 1113 2197 16.
1142 2129 1187 2196 Et
1208 2151 1288 2213 quae
1315 2130 1365 2193 irr-
1416 2131 1584 2198 seandala:
1606 2130 1663 2197 sed
1685 2150 1772 2196 nune
1792 2149 1845 2196 res
1862 2129 2005 2194 maxime
2022 2128 2165 2212 pustulat
2180 2139 2220 2194 ut
2240 2129 2378 2195 animum

393 2237 504 2304 pressa
531 2221 619 2295 aaut,
652 2215 811 2282 masuelus
837 2221 866 2282 et
892 2216 1012 2297 femiae
1032 2236 1070 2282 ee
1093 2218 1178 2282 ormi
1204 2235 1297 2282 aurae
1318 2215 1367 2278 in·
1416 2218 1563 2300 aelligas,
1597 2224 1635 2281 ut
1665 2214 1810 2282 fruatum
1842 2214 2001 2298 percipias
2032 2213 2154 2282 laboris
2179 2215 2246 2280 tui:
2282 2235 2377 2298 neque

394 2324 504 2389 pressa
530 2307 616 2381 aaut,
645 2300 902 2383 quemadmodum
924 2307 1125 2384 praeceperat
1150 2303 1180 2368 ei
1206 2301 1312 2368 Deua:
1339 2304 1368 2364 et
1416 2311 1569 2386 exspecta
1597 2302 1675 2366 dum
1701 2300 1822 2385 apertis
1846 2309 1953 2366 terras
1984 2301 2077 2366 venis
2110 2321 2212 2383 aquae
2244 2298 2379 2383 undique

396 2389 511 2456 cluueit
531 2387 646 2453 1at0aa
661 2406 756 2469 super
775 2405 853 2452 eum.
890 2386 941 2452 17.
959 2386 1004 2452 al
1018 2388 1136 2469 factum
1151 2391 1196 2452 cst
1211 2385 1368 2453 dilucium
1416 2387 1583 2468 ebulliant,
1603 2393 1638 2452 et
1659 2385 1780 2470 apertis
1802 2385 1883 2452 eoeli
1905 2386 2076 2451 cataraetis
2094 2385 2242 2468 opposito
2264 2387 2378 2468 impetu

397 2473 609 2558 quadruplata
634 2472 703 2538 dies
728 2491 823 2554 cuper
842 2477 975 2552 terram
1001 2478 1030 2538 et
1050 2473 1275 2556 multiplicatae
1295 2475 1368 2536 ruat
1416 2480 1612 2540 uanaurrant
1632 2472 1814 2556 superiores
1836 2491 1946 2554 aquae,
1968 2470 2026 2536 sed
2047 2470 2145 2537 rebus
2166 2469 2276 2537 adhue
2298 2480 2379 2535 trau-
2461 2543 2462 2550 χ

397 2579 499 2642 aquae
537 2559 785 2638 meresarpae
822 2577 945 2624 aream:
982 2559 1086 2640 itaque
1118 2559 1236 2625 elevata
1269 2561 1313 2623 eet
1344 2576 1366 2620 a
1417 2559 1525 2644 quillis
1546 2578 1655 2626 aream
1676 2557 1854 2642 ingressus,
1875 2553 1941 2621 illia
1957 2555 1999 2621 ad
2020 2562 2145 2641 septem
2167 2554 2236 2622 dies
2260 2557 2379 2641 quietus

398 2651 491 2712 terra.
537 2644 587 2709 18.
611 2641 655 2708 Et
676 2643 922 2724 praevaluenmt
950 2665 1063 2726 aquae,
1089 2649 1117 2710 et
1142 2641 1365 2725 multiplicatae
1416 2666 1529 2711 mane:
1559 2653 1639 2709 tuno
1668 2643 1775 2708 subito
1800 2639 1961 2709 diluvium
1982 2650 2136 2726 emerget.
2180 2641 2256 2707 Etsi
2281 2650 2380 2707 autem

396 2735 471 2796 rura
486 2729 577 2796 ualde
595 2748 689 2812 super
703 2733 828 2806 terram
847 2735 877 2794 et
894 2728 1037 2810 (lambat
1053 2723 1129 2795 arla
1143 2749 1239 2813 saper
1252 2728 1366 2811 seeum
1417 2753 1506 2798 nuno
1527 2751 1594 2796 uon
1614 2729 1798 2794 afferuntur
1818 2749 1837 2794 e
1858 2727 1948 2794 aoelo
1973 2727 2120 2807 uraoula,
2148 2728 2293 2794 miamua
2313 2747 2380 2792 aon·

397 2834 561 2898 uquam.
613 2813 663 2879 19.
694 2811 929 2914 Releruveruut
952 2815 1058 2898 itaque
1087 2835 1121 2880 se
1149 2835 1249 2898 aquas
1274 2813 1366 2912 ealde
1417 2817 1546 2882 timmm
1565 2815 1658 2882 verbi
1678 2813 1924 2913 meditationem
1946 2833 2011 2878 nou
2040 2832 2280 2912 superatquem
2301 2832 2381 2879 essa:

398 2921 492 3053 aa
507 2903 1161 3067 artuum
1180 2899 1367 3051 aaa
1417 2897 2381 3069 uirtuti

394 3092 492 3155 perire
510 3069 729 3137 reberaeeneut
743 3090 776 3136 se
798 3091 905 3152 aqum,
925 3077 973 3136 ata
989 3076 1023 3137 ut
1043 3071 1143 3152 aperti
1159 3072 1222 3136 siat
1242 3075 1365 3136 merum.
1418 3082 1504 3139 tram
1537 3073 1713 3138 instaurat:
1742 3080 1779 3136 ut
1808 3069 1941 3136 aolleato
1971 3068 2082 3154 vigore
2109 3069 2244 3135 tandem
2276 3089 2383 3154 perve-

399 3159 452 3223 21.
481 3155 526 3221 al
551 3163 676 3223 medua
704 3161 749 3221 est
774 3156 876 3222 aaut
899 3177 973 3222 earo
997 3177 1077 3240 quae
1106 3156 1247 3238 reptabat
1273 3174 1368 3238 super
1419 3159 1489 3224 uiat
1520 3156 1692 3240 usquead
1721 3162 1851 3222 metam.
1902 3155 2059 3221 Nostrum
2088 3175 2166 3221 veru
2194 3163 2246 3221 est
2275 3153 2382 3239 cupida

399 3249 530 3318 wem,
565 3248 630 3306 tam
655 3243 694 3309 de
724 3241 845 3308 volatili
871 3261 965 3322 quam
988 3243 1026 3309 de
1053 3241 1234 3308 aalaaaliet
1259 3241 1365 3320 bestia,
1420 3243 1533 3311 audire
1559 3243 1745 3327 loquentem
1768 3241 1895 3307 Deum:
1922 3261 1982 3307 neo
2008 3261 2109 3323 pravo
2137 3239 2269 3306 fastidio
2298 3260 2383 3306 exer-

399 3334 428 3394 et
449 3328 533 3392 anmi
552 3327 660 3408 reptili
680 3327 761 3408 quaed
781 3331 883 3411 reptat
901 3348 995 3409 super
1014 3334 1139 3406 terream
1162 3327 1294 3394 amnui
1314 3325 1367 3391 le·
1419 3330 1497 3396 uitia
1517 3328 1650 3394 reiioere
1672 3336 1728 3393 aut
1749 3328 1916 3412 negligere
1955 3327 2025 3392 uasi
2042 3346 2256 3410 supervaaua,
2276 3326 2384 3410 quibus

399 3416 492 3480 miae.
532 3412 583 3478 22.
610 3411 724 3481 Οιιιιιιιι
744 3413 779 3478 iu
800 3433 932 3494 querum
951 3433 1028 3480 aare
1045 3419 1112 3479 erat
1128 3413 1285 3480 ardelitus
1304 3412 1369 3496 spi·
1419 3415 1516 3482 fidem
1539 3423 1685 3480 nostram
1707 3413 1760 3479 vel
1782 3413 1879 3493 fovet,
1902 3347 1956 3478 vei
1976 3412 2112 3490 exeitat,
2134 3411 2187 3477 vel
2209 3415 2384 3486 confirmat,

400 3502 483 3566 muas
502 3500 594 3580 uitae,
616 3518 655 3564 ee
682 3497 825 3564 camdus
845 3517 924 3580 quae
950 3504 1040 3564 erard
1062 3500 1098 3564 ia
1123 3500 1219 3577 mace,
1245 3501 1370 3564 aedua
1420 3507 1517 3585 prout
1538 3521 1610 3566 eam
1630 3498 1684 3566 vel
1706 3507 1852 3565 tenerum
1873 3497 1996 3577 adhue,
2025 3496 2079 3563 vel
2100 3495 2311 3582 languidam,
2340 3494 2384 3560 vel

399 3591 481 3652 suut.
524 3584 577 3650 23.
596 3582 640 3648 Et
659 3583 770 3649 debuit
789 3603 907 3650 murem
927 3583 1135 3650 aureatam
1155 3585 1268 3665 vivam,
1289 3603 1371 3665 quae
1421 3586 1559 3652 debilem
1581 3606 1653 3654 esse
1675 3585 1777 3651 novit.

400 3677 468 3738 &rai
495 3690 590 3752 ΜΨ
616 3669 732 3751 [Μ
757 3673 874 3748 arrae,
907 3669 947 3734 ab
972 3669 1093 3736 domiue
1120 3691 1218 3752 ueque
1245 3669 1289 3735 ad
1318 3669 1368 3732 iu·
1508 3671 1591 3753 Quia
1611 3677 1639 3738 te
1657 3671 1724 3736 vidi
1744 3671 1871 3736 lustrem
1916 3666 2027 3748 Quum
2049 3665 2212 3734 Dominus
2231 3668 2311 3735 hino
2331 3665 2385 3733 sibi
2461 3715 2462 3726 ι

399 3761 549 3836 ammius,
571 3774 669 3836 usque
695 3755 737 3819 ad
764 3753 887 3836 reptile,
917 3761 1063 3837 utusque
1079 3757 1123 3822 acl
1139 3755 1261 3821 eulatie
1282 3753 1370 3820 aceli:
1419 3778 1553 3824 causum
1574 3757 1674 3824 fuisse
1694 3755 1840 3840 assignat
1860 3753 2013 3820 servandi
2032 3753 2145 3831 Noah,
2172 3753 2250 3837 quia
2270 3756 2385 3819 iustum
2461 3797 2462 3840 3

400 3846 429 3906 et
448 3841 547 3906 deleta
563 3846 635 3905 urat
652 3844 778 3916 eterra,
801 3841 1132 3906 pernumeratum
1150 3840 1252 3919 Noai,
1269 3839 1371 3921 etqui
1420 3843 1625 3928 cognoverit,
1655 3840 1785 3908 videtur
1806 3841 1931 3908 meritis
1953 3859 2087 3923 operum
2110 3838 2256 3906 tribuere
2278 3838 2386 3905 salutis

402 3947 472 3992 aum
493 3946 526 3992 eo
547 3930 634 3991 eraut
654 3926 690 3989 iu
709 3944 792 3989 areu
837 3925 888 3990 24.
911 3925 956 3992 el
982 3927 1200 3994 roboraverunt
1216 3947 1249 3993 se
1270 3945 1371 4009 aquae
1420 3927 1567 3995 laudem:
1591 3948 1669 3994 num
1690 3928 1718 3992 si
1740 3937 1890 3994 servatus
1908 3935 1958 3992 est
1974 3924 2069 3990 Noah
2086 3926 2165 4008 quia
2180 3924 2292 3991 iustus
2313 3933 2384 3998 erat

401 4032 496 4095 asper
516 4017 641 4089 terrum
662 4011 890 4094 quinquaqinta
910 4017 938 4078 et
956 4017 1075 4079 reatem
1090 4013 1167 4078 dies.
1421 4016 1566 4099 sequitur
1587 4033 1648 4079 nos
1670 4014 1771 4080 vitam
1793 4011 1888 4078 bonis
1910 4010 2062 4096 operibus
2091 4011 2281 4094 promereri.
2327 4007 2387 4074 Sed

1421 4100 1474 4164 hie
1500 4099 1678 4183 prudenter
1704 4097 1888 4183 expendere
1922 4095 2076 4164 usuvenit
2104 4093 2169 4160 Dei
2203 4096 2385 4162 eonsilium:
2461 4111 2462 4188 q

489 4183 517 4247 1.
537 4181 682 4246 Didicit
702 4180 818 4246 Ieluorra
839 4181 883 4247 ad
904 4181 1006 4248 Neela.
1042 4181 1129 4248 Mihi
1150 4202 1216 4247 non
1238 4182 1372 4248 dubium
1424 4206 1540 4269 nempe
1567 4185 1652 4268 quod
1680 4205 1842 4268 opponere
1869 4182 1973 4248 voluit
2000 4181 2167 4247 hominem
2194 4203 2302 4248 unum
2335 4177 2387 4244 tuti
2461 4223 2462 4270 q

402 4277 453 4336 est
472 4267 552 4350 quin
573 4265 718 4350 repetitis
740 4265 880 4332 oraaulis
897 4269 1026 4351 saepius
1044 4268 1254 4336 aaniiuuatus
1275 4268 1374 4333 fuerit
1423 4271 1562 4336 mundo:
1597 4269 1699 4337 utin
1733 4269 1822 4336 illius
1850 4289 1988 4352 persona
2020 4267 2166 4332 omnium
2199 4266 2387 4334 iniustitiam
2461 4287 2462 4360 3

402 4352 514 4432 Noah,
544 4361 581 4417 ut
608 4360 695 4419 uerte
725 4372 856 4418 neeesse
885 4361 962 4418 erat
1007 4352 1080 4420 Iam
1108 4353 1268 4419 maximos
1297 4354 1373 4418 tutis
1423 4356 1603 4422 damnaret.
1647 4355 1772 4422 Iterum
1795 4356 1883 4420 enim
1906 4360 2043 4420 testatur
2064 4353 2185 4419 iustam
2203 4369 2389 4437 essequam

402 4446 533 4506 uentum
557 4439 654 4504 annis
675 4446 709 4501 et
729 4445 965 4521 tempestuosos
993 4438 1136 4505 insultus
1164 4439 1372 4517 sustinuerat,
1424 4441 1464 4507 de
1499 4441 1623 4507 mundo
1655 4440 1832 4507 vindictam
1872 4447 2063 4522 sumpturus
2095 4447 2160 4506 out:
2199 4439 2280 4523 quia
2309 4457 2388 4502 unus

403 4534 435 4590 et
456 4525 600 4591 invictus
622 4523 747 4589 athleta
772 4523 929 4588 retulerat
955 4523 1182 4591 memorabiles
1203 4525 1371 4592 victorias:
1423 4535 1553 4592 tantum
1575 4527 1719 4610 reliquus
1741 4527 1839 4591 luerit
1858 4525 1958 4591 homo
1979 4524 2036 4608 qui
2057 4532 2137 4590 tuna
2161 4525 2323 4591 iustitiam
2342 4541 2388 4587 ao-
2461 4537 2462 4556 ¹

403 4611 460 4677 sed
482 4609 545 4676 hue
565 4609 628 4675 fuit
650 4609 846 4676 auerrimum
868 4618 1051 4690 aertamen,
1076 4610 1256 4680 valediaere
1278 4632 1373 4675 mun·
1424 4614 1521 4692 leret,
1550 4613 1583 4677 in
1613 4613 1706 4680 euius
1734 4612 1875 4696 gratiam
1901 4609 2063 4694 propitius
2087 4616 2139 4676 est
2158 4611 2218 4676 toti
2240 4609 2387 4674 familiae.
2461 4635 2462 4642 ι

403 4695 453 4772 do,
472 4704 505 4760 et
522 4695 688 4761 cummuni
706 4695 794 4761 vitae
810 4696 1014 4775 renunciare,
1031 4704 1069 4761 ut
1086 4717 1120 4763 se
1138 4697 1171 4760 in
1190 4716 1298 4762 aream
1317 4696 1373 4762 ab·
1425 4694 1461 4764 Si
1484 4697 1557 4782 quis
1579 4711 1689 4764 tamen
1710 4698 1867 4780 exeipiat,
1895 4695 2024 4846 qmbari
2046 4717 2088 4760 ex
2109 4695 2172 4760 hou
2193 4695 2262 4761 loeo
2286 4696 2389 4760 Deum
2461 4739 2462 4748 ι

403 4780 502 4846 deret.
553 4781 688 4865 Integra
715 4789 787 4846 erat
816 4789 894 4848 tuna
924 4791 1031 4847 terrae
1056 4781 1171 4848 faeies:
1201 4793 1235 4847 et
1264 4782 1374 4848 Moses
1423 4785 1457 4848 in
1487 4783 1657 4850 servandis
1685 4783 1872 4849 hominibus

1920 4781 2016 4848 abere
2037 4802 2172 4864 operum
2195 4791 2389 4864 respeotum:
2461 4767 2462 4838 l

403 4867 481 4931 anni
503 4875 634 4949 tempus
653 4865 803 4951 designat
823 4887 887 4950 qua
910 4866 1029 4932 herbae
1050 4867 1165 4947 virere,
1187 4876 1221 4932 et
1243 4867 1374 4934 arbores
1423 4869 1540 4935 solutio
1561 4871 1597 4935 in
1626 4877 1778 4952 promptu
1800 4879 1866 4948 est,
1889 4889 1954 4933 nou
1975 4887 2121 4951 pugnare
2142 4865 2206 4933 hoe
2222 4887 2300 4933 aum
2322 4885 2389 4950 gra·
2461 4899 2462 4940 ι

402 4954 518 5018 florere
540 4951 711 5034 incipiunt.
756 4953 934 5018 'Pransaeta
958 4959 1029 5016 erat
1050 4952 1166 5036 hyems
1188 4975 1271 5037 quae
1292 4953 1374 5019 aoeli
1423 4955 1506 5020 tuita
1522 4958 1716 5039 aoeeptiuns,
1734 4954 1820 5036 quud
1837 4953 1922 5020 dona
1939 4973 2020 5035 quae
2036 4953 2142 5017 servis
2160 4953 2228 5018 suis
2246 4952 2390 5019 eontulit,
2461 4943 2462 5010 l

402 5048 437 5103 et
457 5047 564 5102 tarrae
585 5037 744 5102 laetitiam
767 5057 881 5120 aspera
903 5049 934 5102 et
951 5037 1099 5120 squalido
1117 5040 1223 5123 rigore
1245 5050 1373 5106 eontra·
1424 5048 1556 5124 aaoepta
1584 5041 1690 5106 habet.
1739 5038 1929 5104 Notandum
1957 5048 2006 5104 est
2032 5038 2154 5121 primo,
2187 5040 2291 5120 gratis
2321 5055 2390 5100 eum

402 5123 462 5189 hit.
506 5122 694 5188 Articulum
717 5121 876 5205 perdendi
897 5123 1011 5188 mundi
1033 5123 1133 5208 elegit
1154 5124 1316 5191 Dominus
1337 5124 1373 5188 in
1424 5147 1534 5190 amare
1563 5127 1727 5203 homines,
1763 5124 1841 5190 dum
1875 5123 1959 5188 nihil
1992 5123 2026 5188 in
2060 5123 2127 5188 illis
2160 5123 2300 5207 reperit,
2334 5119 2391 5186 nisi

403 5211 474 5292 ipsa
502 5209 590 5274 veris
618 5207 782 5291 temperie.
832 5207 970 5274 Initium
1000 5209 1087 5274 enim
1119 5209 1235 5275 diluvii
1264 5211 1374 5276 Mases
1423 5211 1497 5277 odio
1519 5211 1671 5296 dignum:
1697 5209 1957 5293 quandoquidem
1988 5217 2168 5275 naseuntur
2196 5230 2312 5274 omnes
2338 5205 2391 5272 filii

402 5294 502 5360 fuisse
524 5292 625 5358 tradit
647 5313 757 5358 mense
779 5293 937 5361 seeundo:
957 5313 1144 5378 quanquam
1161 5295 1227 5362 seio
1249 5296 1289 5361 de
1311 5295 1373 5362 hac
1424 5297 1506 5376 irae,
1533 5313 1567 5363 et
1595 5307 1747 5363 aeternae
1776 5293 2009 5361 maledictionis
2039 5293 2204 5360 haerodes.
2247 5294 2325 5360 Hoe
2345 5311 2392 5358 rs·
