5022 6192
143 451 184 516 41
799 441 1171 513 COMMENTARIUS
1194 441 1244 508 IN
1270 440 1486 509 GENESIN.
2100 449 2146 514 42

144 659 330 722 perenm
340 636 551 703 illoelraotue
575 633 753 718 navigavit,
773 633 814 700 ab
839 633 922 698 aetio
938 631 1122 716 Euphratis
1163 633 1339 716 immergat
1356 629 1548 714 Euphratae
1566 633 1618 700 vel
1637 633 1798 714 infundat,
1821 649 1946 701 eertum
1969 645 2019 702 eet
2035 638 2143 722 ipaum

146 723 353 808 Babylonem
386 739 509 806 aequo,
543 729 593 786 ter
624 719 716 785 millo
755 729 790 784 et
829 727 976 785 trecenta
1015 718 1122 784 abadia
1165 725 1200 785 et
1232 715 1358 800 Tigrim
1391 715 1480 781 iufra
1514 719 1730 786 eonfluentem
1771 719 1883 787 dividi.
1946 720 2141 807 Quanquam

144 819 308 876 uumerab
344 809 454 893 Tigris
472 813 582 872 aulem
598 805 682 872 aelia
703 807 738 870 in
756 804 928 871 Sosiorum
946 825 1004 870 ora
1020 804 1120 872 looat:
1164 803 1330 869 Arrianus
1362 799 1446 867 libro
1479 804 1619 886 septimo
1656 806 1796 886 eoribat,
1818 828 1885 872 non
1914 828 2016 873 unum
2046 808 2143 874 modo

144 915 211 978 qua
231 905 326 979 parte
349 915 391 959 ex
412 892 512 977 longa
540 892 598 958 illa
620 899 654 957 et
683 888 886 957 memorabili
914 891 1122 976 navigatione
1166 888 1299 956 alveum
1324 885 1507 972 Euphratis
1529 891 1564 955 in
1592 891 1717 974 'I’igrim
1749 890 1932 973 deuouere,
1954 893 2011 959 aed
2032 893 2145 978 pluree

144 981 284 1060 rediens,
303 981 374 1079 regi
391 997 452 1045 auo
469 997 545 1044 oum
562 977 665 1044 elaeae
682 976 831 1052 ooourrib
849 975 1122 1058 quemadmodum
1165 976 1285 1042 fluvios
1306 993 1344 1038 aa
1369 972 1492 1040 ioeaae:
1515 976 1591 1059 quia
1622 997 1666 1042 ex
1696 978 1810 1044 altiore
1834 978 1904 1045 loeo
1926 979 1960 1043 in
1984 979 2142 1045 humilem

144 1067 248 1132 refert
276 1067 440 1132 manue
471 1061 554 1130 libro
574 1063 627 1128 De
656 1062 757 1146 geelie
784 1061 966 1130 Alexandri
998 1071 1121 1128 octavo.
1167 1082 1206 1128 ae
1224 1058 1416 1144 depreeeum
1438 1079 1542 1144 aquae
1562 1060 1658 1128 faeile
1683 1062 1867 1131 deeurranb
1912 1063 2082 1146 Quantum
2102 1065 2144 1131 ad

149 1149 261 1232 Quam
285 1150 483 1218 senteutiam
505 1157 539 1214 et
559 1147 679 1215 Strabo
701 1167 760 1213 euo
777 1147 933 1230 suffragio
954 1149 1125 1214 oonfirmat
1167 1145 1384 1213 eonllueulem
1423 1164 1520 1227 quem
1556 1149 1670 1214 notavi
1702 1149 1738 1215 in
1774 1150 1896 1236 figura,
1939 1149 2143 1235 quorundam

146 1237 231 1304 libro
270 1237 395 1304 deoimo
425 1236 548 1317 quinto.
604 1232 810 1315 Qumunque
848 1239 958 1297 tamen
998 1255 1033 1300 ee
1072 1235 1123 1299 vel
1145 1251 1148 1319 Ι
1168 1231 1279 1317 opruio
1295 1229 1368 1309 fail,
1387 1227 1524 1299 Oobarie
1542 1233 1699 1316 praeleeli
1716 1255 1815 1319 opere
1836 1235 1936 1304 luieae
1958 1235 2144 1319 deonorum,

133 4525 179 4573 ne
216 4509 317 4569 lotoe
348 4497 537 4582 Euphratae
580 4503 751 4587 praecipiti
790 4525 888 4572 eursu
921 4504 1125 4592 Babylonem
1168 4528 1228 4574 auo
1257 4527 1419 4590 quemque
1447 4506 1539 4572 alveo
1568 4505 1688 4572 deferri
1709 4506 1745 4571 in
1773 4527 1863 4572 mare
1884 4505 2038 4583 rubrum,
2060 4505 2143 4571 libro

133 4593 331 4660 infestaret.
385 4584 451 4653 Sed
480 4584 626 4667 loquilur
654 4589 747 4672 quaei
764 4590 804 4656 de
825 4612 862 4656 re
884 4590 997 4657 dubia:
1020 4594 1126 4678 magis
1169 4592 1349 4658 undeoimo.
1395 4591 1525 4658 coitum
1549 4613 1629 4657 vero
1651 4592 1744 4658 illum
1765 4591 1839 4657 fieri
1865 4590 2021 4674 intelligit
2043 4612 2143 4675 supra

134 4674 307 4746 eredibile
346 4680 412 4750 aee,
452 4681 589 4737 naturae
629 4672 763 4741 duolum
800 4677 948 4742 homines
987 4689 1057 4743 arte
1094 4687 1127 4744 el
1170 4679 1241 4747 Bab
1265 4678 1374 4743 lonom
1402 4698 1468 4742 non
1499 4678 1613 4763 prooul
1643 4677 1762 4762 oppido
1783 4676 1940 4756 Massiua,
1962 4684 2000 4740 ut
2021 4676 2143 4760 legitur

132 4759 317 4831 industria
345 4765 502 4842 eequutoe
531 4779 620 4838 ease,
642 4770 680 4826 ut
707 4764 809 4828 suasae
831 4770 1003 4844 pararent,
1026 4786 1125 4847 quum
1170 4701 1264 4848 apul
1280 4765 1425 4829 Plinium
1453 4764 1536 4829 libro
1564 4765 1687 4848 quinto.
1731 4758 1814 4829 Inde
1836 4762 1919 4828 aller
1939 4761 2144 4848 Babylonem

132 4847 270 4916 alieubi
302 4844 508 4927 Euphratem
544 4863 585 4908 ex
619 4848 787 4930 superiora
821 4861 911 4914 terra
947 4863 1062 4932 eponae
1091 4854 1125 4915 iu
1170 4850 1339 4930 interfluit,
1363 4851 1447 4914 alter
1467 4870 1547 4915 vero
1570 4869 1671 4934 prope
1693 4847 1877 4914 Seleueiam
1899 4844 2036 4923 labitur,
2060 4846 2142 4914 duae

133 4933 279 5020 'Pigrim
312 4949 488 4996 excurrere
512 4928 669 4997 viderent.
714 4932 803 5014 Quin
834 4937 948 5012 eriam,
979 4937 1006 5000 ei
1029 4936 1125 5001 Pom·
1172 4937 1268 5002 urbes
1290 4936 1518 5001 eeleberrimae
1542 4949 1575 4999 et
1597 4935 1691 5000 valde
1713 4934 1893 5033 opulentae.
1938 4932 1977 4998 si
1999 4931 2143 4998 admitti-

133 5021 245 5106 ponio
281 5016 390 5082 Melae
419 5016 561 5082 babetur
586 5017 681 5096 fides,
716 5019 908 5085 Semiramis
940 5021 1065 5105 Tigrim
1094 5031 1128 5086 et
1172 5043 1246 5087 mue
1268 5033 1389 5087 ualura
1409 5033 1484 5086 eta
1511 5020 1671 5104 prineipio
1699 5021 1800 5085 fursee
1829 5020 2017 5084 eonlluxum
2039 5019 2142 5098 illum,

134 5105 362 5192 Euphratem
399 5103 503 5168 sioeae
533 5102 654 5186 alioqui
685 5105 940 5190 Mesopotamiae
975 5108 1125 5173 immisit:
1172 5128 1235 5191 quo
1264 5109 1419 5172 miaoetur
1447 5107 1633 5190 Euphrates
1656 5105 1799 5190 Tigrim,
1822 5104 1948 5171 sublata
1969 5112 2021 5169 eet
2037 5105 2143 5170 omnis

135 5192 231 5290 ΨΜ·
267 5185 499 5340 ”lllblll
521 5187 1010 5343 {lid⁵ll¹⁰„l⁸salill⁸al‘
1040 5195 1128 5343 lull
1173 5190 1522 5344 llll‘llellll
1539 5204 1590 5343 {l
1603 5190 2146 5343 lllllllnlrlallllllll

135 5277 361 5448 ffilytlouioe
382 5359 468 5426 ooire
490 5296 555 5425 dguo
572 5360 652 5430 bueo
673 5362 827 5428 flumina:
850 5300 966 5430 daile
984 5301 1129 5432 morium
1174 5366 1247 5432 aliia
1286 5364 1415 5431 dotibus
1454 5300 1652 5442 excolleiies
1674 5383 1746 5429 eam
1789 5328 1932 5429 maxime
1978 5325 2145 5429 oelobiant
