5000 6208
130 421 189 490 lat
785 420 1156 490 COMMENTARIUS
1177 422 1228 488 IN
1250 421 1464 490 euausla.
2069 421 2132 488 198

128 610 266 695 fingitur
287 630 362 677 oum
385 631 487 676 uxore
504 630 564 676 sua
580 610 674 678 iactis
694 618 767 693 post
789 621 918 696 tergum
941 610 1103 694 lapidibus
1154 608 1277 678 debiles
1297 611 1363 676 illis
1384 611 1484 676 luisse
1512 609 1655 676 hostium
1683 607 1824 694 gladios,
1858 617 1894 676 ει
1914 630 1982 676 ncn
2004 609 2136 678 dubite-

129 716 238 762 serere
264 711 338 779 post
366 695 528 761 diluvium
555 697 711 762 homines.
761 696 829 764 Sed
858 696 978 763 talibus
1007 697 1105 780 nugis
1156 707 1231 762 rent
1252 717 1288 762 se
1317 696 1510 780 praecipites
1530 695 1636 762 iecere
1657 695 1694 760 in
1716 695 1836 762 foveas.
1883 692 2021 762 Subiicit
2042 698 2133 763 enim

129 781 240 849 deludi
269 801 401 847 necesse
423 792 474 845 εει
500 784 636 848 miseras
664 784 790 850 animes
817 783 871 848 ubi
895 803 1019 865 epure
1041 782 1105 848 Dei
1155 784 1309 848 ccndnuo
1332 790 1420 866 post,
1444 782 1499 864 qui
1521 780 1605 846 salvi
1625 791 1813 861 evaserant,
1834 780 1959 865 fugisse
1979 780 2014 847 in
2036 802 2132 848 mon·

128 869 269 934 veritate
291 865 509 945 discesserint,
533 875 567 933 et
587 866 649 933 hoc
671 869 806 936 artificio
829 869 949 935 abusus
970 883 1021 934 est
1042 866 1104 933 Se·
1155 879 1215 933 tes.
1265 867 1363 934 Unde
1392 869 1514 950 perisse
1545 865 1728 950 colligimus
1761 867 1817 949 qui
1848 867 1884 932 in
1917 867 2027 936 foveas
2057 887 2132 933 cor·

129 965 185 1018 tan
218 951 260 1018 ad
292 953 390 1017 fidem
431 952 651 1036 abrogandam
685 954 747 1019 Dei
787 953 960 1018 miraculis.
1017 952 1106 1033 Quia
1155 963 1298 1018 ruerant.
1350 954 1492 1018 'I'antum
1524 952 1665 1019 sciamus
1687 973 1752 1019 non
1783 960 1851 1018 tem
1871 951 2015 1020 locorum
2037 953 2135 1052 igno-

129 1039 217 1104 enim
240 1048 308 1103 tam
330 1039 394 1102 cito
415 1036 536 1104 aboleri
559 1059 623 1103 non
647 1047 775 1120 poterat
800 1038 916 1104 diluvii
938 1039 1103 1116 memoria,
1154 1039 1262 1105 rantis
1284 1037 1433 1122 deceptos
1459 1058 1558 1120 quam
1585 1057 1708 1120 pavore
1735 1037 1938 1104 exanimatos
1966 1036 2133 1122 cecidisse.

129 1133 163 1188 ει
184 1124 317 1189 ιεεοιιιε
338 1123 417 1188 novi
438 1123 553 1188 mundi
575 1125 782 1207 propagatio,
806 1124 940 1189 nebulae
962 1124 1104 1189 fumum·
1242 1125 1292 1190 12.
1318 1124 1470 1206 Ceperual
1490 1143 1609 1206 qaoque
1627 1123 1693 1190 Lot.
1738 1121 1886 1189 Dubium
1908 1130 1975 1202 εει,
1999 1123 2130 1190 domine

129 1231 209 1292 que,
238 1211 367 1274 iniectis
396 1209 574 1292 puerilibus
602 1210 782 1292 figmentis,
816 1210 953 1292 sparsit,
984 1221 1020 1274 ut
1046 1229 1104 1290 pro
1155 1210 1339 1277 substiterit
1355 1211 1435 1286 Lot,
1459 1229 1559 1292 quum
1583 1209 1706 1293 egressi
1728 1219 1805 1274 sunt
1827 1209 1883 1274 alii
1908 1207 1949 1274 ed
1973 1230 2129 1294 pugnem,

129 1296 241 1362 fabule
262 1294 438 1360 haberetur
466 1294 551 1377 quod
578 1295 670 1377 prius
698 1307 787 1360 certo
816 1296 993 1360 constabat.
1038 1295 1104 1358 Nc·
1156 1306 1190 1361 ει
1222 1296 1289 1362 ιιιιε
1323 1295 1546 1379 deprehensus
1578 1293 1679 1360 fuerit
1707 1293 1747 1360 ub
1775 1294 1940 1362 hostibus:
1974 1316 2016 1361 an
2052 1313 2131 1362 vero

131 1380 267 1446 tandum
290 1391 399 1445 tamen
419 1389 485 1459 εει,
507 1401 601 1464 reges
628 1381 737 1446 vocari
759 1401 778 1446 a
800 1381 892 1446 Mose
919 1381 1105 1463 quicunque
1156 1403 1248 1448 arma
1281 1402 1356 1448 cum
1385 1380 1510 1462 reliquo
1542 1379 1664 1464 populo
1697 1377 1833 1445 induere
1862 1389 1991 1446 coactus
2019 1380 2131 1450 fuerit.

130 1467 165 1531 in
187 1465 307 1550 oppido
332 1465 456 1548 aliquo,
487 1479 521 1530 et
542 1465 697 1532 mediocri
725 1465 895 1532 homiuum
923 1473 1016 1530 coetu
1039 1465 1105 1548 pri·
1156 1467 1242 1548 Quia
1270 1475 1381 1532 autem
1409 1467 1479 1531 ειεε
1500 1485 1566 1530 non
1595 1465 1745 1531 meminit
1773 1466 1897 1532 Moses:
1930 1466 1995 1532 nisi
2027 1487 2130 1549 quum

130 1563 256 1617 matum
284 1551 449 1617 tenebant.
495 1550 674 1632 Quaeritur
696 1571 737 1616 en
766 1571 860 1634 reges
887 1551 941 1616 isti
963 1552 1020 1634 qui
1042 1551 1104 1616 Ge·
1155 1553 1196 1619 ad
1231 1552 1319 1619 urbis
1351 1551 1568 1634 direptionem
1600 1560 1736 1616 ventum
1769 1563 1835 1630 est,
1871 1551 2046 1634 probabilis
2079 1560 2130 1618 est

130 1637 314 1702 dorlaomer
343 1638 471 1720 sequuti
500 1645 593 1712 sunt,
625 1636 736 1719 procul
765 1637 998 1702 habitaverint:
1030 1636 1106 1718 quia
1155 1640 1354 1715 coniectura,
1381 1637 1526 1704 confecto
1547 1635 1670 1718 praelio
1691 1634 1779 1702 domi
1801 1645 1932 1721 ceptum
1953 1659 2023 1704 esse
2045 1639 2131 1703 incr·

130 1737 267 1791 vccatur
289 1724 425 1789 'Phideal
444 1746 502 1788 rex
525 1721 681 1807 gentium.
727 1721 813 1788 Sunt
830 1723 884 1805 qui
907 1722 1004 1805 longe
1027 1717 1105 1786 late-
1156 1745 1251 1790 mem.
1313 1722 1462 1789 Primum
1502 1732 1611 1788 autem
1648 1721 1701 1788 hie
1739 1722 1904 1788 cernimus
1943 1743 2130 1790 communes

130 1835 193 1898 que
216 1811 355 1877 diversis
377 1809 529 1894 gentibus
550 1809 728 1890 imperasse
757 1810 899 1892 fingunt:
930 1807 1022 1890 quasi
1046 1828 1105 1872 rex
1156 1831 1226 1876 esee
1249 1809 1341 1874 bonis
1362 1818 1396 1874 ει
1417 1808 1512 1873 melis
1534 1826 1721 1873 aerumnas:
1756 1807 1888 1886 deinde,
1911 1829 1975 1891 quo
1998 1810 2130 1891 propius

130 1920 245 1983 regum
280 1896 387 1961 fuerit.
439 1894 544 1960 Vetus
576 1895 674 1958 etiam
708 1894 871 1976 interpres
907 1894 1030 1972 Ariceh
1063 1914 1105 1958 cx
1155 1895 1322 1962 coniuncti
1344 1913 1458 1960 sumus
1480 1892 1644 1959 sceleratis
1667 1904 1700 1957 et
1721 1893 1840 1975 impiis,
1862 1914 1961 1976 quum
1984 1895 2017 1959 in
2040 1896 2129 1977 ipsos

130 1990 240 2053 Ponto
263 1983 413 2051 accersit:
447 1979 532 2063 quod
560 1979 656 2044 valde
684 1978 862 2045 absurdum
886 1991 944 2043 εει.
989 1978 1105 2044 Ροιιεε
1156 1978 1435 2047 Deusvindictem
1454 1998 1545 2045 suem
1564 1979 1696 2056 exserit,
1715 1978 1810 2046 citius
1828 1978 1869 2044 ed
1887 1980 2130 2062 nospervenire

129 2075 282 2140 existimo
300 2072 386 2134 hanc
404 2067 501 2132 fuisse
520 2066 660 2130 nominis
677 2065 847 2142 rationem,
866 2064 952 2148 qnod
970 2084 1104 2129 menum
1153 2067 1292 2152 flagella.

131 2160 267 2226 haberet
292 2153 499 2221 collectitium
529 2172 570 2216 ex
597 2149 741 2234 profugis
771 2161 805 2216 et
833 2150 1016 2230 erronibus,
1051 2150 1105 2232 qui
1242 2153 1292 2218 13.
1330 2150 1421 2216 Verrii
1443 2149 1575 2232 quidam
1602 2149 1657 2231 qui
1684 2154 1831 2215 ευαεεναι.
1877 2149 1968 2216 Haec
1997 2157 2048 2215 est
2076 2171 2128 2216 se·

130 2267 165 2313 se
194 2245 309 2310 relicta
336 2240 443 2325 patria
471 2236 512 2303 ed
542 2258 617 2302 eum
645 2237 859 2315 contulerant.
911 2237 1001 2320 Ergo
1030 2236 1106 2318 quie
1156 2237 1262 2304 cunda
1284 2257 1360 2319 pars
1380 2235 1505 2319 capitis,
1528 2234 1585 2300 ubi
1606 2237 1741 2317 exponit
1761 2235 1885 2312 Moses,
1912 2255 2011 2317 quum
2034 2234 2128 2304 Deus

130 2352 233 2397 unum
257 2337 290 2392 et
311 2327 462 2392 nativum
485 2343 550 2388 non
572 2331 643 2388 erat
665 2323 774 2405 populi
796 2342 926 2404 corpus,
949 2321 1007 2386 sed
1029 2341 1105 2385 con·
1156 2345 1287 2389 servum
1309 2343 1406 2387 suum
1429 2321 1496 2386 Lot
1517 2319 1700 2404 respiceret,
1724 2319 1848 2386 Abram
1868 2319 1916 2385 illi
1938 2320 2065 2386 dedisse
2087 2321 2127 2386 li-

129 2420 244 2483 flatum
275 2435 317 2478 cx
346 2411 529 2494 promiscua
556 2409 667 2484 turba,
697 2429 833 2489 regnum
863 2408 1011 2491 gentium
1030 2417 1105 2490 epte
1156 2411 1354 2487 beratcrem,
1391 2407 1447 2490 qui
1475 2427 1549 2472 eum
1578 2427 1596 2470 e
1625 2405 1775 2471 menibus
1802 2405 1943 2471 hostium
1976 2407 2126 2488 eriperet.

129 2513 283 2568 vocatum
313 2507 372 2562 εει.
417 2493 512 2576 Quod
541 2492 702 2578 praelium
733 2494 811 2558 dicit
838 2493 1046 2558 commissum
1070 2494 1104 2556 in
1156 2494 1223 2562 Sed
1245 2494 1299 2560 hic
1320 2495 1473 2560 criuntur
1494 2490 1604 2558 seriae
1625 2492 1846 2573 quaestiones,
1872 2513 1914 2556 an
1938 2490 2047 2558 Abrae
2069 2492 2128 2560 hc·

130 2590 215 2655 valle
245 2584 368 2662 silim,
399 2581 451 2645 vel
476 2581 666 2662 campestri,
698 2599 780 2661 quae
809 2589 887 2644 tunc
916 2590 986 2642 erat
1015 2595 1105 2642 mare
1156 2581 1236 2646 mini
1258 2582 1384 2663 privato
1406 2576 1536 2644 licuerit
1557 2597 1684 2642 armare
1704 2576 1861 2643 familiam
1885 2586 1997 2644 contra
2025 2599 2128 2664 reges,

128 2676 223 2749 salis,
246 2692 312 2736 non
336 2667 472 2733 dubium
497 2675 548 2729 εει
569 2665 647 2746 quin
670 2685 759 2730 mare
780 2671 947 2729 mortuum
976 2663 1031 2728 vel
1054 2684 1105 2728 as·
1156 2677 1189 2732 et
1217 2665 1384 2748 publicum
1412 2663 1533 2728 bellum
1561 2662 1734 2746 suscipere.
1779 2663 1851 2746 Ego
1872 2684 1950 2730 vero
1978 2683 2044 2728 nou
2068 2664 2128 2730 du·

129 2759 288 2845 phaltites
320 2762 419 2820 notet.
477 2749 608 2816 Sciebat
646 2751 764 2833 quibus
804 2749 987 2814 destinatus
1019 2757 1106 2814 esset
1155 2752 1236 2828 bito,
1276 2751 1373 2817 sicuti
1406 2749 1541 2832 spiritus
1572 2749 1694 2813 virtute
1725 2750 1907 2816 instructus
1936 2749 1970 2813 in
2004 2747 2126 2814 bellum

128 2846 298 2928 magister,
320 2841 393 2905 idco
417 2839 517 2902 verba
538 2835 579 2900 ud
600 2833 714 2901 rudem
737 2834 848 2918 populi
870 2845 1000 2916 captum
1023 2855 1105 2900 sem·
1156 2835 1337 2914 descendit,
1367 2836 1413 2901 sio
1435 2833 1566 2899 coelesti
1587 2833 1742 2900 mandato
1763 2833 1863 2899 ιειεεε
1884 2834 2062 2915 munitum,
2086 2855 2128 2901 ne

128 2953 189 3015 per
210 2935 422 3009 attemperat,
445 2933 479 2987 et
500 2921 562 2987 hcc
584 2922 651 2987 fere
679 2922 813 2987 solenne
842 2919 942 2984 habet
963 2921 998 2983 in
1020 2919 1105 2984 loco·
1157 2923 1334 2989 vocationis
1352 2930 1546 2988 suasmetes
1564 2919 1770 2986 transsiliret.
1800 2919 1912 3004 Neque
1924 2919 1986 2986 hcc
2002 2941 2126 2986 novum

127 3039 205 3083 rum
224 3010 419 3088 nominibus,
441 3006 711 3090 quemadmodum
730 3007 821 3090 prius
839 3005 943 3088 attigi.
979 3005 1105 3069 'Pernen
1157 3007 1261 3074 videri
1293 3007 1406 3085 debet,
1445 3027 1547 3089 quum
1579 3005 1727 3089 specialis
1755 3015 1852 3078 ‚esset
1883 3005 1954 3072 eius
1984 3007 2127 3072 vocatio:
2242 3063 2245 3071 .

128 3115 209 3168 ante
221 3099 380 3185 praelium
397 3095 604 3166 commissum
622 3102 856 3158 commemoret
867 3092 977 3156 Moses
994 3110 1106 3156 caesos
1156 3105 1284 3160 creatus
1323 3096 1388 3158 iem
1425 3101 1498 3157 erat
1536 3111 1595 3156 rex
1633 3091 1721 3158 illiue
1758 3101 1873 3156 terrae.
1929 3089 2127 3174 Quanquam

127 3189 253 3273 passim
274 3185 376 3249 fuisse
403 3180 545 3264 regionis
572 3179 704 3244 incolas.
750 3177 938 3242 Verisimile
964 3186 1016 3240 est
1035 3197 1104 3240 oru-
1156 3180 1315 3262 possessio
1337 3180 1372 3242 in
1394 3175 1482 3242 eliud
1504 3184 1633 3261 tempus
1654 3176 1880 3257 differebatur,
1903 3177 1995 3243 Deus
2016 3185 2128 3244 ιεεεεε

127 3297 190 3339 nes
212 3273 313 3338 luisse
334 3267 521 3348 dissipates,
547 3264 770 3347 quianullum
795 3263 958 3328 habebant
979 3262 1104 3341 ducem,
1155 3265 1323 3349 singulare
1345 3261 1474 3345 aliquod
1502 3263 1667 3348 specimen
1688 3263 1758 3328 eius
1779 3262 1948 3346 potestatis
1970 3261 2048 3327 dare
2071 3284 2127 3330 vo.

127 3361 224 3427 ouius
244 3353 397 3439 auspiciis
423 3351 602 3428 bellarent,
631 3349 732 3415 donec
760 3348 903 3431 quinque
932 3369 1026 3430 reges
1048 3345 1104 3411 ob·
1155 3351 1220 3416 luit
1258 3369 1340 3434 quse
1361 3345 1480 3414 'adhuc
1514 3347 1702 3414 hominibus
1734 3349 1846 3432 ignote
1884 3355 1964 3413 erat
2020 3347 2126 3429 Quale

127 3447 218 3510 viam
237 3437 401 3526 progressi
422 3445 503 3502 sunt
523 3437 683 3503 instructo
704 3434 859 3500 exercitu.
902 3433 973 3498 Etsi
995 3443 1103 3498 eutem
1156 3435 1358 3519 praeludium
1380 3434 1521 3518 legimus
1542 3433 1576 3497 in
1599 3434 1701 3514 Mose,
1723 3433 1800 3499 dum
1823 3433 2022 3517 Aegyptium
2045 3435 2128 3499 oeci.

126 3529 360 3596 Oodorlaomer
388 3520 563 3606 tyrannide
592 3521 698 3604 magis
725 3540 822 3602 quam
852 3519 939 3584 iusto
966 3518 1104 3601 imperio
1155 3522 1220 3600 dit,
1257 3522 1444 3605 priusquam
1478 3539 1513 3584 se
1547 3519 1708 3586 vindicem
1742 3541 1779 3584 ec
1806 3518 2012 3584 liberatorem
2046 3539 2126 3585 suae

125 3629 180 3682 tot
199 3614 261 3681 sibi
282 3608 421 3694 populos
441 3606 628 3674 tributarios
650 3607 778 3684 fecerat,
800 3614 897 3688 atque
914 3605 962 3669 ita
982 3605 1104 3687 imprc·
1155 3607 1264 3691 gentis
1292 3605 1400 3689 pelam
1430 3606 1647 3687 profiteretur.
1691 3607 1802 3687 Atque
1822 3604 1884 3672 hcc
1912 3601 1985 3670 ideo
2007 3612 2125 3670 notan·

124 3701 239 3768 banda
271 3709 322 3764 est
354 3696 423 3762 eius
456 3693 605 3758 ambitio:
642 3693 729 3756 iuste
768 3698 877 3754 tamen
916 3690 1105 3773 plectuntur
1156 3694 1233 3758 dum
1255 3701 1315 3770 est,
1344 3713 1385 3756 ne
1407 3711 1450 3755 ex
1472 3690 1532 3756 hcc
1554 3689 1639 3756 lecto
1658 3691 1804 3773 regulam
1826 3689 1889 3755 sibi
1915 3690 2125 3769 constituant,

123 3786 285 3860 subiecti,
311 3781 387 3865 qnia
408 3793 530 3846 temere
559 3778 807 3844 rebellaverant.
852 3775 937 3840 Nam
959 3776 1021 3840 etsi
1044 3775 1103 3840 mi·
1153 3779 1209 3862 qui
1237 3799 1272 3844 se
1300 3785 1335 3842 ει
1363 3797 1440 3843 εεεε
1475 3786 1632 3859 cuperent
1658 3796 1759 3841 manu
1787 3784 1914 3841 armata
1942 3773 2125 3855 defendere,

125 3877 217 3939 nime
247 3864 431 3954 spernenda
451 3875 501 3930 cst
529 3863 677 3942 libertas,
706 3861 862 3928 subiectio
889 3872 999 3946 tamen
1021 3881 1104 3944 quae
1153 3865 1279 3948 quoties
1315 3862 1425 3944 eliqua
1458 3861 1506 3927 vis
1546 3861 1636 3925 illata
1668 3870 1727 3926 est.
1782 3862 1902 3926 Postea
1940 3861 2126 3928 ridebimus

124 3958 232 4026 semel
262 3955 355 4020 nobis
388 3951 539 4033 imposita
571 3962 635 4027 εει,
675 3950 746 4013 ειεε
778 3947 909 4028 obliqua
947 3947 1104 4011 adversus
1154 3948 1294 4016 eundem
1328 3949 1451 4013 Abram
1485 3947 1648 4030 patienter
1679 3955 1713 4011 et
1744 3945 1841 4012 molli'
1868 3946 1977 4012 animo
2010 3947 2125 4013 tulisse

125 4047 239 4112 Deum
267 4037 474 4107 wulumflcia
501 4035 608 4100 excuti
636 4055 702 4099 non
735 4044 854 4116 potest:
889 4033 966 4114 quia
997 4033 1103 4096 omnis
1153 4037 1306 4112 iniurias,
1332 4054 1416 4117 quae
1437 4053 1503 4098 non
1530 4032 1639 4097 minus
1660 4033 1730 4097 eius
1757 4033 1900 4096 animum
1930 4031 2125 4099 exacerbare

123 4141 274 4215 potestas
292 4124 452 4190 divinitus
469 4129 519 4185 εει
541 4120 692 4184 ordinate
716 4117 824 4203 (Rom.
845 4119 895 4195 13,
915 4116 958 4202 1),
976 4117 1103 4182 etiamsi
1153 4131 1313 4204 poterant.
1364 4119 1467 4184 Porro
1493 4117 1578 4200 quod
1612 4118 1694 4183 nihil
1724 4132 1846 4183 temere
1879 4138 2052 4203 aggressus
2081 4119 2125 4184 sis

123 4218 222 4282 initio
240 4236 261 4278 a
282 4207 416 4276 libidine
438 4206 628 4272 dominandi
650 4205 842 4270 manaverit.
879 4204 969 4285 Ergo
987 4202 1042 4266 alii
1060 4223 1101 4266 ex
1141 4208 1292 4293 Abram,
1315 4206 1395 4289 quin
1416 4203 1526 4286 potius
1548 4202 1620 4269 Dec
1641 4204 1815 4285 probatum
1838 4202 1937 4267 fuerit
1958 4205 2027 4268 eius
2049 4224 2126 4270 con·

123 4301 305 4368 rebellibus
333 4296 438 4360 instar
466 4291 626 4374 pecudum
659 4301 857 4355 mactantur:
891 4289 947 4353 ulii
976 4289 1102 4354 etiamsi
1152 4293 1276 4368 silium.
1310 4289 1408 4373 paulo
1436 4301 1509 4371 post
1538 4288 1674 4371 liquebit
1702 4309 1744 4354 ex
1771 4288 1875 4372 elogio
1896 4288 2124 4356 Melchisedec,

123 4409 222 4453 arma
245 4383 428 4457 induerint,
451 4389 485 4442 et
506 4379 612 4460 parati
634 4378 700 4442 sint
722 4376 761 4440 ad
786 4375 1013 4454 resistendum,
1033 4373 1100 4456 pel·
1152 4378 1231 4444 Ideo
1252 4389 1434 4443 statuamus
1454 4373 1614 4458 singulari
1635 4375 1770 4457 spiritus
1795 4374 1972 4440 directione
1992 4396 2125 4459 suscep·

125 4475 246 4538 luntur
264 4486 376 4533 tamen
395 4466 429 4529 in
447 4463 575 4547 fugam:
592 4463 640 4528 ita
656 4462 829 4527 infeliciter
846 4460 998 4526 omuibus
1014 4459 1102 4527 cedit
1151 4475 1224 4529 tum
1261 4462 1362 4527 luisse
1395 4460 1436 4525 ab
1468 4481 1506 4525 ec
1534 4460 1596 4524 hoc
1624 4458 1757 4525 bellum.
1804 4457 1840 4524 Si
1870 4460 1944 4542 quis
1973 4459 2124 4541 excipiat,

122 4571 309 4626 contumax
338 4550 469 4634 negatio
497 4550 621 4613 tributi.
664 4548 711 4612 Et
736 4546 900 4612 notandae
921 4561 999 4611 sunt
1020 4546 1101 4610 tales
1153 4549 1290 4614 ulterius
1323 4561 1431 4612 temen
1473 4565 1682 4629 progressum
1715 4565 1785 4610 esse
1817 4566 1913 4626 quum
1947 4545 1995 4611 fas
2027 4555 2122 4624 esset,

123 4643 300 4718 historias,
330 4648 368 4704 ut
388 4634 464 4701 inde
490 4634 667 4711 discemus,
695 4632 832 4698 adverso
856 4633 925 4698 Deo
953 4651 1101 4715 pugnare
1151 4656 1253 4716 quum
1276 4633 1415 4698 victores
1436 4629 1558 4713 praeda
1575 4639 1609 4695 ει
1625 4631 1762 4714 captivis
1783 4630 1943 4714 spoliarit,
1966 4629 2125 4700 ussedo-

122 4731 315 4814 ‘luissun‘lue
337 4721 525 4788 mamiliam
547 4730 718 4802 quaerunt,
1151 4721 1248 4784 mites
1268 4717 1411 4782 restituit
1426 4717 1460 4781 in
1478 4718 1651 4798 integrum,
1675 4717 1730 4798 qui
1752 4716 1822 4780 eius
1846 4716 1966 4782 tutelae
1988 4717 2124 4782 minime

127 4885 130 4892 ,
216 4813 267 4878 ¹⁰·
287 4809 447 4892 illm
462 4825 519 4870 '⁶³⁶
532 4804 681 4870 sm
698 4801 1102 4885 ⁶²⁶·Qlid2m011’011110i
1151 4804 1316 4872 sommae
1343 4811 1451 4881 erant,
1485 4802 1681 4885 respondeo,
1716 4799 2122 4868 ceramussense

121 4900 285 4968 cecidisse
306 4898 340 4960 in
362 4903 491 4975 puteos:
519 4890 606 4973 qucd
629 4890 803 4955 verisimile
825 4909 892 4953 non
914 4899 978 4966 est,
1001 4909 1099 4970 quum
1151 4889 1267 4956 ducem
1289 4895 1323 4955 ει
1343 4897 1489 4954 sumnam
1510 4888 1618 4963 fuisse,
1641 4887 1726 4970 quod
1744 4908 1786 4952 ex
1807 4885 2035 4969 approbatione
2057 4889 2124 4958 ocl-

120 4987 267 5052 minime
293 4982 434 5046 locorum
461 4977 569 5059 ignari
600 4985 724 5041 essent:
756 4975 790 5040 id
812 4974 923 5057 potius
955 4975 1100 5039 externis
1151 4978 1280 5060 ligitur,
1310 4995 1376 5038 non
1403 4993 1474 5038 csse
1503 4991 1561 5039 eur
1590 4973 1794 5056 disputemus
1813 4971 1854 5038 de
1883 4992 2002 5039 arogno
2029 4973 2122 5040 injus

88 5135 94 5144 .
121 5069 278 5138 hostibus
312 5063 488 5132 accidisset.
542 5061 608 5127 Alii
644 5061 757 5127 dicunt
794 5060 974 5126 servandae
1013 5060 1101 5124 vitae
1149 5061 1278 5128 iudicio.
1322 5058 1507 5125 Sodomitus
1537 5059 1672 5141 perditis
1701 5056 1874 5124 redoletis
1901 5077 2013 5125 eorum
2042 5061 2123 5126 vici.

119 5177 229 5226 cause
249 5151 328 5218 illuc
348 5150 495 5231 delapsos
516 5169 595 5213 esse.
631 5147 704 5230 Ego
726 5153 844 5224 autem,
867 5147 962 5210 utin
983 5146 1101 5210 ultima
1151 5149 1210 5226 nis,
1232 5147 1309 5228 quia
1328 5143 1473 5213 omnium
1495 5142 1663 5210 deterrimi
1684 5153 1787 5222 erant,
1805 5143 1846 5208 ad
1862 5143 2018 5212 iudicium
2037 5156 2125 5210 atra

121 5239 356 5326 desperatione
385 5234 456 5300 fieri
483 5233 580 5312 solet,
608 5241 746 5297 mortem
774 5253 875 5296 unam
903 5231 968 5296 elia
995 5242 1100 5296 morte
1150 5234 1218 5300 cius
1258 5231 1487 5297 destinaverat.
1545 5231 1677 5297 Excitat
1714 5230 1816 5313 igitur
1854 5249 1984 5295 servum
2025 5249 2125 5298 suum

118 5343 274 5396 mutasse
295 5321 458 5404 intelligo:
488 5339 525 5386 eo
547 5320 574 5383 ει
597 5317 718 5383 diceret
741 5319 865 5397 Moses,
894 5331 959 5382 tam
989 5317 1100 5382 formi-
1150 5319 1291 5396 Abram,
1321 5318 1375 5400 qui
1400 5317 1610 5400 castigatione
1632 5315 1711 5381 satis
1734 5315 1817 5382 dura
1838 5316 2020 5382 admonitos
2042 5317 2129 5383 libe-

1374 5425 1382 5448 s
1864 5417 1914 5472 13.

1062 5677 1069 5708 Ι
