5022 6192
390 422 434 488 39
896 357 898 366 a
1047 407 1420 494 COMMENTARIUS
1442 414 1493 482 IN
1515 413 1728 483 GENESHI.
2344 417 2386 480 40

393 611 516 693 eapite,
539 608 576 674 in
598 627 746 674 sermone
775 607 936 675 inolusam
965 604 1064 672 tuisse
1085 625 1197 671 rerum
1221 603 1367 670 omnium
1417 602 1532 682 fluant,
1554 602 1751 687 probabilior
1772 611 1822 672 est
1838 623 1952 670 eorum
1969 602 2079 688 opinio
2095 603 2152 688 qui
2169 601 2250 669 dnos
2266 623 2385 681 eorum,

395 696 514 762 vitam:
537 692 730 844 Emesertim
748 713 826 760 vero
844 693 1026 769 homiuum,
1045 712 1129 774 quae
1145 710 1222 758 oum
1242 689 1369 755 ratione
1418 689 1494 754 lieet
1532 688 1685 756 obsoletis
1723 689 1790 756 iam
1828 687 2033 768 nominibus,
2076 690 2183 756 notari
2226 688 2384 754 divinant.

394 789 429 846 et
457 780 536 845 intel

394 863 580 932 admonitus
607 865 671 930 fuit
699 863 825 946 Adam,
859 863 943 928 nihil
977 863 1038 930 sibi
1071 863 1163 945 quasi
1198 861 1368 944 proprium
1418 859 1506 926 enim
1537 860 1679 926 fiuvium
1719 881 1838 941 unum,
1869 881 1944 944 quo.
1973 860 2087 928 hortus
2124 859 2321 940 alluebatur,
2352 860 2386 926 iu

394 949 576 1027 vindioure,
601 957 639 1014 ut
668 957 798 1016 totusa
827 949 895 1016 filio
917 949 983 1016 Dei
1009 947 1183 1032 penderet,
1205 965 1266 1012 neo
1291 944 1369 1010 alibi
1440 953 1535 1012 nator
1584 946 1692 1030 oapita
1737 946 1864 1014 dividit.
1933 947 2073 1013 Constat
2122 955 2233 1013 summ
2274 945 2387 1029 prooul

394 1055 494 1120 quam
514 1035 550 1100 in
572 1036 645 1118 ipso
666 1035 771 1100 uitam
789 1043 970 1118 quaereret.
1017 1033 1114 1115 Quod
1132 1033 1162 1099 si
1177 1032 1233 1098 ille
1255 1031 1368 1112 vitem,
1418 966 1550 1098 dissitos
1566 1051 1637 1098 esse
1665 1031 1846 1116 Euphratis
1867 1041 1902 1100 et
1922 1031 2066 1116 Tigridis
2087 1032 2202 1098 tontes.
2246 1031 2303 1096 lix
2326 1031 2387 1096 hoo

393 1142 458 1206 quo
487 1128 633 1206 tempore
653 1120 850 1188 ineolumem
871 1119 1072 1205 possidebat,
1094 1118 1227 1185 nonnisi
1247 1117 1284 1182 in
1303 1117 1369 1186 Dei
1419 1116 1506 1183 nodo
1528 1117 1715 1202 sequidem
1735 1119 1784 1184 ita
1812 1138 1854 1185 ex
1919 1119 2006 1198 ient,
2034 1116 2119 1202 quod
2141 1116 2259 1184 diluvii
2281 1125 2386 1182 vasta·

394 1227 545 1274 ammone
567 1206 743 1290 repositam
766 1206 892 1287 hebuit,
914 1227 974 1272 neo
996 1206 1091 1273 aliter
1112 1225 1243 1271 servare
1261 1205 1369 1286 potuit
1419 1201 1508 1269 tione
1529 1211 1657 1269 mutata
1683 1204 1785 1270 fuerit
1811 1225 1848 1270 or
1869 1205 1899 1271 is
1920 1204 2034 1272 faoies:
2056 1203 2130 1270 ideo
2151 1203 2222 1270 fieri
2244 1203 2387 1286 potuisse

394 1293 544 1378 quamsi
571 1293 621 1358 illi
649 1299 813 1376 aoeeptam
840 1292 955 1358 ferret:
987 1289 1146 1375 perditum
1175 1308 1367 1373 reeuperare
1419 1285 1584 1367 divinant,
1616 1296 1654 1355 ut
1684 1288 1810 1356 turbati
1849 1291 1917 1357 sint
1948 1309 1987 1356 ae
2026 1289 2176 1356 eonversi
2214 1289 2387 1354 fluminum

393 1377 482 1444 unda
510 1396 571 1445 nor
603 1377 755 1463 oportet?
789 1376 940 1446 Sciamus
972 1397 1066 1462 ergo,
1098 1374 1156 1442 ubi
1184 1397 1204 1441 a
1232 1375 1367 1440 Christo
1418 1393 1551 1452 aumas,
1572 1380 1607 1439 et
1634 1375 1850 1459 suaturigines
1882 1375 1945 1442 alio
1977 1374 2164 1452 translatae,
2195 1373 2283 1458 quod
2307 1373 2386 1438 mihi

395 1463 620 1545 dieoessimns,
649 1463 733 1528 nihil
764 1471 893 1547 praetor
925 1472 1064 1529 mortem
1105 1460 1200 1528 uobis
1232 1469 1365 1526 restare.
1416 1459 1624 1526 nullomodo
1652 1461 1876 1545 reeipiendnm
1899 1459 2039 1529 ridetur.
2082 1459 2169 1526 Nam
2195 1459 2258 1526 etsi
2285 1460 2387 1526 fateor

394 1547 472 1616 Soio
491 1549 573 1616 alios
590 1548 745 1633 quosdam
764 1547 805 1613 ad
823 1550 927 1614 vitam
944 1547 1146 1632 eorporalem
1157 1546 1365 1630 restringere.
1417 1551 1541 1611 terram
1567 1566 1609 1612 ex
1635 1547 1749 1612 nativa
1775 1545 2018 1631 pnlohritndine
2043 1545 2080 1612 iu
2108 1546 2265 1612 miserum
2293 1563 2387 1628 sque·

393 1634 474 1702 Vim
495 1636 639 1718 eorporis
660 1633 833 1716 vegetandi
855 1635 891 1699 in
912 1635 1027 1701 arbore
1054 1632 1154 1699 fuisse
1175 1638 1307 1713 putant,
1329 1639 1367 1698 nt
1417 1629 1534 1711 lorem,
1553 1640 1586 1698 et
1613 1632 1705 1714 qnasi
1731 1631 1916 1700 luotuosum
1943 1631 2092 1699 habitum
2118 1628 2287 1698 redaotam
2307 1650 2386 1709 esse,

394 1727 501 1786 aetate
520 1739 689 1803 nunquam
706 1719 946 1803 laugueaoeret:
965 1718 1022 1786 sed
1044 1738 1100 1784 eos
1121 1718 1273 1783 omittere
1295 1715 1366 1786 dieo
1416 1736 1459 1781 ex
1491 1736 1555 1800 quo
1587 1717 1761 1784 maledieta
1796 1718 1878 1796 fuit,
1905 1725 2019 1802 postea
2045 1717 2081 1783 in
2120 1717 2244 1784 dilavio
2277 1716 2387 1782 multis

395 1803 484 1891 quod
510 1805 721 1890 praeeipuam
746 1812 796 1872 eet
817 1806 853 1870 in
874 1805 961 1886 vita,
982 1823 1100 1888 nempe
1128 1802 1366 1887 intelligentiae
1417 1801 1495 1869 loeis
1512 1811 1675 1870 vmtatam
1693 1822 1780 1870 esse:
1799 1804 1872 1871 dieo
1889 1811 2002 1870 tamen
2018 1803 2157 1870 eandem
2174 1823 2245 1868 esse
2266 1810 2388 1868 terram

456 1891 550 1958 ham:
572 1911 701 1974 semper
721 1892 810 1958 euim
830 1887 1012 1957 uidendum
1040 1909 1195 1974 quorsum
1216 1888 1366 1956 eonditor
1417 1908 1500 1971 quae
1522 1887 1616 1954 initio
1636 1899 1746 1956 ereata
1763 1890 1880 1956 fuerat.
1918 1887 2014 1956 Adde
2031 1890 2117 1973 quod
2140 1887 2388 1974 topographiam

393 1911 495 2044 dieunt
516 1977 630 2056 homo,
653 1985 688 2044 et
714 1997 875 2062 quaenam
903 1976 954 2042 illi
982 1975 1082 2042 tuerit
1109 1973 1244 2042 vivendi
1273 1976 1364 2041 ratio.
1417 1993 1511 2040 auam
1532 1974 1643 2041 Moses
1665 1973 1752 2060 (meo
1780 1975 1912 2059 quidem
1939 1965 2073 2062 iudicio)
2095 1973 2138 2042 ad
2165 1995 2243 2041 suae
2273 1973 2388 2040 aetatis

393 2062 492 2140 (lerte
518 2063 589 2130 eius
610 2063 724 2131 vivere
748 2083 814 2128 non
836 2062 899 2128 fuit
925 2062 1046 2128 babere
1068 2059 1229 2126 duntaxat
1249 2081 1286 2126 oo
1327 2082 1366 2127 us
1417 2067 1550 2143 oaptum
1572 2059 1835 2128 aooommodavit.
1880 2061 1974 2126 Nihil
1990 2069 2101 2128 tamen
2118 2068 2227 2126 aetum
2245 2067 2306 2138 est,
2326 2058 2389 2126 nisi

393 2147 547 2216 floridum
575 2169 614 2216 aa
641 2156 813 2234 vegetum,
840 2147 899 2215 sed
923 2149 1052 2214 animae
1080 2167 1207 2230 quoque
1236 2145 1304 2212 doti
1327 2167 1367 2214 us
1417 2144 1527 2212 leoum
1555 2145 1647 2212 illum
1670 2147 1885 2228 reperiamus,
1909 2147 1966 2213 ubi
1982 2167 2026 2212 ex
2053 2147 2154 2214 fluvio
2179 2166 2246 2212 nno
2269 2153 2389 2211 exeant

395 2233 564 2302 exeellere.
608 2233 662 2302 De
689 2233 806 2300 arbore
835 2255 913 2301 vero
940 2233 1096 2300 sumnus
1119 2231 1196 2298 boni
1225 2238 1259 2298 et
1286 2232 1367 2298 mali
1418 2231 1528 2316 Tigris
1550 2239 1583 2298 et
1611 2231 1806 2316 Euphrates.
1850 2231 2001 2300 Observa
2029 2234 2136 2317 primo
2164 2231 2292 2298 nullam
2318 2230 2390 2297 fieri

394 2320 441 2387 sio
473 2319 661 2386 habendum
693 2329 760 2398 est,
793 2340 861 2386 non
892 2318 993 2386 luisse
1025 2318 1066 2385 ab
1098 2338 1139 2383 ea
1167 2315 1367 2402 prohibitum
1418 2317 1627 2402 saaturiginis
1647 2318 1702 2384 rsl
1727 2317 1828 2386 fontb
1853 2320 2072 2398 mentionem,
2093 2315 2152 2384 sed
2178 2326 2310 2383 tanaim
2328 2316 2390 2384 diei

393 2405 579 2486 homiuem,
607 2403 694 2489 quod
715 2407 808 2472 Deus
836 2426 921 2484 eum,
949 2403 1083 2488 peaudia
1104 2403 1225 2482 instar,
1254 2405 1368 2488 vagari
1417 2402 1554 2468 fluvium
1577 2424 1691 2470 unum.
1735 2402 1887 2486 Quatuor
1912 2425 1991 2471 vero
2012 2404 2121 2487 eapite
2140 2401 2302 2488 intelligo,
2324 2411 2389 2469 tam

395 2492 466 2558 sino
493 2491 612 2558 iudioio
633 2500 668 2557 et
693 2512 804 2558 rerum
834 2490 961 2557 deleotu
990 2489 1110 2558 uellet:
1140 2487 1198 2557 sed
1227 2511 1270 2555 ne
1291 2488 1368 2571 plus
1418 2488 1581 2573 principia
1608 2510 1651 2555 ex
1682 2490 1800 2573 quibus
1832 2499 2012 2557 naseuntur
2037 2488 2148 2569 fluvii,
2180 2510 2280 2572 quam
2307 2489 2391 2554 ostia

395 2597 511 2661 sapere
532 2583 700 2660 appeteret
718 2597 815 2661 quam
837 2575 979 2654 deoebat,
1002 2584 1036 2642 at
1056 2595 1098 2641 ne
1119 2574 1252 2659 proprio
1269 2595 1368 2642 sensu
1419 2575 1537 2656 quibus
1559 2595 1595 2641 se
1615 2574 1651 2641 iu
1679 2595 1769 2642 mare
1797 2584 1987 2643 exonerant.
2016 2575 2089 2642 Iam
2115 2575 2163 2640 ita
2187 2575 2392 2642 oonfluenter

396 2664 548 2741 oopfisus,
566 2683 701 2731 exousso
713 2661 778 2730 Dei
795 2663 881 2748 iugo,
900 2661 1060 2728 arbitrum
1081 2682 1117 2727 se
1135 2659 1211 2726 boni
1230 2669 1262 2726 et
1278 2661 1367 2740 mali,
1420 2658 1547 2741 tigridi
1575 2660 1767 2727 ooniunotus
1795 2661 1859 2728 tuit
1885 2661 2075 2744 Euphrates
2095 2660 2184 2738 olim,
2205 2669 2246 2726 ut
2265 2661 2391 2727 flumen

396 2769 434 2815 ae
462 2747 603 2816 iudioem
630 2748 851 2815 eonstitueret.
905 2748 1082 2814 Peooatum
1111 2746 1183 2812 eius
1211 2765 1253 2812 ex
1281 2746 1368 2818 mala
1419 2767 1523 2811 unum
1544 2745 1662 2812 merito
1684 2746 1748 2814 diei
1767 2747 1910 2830 potuerit
1929 2748 1966 2814 in
1987 2755 2126 2830 quatuor
2144 2747 2252 2830 oapita
2273 2747 2390 2812 sesan:

395 2834 594 2903 oouseientia
610 2834 784 2920 prooessit:
802 2832 889 2902 unde
900 2833 1055 2916 sequitur,
1069 2829 1183 2898 datum
1199 2831 1248 2898 illi
1265 2831 1368 2900 fuisse
1418 2831 1615 2914 praesertim
1637 2833 1664 2898 si
1685 2832 1769 2898 mihi
1788 2832 1980 2900 ooneeditur
1999 2832 2085 2916 quod
2106 2831 2259 2898 omnibus
2282 2831 2392 2916 palam

395 2920 570 2997 iudioium,
604 2939 668 3004 quo
698 2920 787 2986 inter
817 2920 957 2987 virtutes
989 2925 1023 2985 et
1041 2917 1131 2984 ¹vitia
1159 2916 1366 2985 disoerneret.
1421 2924 1486 2995 est,
1509 2917 1624 2984 Mosen
1657 2939 1724 2985 aon
1757 2927 1869 3000 aaute,
1902 2939 2008 3003 neque
2037 2917 2260 3002 philosophiae
2292 2938 2391 2996 more,

395 3005 465 3074 Neo
497 3026 576 3073 vero
609 3005 705 3071 ahter
735 3012 838 3072 staret
869 3004 956 3088 quod
988 3009 1064 3070 ante
1101 3003 1215 3070 retulit
1246 3005 1367 3085 Moses,
1420 3001 1477 3068 sed
1499 3003 1699 3086 populariter
1719 3004 1822 3088 loqui,
1850 3010 1889 3070 ut
1912 3003 2108 3072 rudissimus
2136 3005 2274 3088 quisque
2295 3003 2392 3068 intel·

554 779 676 864 'gentia
700 779 875 845 ooniuneta
907 785 966 844 est.
1022 776 1134 860 Quare
1173 775 1235 842 hoo
1274 775 1368 860 signo
1419 772 1617 858 Quanquam
1648 777 1791 844 nondam
1824 775 1932 842 soluta
1964 785 2014 842 eat
2054 773 2245 842 difficultas:
2279 775 2386 840 Moses

279 3167 280 3170 Ἴ
396 3099 545 3159 ursatum
573 3089 615 3156 ad
648 3091 825 3176 imaginem
854 3090 920 3157 Dei
954 3090 1068 3157 fuisse:
1106 3087 1367 3173 quandoquidem
1420 3088 1512 3172 ligat.
1566 3087 1621 3154 Ita
1647 3091 1752 3173 primo
1785 3089 1889 3175 eapite
1919 3091 1983 3156 dno
2013 3089 2188 3175 praeeipua
2215 3089 2393 3156 luminaria

396 3177 506 3262 imago
533 3177 599 3243 Dei
626 3178 689 3243 sub
716 3198 753 3243 se
779 3179 850 3244 eius
881 3175 1030 3242 notitiam
1063 3174 1290 3259 eompleotitur
1314 3177 1368 3260 qui
1420 3173 1552 3241 vorant
1568 3173 1671 3240 solem
1688 3183 1722 3242 et
1737 3175 1866 3242 lunam:
1884 3196 1953 3243 non
1970 3176 2056 3259 quod
2070 3176 2151 3242 luna
2166 3177 2393 3262 magnitudine

397 3284 565 3331 summum
583 3262 705 3330 bonum
723 3269 784 3329 est.
819 3262 880 3329 Bis
902 3282 980 3346 ergo
1001 3261 1174 3328 insaniunt
1194 3260 1368 3342 Libertini,
1422 3265 1554 3344 superet
1580 3259 1661 3327 alios
1685 3260 1850 3345 planetas,
1879 3261 1937 3329 sed
1962 3263 2038 3345 quia
2064 3262 2164 3346 vulgo
2184 3283 2227 3328 ox
2259 3269 2393 3344 aspeotn

396 3357 550 3433 portenta
588 3349 778 3428 hominum,
811 3347 868 3432 qui
906 3347 1037 3414 restitui
1073 3367 1132 3413 nos
1170 3347 1302 3431 fingunt
1333 3347 1371 3414 in
1422 3345 1527 3412 maior
1565 3353 1727 3413 oeusetur.
1781 3347 1877 3414 Adde
1907 3347 1995 3431 quod
2032 3347 2224 3432 serupulum
2261 3367 2394 3412 omnem

397 3443 522 3503 statum
551 3435 772 3514 innoeentiee,
802 3433 832 3501 si
853 3433 991 3518 quisque
1007 3453 1067 3499 sua
1086 3430 1223 3498 libidine
1248 3432 1371 3517 absque
1421 3431 1538 3496 tollere
1555 3431 1693 3514 videtur,
1711 3432 1768 3499 ubi
1778 3433 1866 3514 dioit,
1881 3433 1984 3500 fluvio
2000 3441 2141 3516 quatuor
2157 3432 2259 3500 fuisse
2276 3437 2394 3517 oapita,

397 3521 517 3588 iudiaio
544 3521 679 3587 feratur.
733 3519 807 3586 Iam
844 3527 993 3586 wnemus
1025 3517 1103 3601 quid
1138 3518 1201 3584 sibi
1232 3519 1373 3586 voluerit
1423 3517 1500 3600 quia
1516 3538 1560 3583 ex
1577 3539 1615 3584 eo
1631 3518 1702 3584 looo
1720 3518 1937 3586 dividebatur.
1960 3517 2048 3601 Quid
2067 3520 2130 3586 hoo
2144 3519 2208 3586 sibi
2227 3518 2309 3594 vult,
2330 3518 2393 3583 nisi

396 3605 596 3674 abstinentia
617 3606 658 3672 ab
675 3605 792 3672 arbore
808 3605 885 3672 boni
902 3614 935 3671 et
955 3605 1047 3671 mali:
1067 3623 1109 3668 na
1126 3603 1248 3672 seilioet
1264 3605 1371 3672 Adam
1423 3623 1465 3668 ex
1497 3625 1564 3669 uno
1597 3605 1767 3683 oonfluxu,
1795 3604 1849 3671 vel
1881 3625 1981 3689 supra
2007 3604 2065 3671 uel
2090 3606 2177 3671 intra
2203 3603 2394 3687 paradisum

398 3693 460 3760 hoo
489 3692 544 3759 vel
572 3690 656 3757 illud
683 3692 841 3758 tentando
869 3712 948 3757 suae
975 3689 1170 3774 prudentiae
1191 3691 1372 3773 perieulum
1424 3687 1657 3757 divisosluisse
1675 3689 1808 3757 alveos?
1827 3689 1924 3757 Nune
1941 3693 2082 3775 figuram
2092 3690 2197 3758 oeulis
2213 3690 2394 3768 subdolam,

398 3779 536 3846 lateret:
569 3775 628 3843 sed
649 3778 707 3843 uui
729 3777 802 3843 Deo
823 3778 987 3858 addietus,
1007 3785 1137 3860 saperet
1169 3782 1299 3842 tantum
1331 3800 1373 3844 ex
1424 3775 1512 3841 unde
1551 3775 1739 3860 intelligant
1778 3776 1913 3844 lautores
1951 3777 2009 3842 ubi
2056 3776 2254 3844 Paradisum
2293 3775 2395 3841 looari

399 3865 472 3930 eius
503 3864 665 3946 obsequio.
713 3863 832 3947 Itaque
864 3863 1002 3930 seientia
1029 3863 1064 3926 iu
1092 3859 1214 3926 malam
1267 3871 1373 3930 artem
1423 3860 1600 3928 sentiama
1621 3861 1722 3928 ldose.
1730 3859 1754 3948 ¹)

399 3948 536 4017 abusive
557 3969 616 4032 pro
633 3949 752 4015 misero
769 3949 992 4033 experimento
1009 3947 1146 4030 eapitur,
1167 3883 1266 4029 quod

402 4035 530 4102 alonte
544 4034 812 4118 uniooperleotae
829 4035 1008 4118 sapientiae
1019 4031 1188 4098 disoedens
1206 4034 1374 4117 aequirere
1423 4031 1524 4098 fuisse
1557 4031 1760 4115 Euphratem
1793 4033 1834 4100 ab
1866 4032 2044 4112 Oratianis,
2074 4041 2113 4100 nt
2144 4055 2209 4099 nou
2240 4032 2307 4098 nisi
2340 4050 2398 4113 per

401 4120 464 4188 sibi
492 4120 608 4204 eoepit.
661 4124 770 4204 Atque
799 4120 881 4187 haee
917 4120 1006 4204 origo
1034 4126 1085 4184 est
1112 4117 1208 4184 liberi
1236 4119 1373 4202 arbitrii,
1424 4117 1550 4201 'Pigrim
1571 4118 1726 4185 influeret
1746 4120 1780 4184 in
1799 4139 1900 4186 mare.
1945 4121 2144 4203 Pomponius
2176 4127 2286 4185 autem
2308 4115 2397 4183 Mela

402 4207 480 4287 dum
514 4205 624 4272 Adam
656 4227 715 4290 per
747 4228 782 4272 se
814 4227 886 4272 esse
917 4203 1038 4281 uoluit,
1071 4209 1105 4269 et
1137 4202 1215 4286 quid
1249 4205 1376 4274 valeret
1424 4202 1507 4269 libro
1529 4205 1634 4283 tertio,
1656 4213 1747 4270 oerto
1768 4204 1869 4284 exitu,
1892 4213 1931 4271 ut
1951 4205 2094 4290 reliquae
2116 4225 2239 4282 amnes,
2261 4203 2397 4268 affluere

401 4300 530 4360 tentare
551 4311 650 4358 ausus
672 4300 731 4357 est.
1425 4298 1535 4372 negat,
1551 4287 1609 4356 sed
1638 4290 1783 4358 defluere.
1829 4291 1956 4357 Verum
1984 4290 2155 4357 Nearahus
2184 4288 2295 4376 (quem
2319 4288 2398 4354 Ale-

491 4377 542 4444 10.
565 4373 611 4442 Et
623 4378 743 4458 deutrus
760 4375 980 4461 eqredubatur.
1008 4373 1099 4440 Dioit
1111 4374 1221 4443 Moses
1237 4377 1376 4444 fluvium
1425 4375 1551 4442 xander
1572 4375 1668 4442 olassi
1689 4397 1768 4442 suae
1788 4375 2000 4463 praesederat)
2017 4377 2136 4460 quique
2153 4376 2224 4442 eius
2246 4373 2400 4457 auspioiis

404 4484 507 4531 unum
531 4463 572 4528 ad
591 4463 724 4530 hortum
741 4461 947 4548 irrigandum
963 4460 1109 4538 fluxisse,
1130 4461 1186 4545 qui
1208 4461 1324 4528 deinde
1340 4465 1376 4530 in

404 4560 544 4635 quatuor
565 4549 673 4632 eapite
695 4570 730 4648 se
752 4547 923 4648 divideret.
957 4546 1043 4648 'Duo
1060 4566 1102 4611 ex
1124 4547 1284 4630 capitibus
1306 4569 1376 4616 esse
1494 4579 1524 4648 1)
1537 4577 2091 4648 pm„„m„,·„„3,3,·„„,‚1554
2108 4579 2402 4636 maim„

406 4635 611 4718 Euphratem
633 4642 668 4700 ot
689 4635 817 4718 ligram
847 4643 926 4699 satis
954 4645 1042 4697 auter
1071 4649 1184 4698 omnes
1212 4635 1376 4712 eonvenit,
1427 4663 1497 4718 quaa
1514 4663 1581 4702 raas
1597 4646 1775 4717 demtpa'om'
1791 4653 1926 4706 uomens
1948 4653 2057 4705 matus
2085 4650 2219 4705 mame.

405 4741 501 4786 nemo
523 4720 613 4785 enim
634 4721 724 4786 litem
747 4728 861 4786 movet
882 4718 963 4802 quin
981 4703 1075 4812 bpuu
1099 4719 1143 4784 sit
1162 4719 1282 4802 Tigris.
1326 4722 1378 4787 De
1427 4733 1519 4770 mm
1535 4717 1648 4772 ‘flam
1665 4717 1797 4786 0³th
1819 4725 1928 4788 etat&
1945 4721 2032 4774 Ausi.
2055 4725 2081 4774 οι
2099 4736 2123 4773 ⁰·
2142 4717 2210 4774 1617
2234 4719 2402 4784 iepram

406 4808 478 4872 aliis
500 4805 627 4872 duobus
655 4826 775 4888 magna
802 4811 853 4871 est
881 4805 1111 4872 controversia.
1156 4805 1256 4871 Multi
1277 4806 1378 4874 Pisou
1428 4784 1829 4924 ssffiamfflwffl
1840 4785 2404 4923 Jlfffi‘zirffi‘mffiffiwmfm

406 4901 441 4958 et
462 4891 584 4970 Gihon,
608 4891 750 4975 Gangen
772 4899 805 4957 et
825 4891 938 4957 Nilum
961 4891 1062 4991 luisse
1084 4897 1218 4991 putant:
1241 4914 1379 4993 quorum
1427 4938 1456 4978 „
1482 4925 1607 4990 mum-2,
1635 4924 1730 4979 (Mo,
1754 4941 1817 4979 W,
1846 4941 1880 4980 ω
1910 4931 1999 4982 ,ΜΟ
2031 4927 2129 4996 qma„
2158 4925 2297 4979 „mm-,m
2319 4935 2406 4990 ,W

408 4987 519 5043 tamen
538 4996 630 5042 error
649 4977 777 5044 abunde
799 4999 840 5042 ex
863 4977 1005 5043 loaorum
1031 4977 1185 5044 distantia
1209 4977 1379 5045 refellitur.
1431 4993 1563 5048 Ptteoar's
1588 4995 1660 5048 ostia
1686 4994 1747 5048 sitis
1778 5001 1854 5049 enas
1879 4997 1957 5062 iufra
1992 4994 2098 5050 Oneum
2127 4997 2158 5048 ιιι
2180 5009 2256 5048 nare
2283 4991 2406 5046 nouae·

408 5063 524 5145 Neque
551 5063 672 5128 desunt
698 5064 754 5146 qui
771 5085 874 5146 usque
896 5063 937 5128 ad
960 5063 1149 5129 Danubium
1167 5065 1379 5130 transvolent.
1429 5077 1543 5118 ‘amm
1565 5062 1724 5130 effunditur.
1759 5063 1852 5118 Arbor
1874 5066 2002 5120 miset
2024 5081 2083 5118 Μ·
2104 5063 2231 5132 perrea·
2253 5061 2319 5114 Μ’
2337 5063 2408 5113 ‘'⁸²‘'

409 5149 515 5231 Quasi
536 5170 617 5214 vero
637 5150 736 5216 unius
757 5149 900 5215 hominis
922 5149 1080 5215 habitatio
1101 5147 1142 5216 ab
1163 5149 1281 5215 ultima
1301 5151 1381 5216 Asia
1430 5132 1496 5188 ’Μ
1511 5132 1573 5212 .‘¹“⁰
1599 5133 1752 5199 9⁰⁸‘m'0'0
1775 5132 1891 5217 nautae
1917 5135 2090 5217 ‚twt'fdw
2117 5131 2293 5187 maritas
2317 5133 2408 5208 ΜΨ

1430 5201 1536 5270 plaste,
1561 5214 1648 5268 neque
1676 5201 1776 5255 absunt
1801 5217 1889 5258 eursu
1910 5219 1941 5256 aa
1969 5201 2035 5256 locas
2063 5202 2183 5270 elephas,
2208 5199 2337 5264 cunelae,
2355 5197 2409 5250 rte-

409 5255 514 5334 usque
533 5233 576 5299 “d
606 5236 705 5334 {⁰⁰¹⁰
727 5236 878 5336 ‚Euml'afl
900 5257 945 5335 ΒΘ,
963 5235 1145 5334 praefidit·
1191 5233 1259 5301 sed
1281 5257 1382 5321 quum
1431 5284 1556 5336 nmmos,
1583 5285 1667 5338 equits
1693 5269 1814 5326 rotellam
1836 5278 1861 5328 et
1889 5285 2045 5327 uouemus
2070 5278 2117 5325 etr.
2160 5271 2276 5326 staua
2304 5269 2409 5323 Geren

410 5319 557 5402 plerique
578 5321 634 5385 alu
655 5320 747 5387 fluru
772 5318 915 5387 eelebres
935 5321 1027 5387 illam
1047 5341 1216 5406 regionem
1238 5333 1382 5407 praeter·
1431 5355 1491 5394 ωηο
1507 5346 1614 5394 taurum
1630 5340 1698 5396 uror
1713 5342 1849 5409 inempta
1864 5347 1912 5408 aas,
1929 5355 2024 5409 nempe
2040 5339 2175 5412 Rupes.

1276 3948 1374 4016 homo
1509 3945 1626 4012 Tradit
1645 3946 1776 4029 quidem
1798 3947 1926 4016 Plinius
1953 3947 2035 4014 libro
2056 3954 2166 4028 sexto,
2189 3946 2396 4031 praeolusum
