4988 6192
375 407 443 476 tte
1043 401 1413 474 COMMENTARIUS
1434 400 1484 466 IN
1507 397 1721 470 GENESIN.
2311 399 2378 468 580

382 609 512 658 menum
545 590 703 656 cumam
735 607 828 654 wem
859 607 956 670 super
986 594 1081 671 ceput
1111 587 1285 672 Ephraim,
1324 592 1354 654 et
1405 607 1544 670 aequum
1574 595 1638 667 est,
1671 598 1711 654 ut
1739 590 1846 674 gratia
1874 588 2071 674 adoptionis,
2106 587 2242 655 simulac
2275 587 2371 655 nobis

384 675 547 759 displicuit
567 675 604 740 in
624 673 721 741 undis
741 674 826 754 eius,
854 678 882 739 et
902 675 1084 740 redonavit
1104 693 1232 740 menum
1247 675 1355 756 petris
1405 673 1557 754 affamur,
1583 695 1699 741 sensus
1720 695 1831 742 omnes
1853 683 1981 742 nostros
2009 694 2188 758 occupans,
2218 673 2377 758 quidquid

384 763 437 830 att
457 767 493 826 ut
512 764 675 828 remuneret
695 779 763 825 eun
785 782 806 826 o
826 759 927 841 cupite
947 758 1119 840 Ephraim,
1146 778 1242 841 super
1263 761 1357 840 ceput
1404 760 1439 824 in
1461 758 1585 824 mundo
1608 760 1814 843 splendidum
1844 770 1894 826 est
1916 781 1954 826 ac
2005 760 2161 826 reticsum
2191 758 2373 826 absorbeat.

385 846 561 916 Menosseb.
607 846 656 912 18.
679 841 723 909 Et
750 844 834 910 dicit
855 843 966 926 Ioseph
988 847 1078 927 putri
1102 865 1174 910 suo.-
1202 844 1275 911 Non
1300 844 1354 923 sic,
1405 843 1551 928 Insignis
1572 855 1661 912 certe
1682 855 1733 911 eat
1754 847 1807 914 hic
1828 847 1928 914 loeus.
1988 866 2119 912 ummus
2137 854 2186 912 est
2203 845 2377 930 dignitatis

378 939 474 1016 poter
495 933 556 1011 nti,
584 933 660 1014 quie
681 931 740 996 isle
761 935 806 996 eet
820 931 1061 1014 prinaoyenitus,
1087 951 1169 1012 pone
1196 931 1356 996 dumam
1405 929 1559 1014 splendor
1585 931 1621 996 in
1644 930 1777 1016 Ioseph:
1811 932 1957 998 futurum
1978 930 2069 997 ridet
2096 941 2134 997 nt
2162 953 2204 997 ex
2231 932 2375 998 nominis

384 1026 472 1085 tuom
493 1038 588 1100 ceper
607 1020 699 1100 ceput
719 1017 796 1082 eiua.
835 1015 884 1081 19.
912 1015 1028 1082 Verum
1047 1017 1151 1082 renuit
1165 1021 1258 1099 puter
1279 1017 1355 1095 eius,
1406 1018 1458 1082 eui
1478 1018 1636 1083 memoria
1657 1016 1699 1082 ad
1722 1026 1868 1102 posteros
1896 1025 2040 1084 transeat
2067 1017 2234 1101 praeclara
2255 1016 2376 1083 nobili·

385 1110 414 1170 et
435 1104 531 1169 cistu-
565 1103 648 1168 Noui
673 1101 723 1184 rili
744 1102 805 1183 mi,
826 1101 913 1182 neci,
942 1101 1011 1184 ipse
1031 1102 1125 1167 diem
1152 1103 1219 1184 ipse
1240 1103 1300 1167 erit
1321 1101 1357 1166 in
1406 1111 1472 1168 tas:
1506 1103 1652 1187 amplum
1681 1103 1746 1169 illis
1778 1104 2009 1188 patrimonium
2040 1102 2223 1185 relinquere
2250 1111 2375 1185 potest:

379 1191 551 1274 populum,
580 1193 608 1254 et
633 1189 726 1252 etiem
754 1188 821 1270 ipse
842 1192 969 1266 euru,
996 1193 1025 1253 et
1045 1191 1147 1253 temen
1166 1189 1266 1270 lietu
1287 1187 1356 1252 dcte
1406 1208 1466 1253 neo
1488 1187 1619 1255 difficile
1641 1196 1691 1254 est
1707 1188 1933 1273 proveherein
1955 1189 2042 1272 regis
2059 1190 2209 1274 gratiam,
2231 1197 2270 1252 nt
2285 1189 2376 1254 inter

385 1277 488 1340 minor
517 1278 627 1341 erenei
654 1273 757 1356 necyia
784 1293 881 1355 quum
908 1273 988 1355 ipse,
1017 1277 1174 1339 etsunen
1202 1273 1357 1338 durarit
1405 1273 1500 1356 regni
1522 1295 1672 1358 proceres
1694 1274 1802 1342 locum
1824 1274 2003 1341 obtineant.
2047 1273 2182 1340 Talibus
2211 1273 2376 1341 illecebris

378 1360 542 1444 plenitudo
591 1359 718 1424 entium.
762 1357 813 1424 20.
843 1357 887 1422 Et
907 1357 1060 1424 benedixit
1079 1359 1125 1424 eie
1146 1360 1180 1424 in
1200 1358 1252 1424 die
1273 1359 1354 1440 ipsu,
1405 1379 1502 1442 quam
1537 1361 1630 1426 laoila
1662 1359 1706 1426 sit
1738 1383 1804 1427 non
1836 1357 1931 1426 modo
1962 1361 2116 1438 inescari,
2148 1359 2205 1426 scd
2237 1381 2375 1445 prorsus

384 1445 530 1512 duendc:
573 1466 594 1509 n
616 1443 811 1510 umutuu
821 1443 927 1510 Israel
943 1444 1087 1510 dicendo.-
1110 1443 1212 1510 Ponet
1228 1442 1355 1509 teDeue
1405 1443 1575 1525 fascinari,
1607 1445 1706 1511 nimie
1738 1447 1845 1515 multa
1878 1446 2028 1529 exempla
2060 1445 2245 1514 ostendunt.
2301 1445 2376 1512 Imo

385 1532 465 1598 siud
485 1529 644 1614 Ephraim
664 1535 691 1595 et
714 1528 895 1607 Menoeceb,
924 1534 952 1595 et
973 1530 1081 1612 posuit
1101 1529 1259 1612 Ephraim
1286 1533 1355 1594 unte
1405 1530 1509 1596 maior
1519 1550 1595 1614 pars
1607 1531 1810 1614 experientia
1825 1552 1884 1598 sua
1895 1532 2068 1616 cognoscit,
2088 1531 2225 1598 simulac
2236 1532 2376 1597 minima

384 1615 561 1682 mersu
605 1616 657 1680 21.
681 1613 725 1679 Iol
745 1616 829 1681 dicit
849 1614 955 1682 lsrod
976 1615 1020 1681 cd
1040 1615 1169 1698 Ioseph.-
1189 1613 1280 1694 Eece,
1301 1634 1354 1699 syo
1404 1635 1477 1764 apes
1506 1635 1525 1680 a
1553 1618 1676 1682 mundo
1704 1617 1856 1702 affulget,
1885 1617 2068 1683 aDomino
2097 1638 2156 1683 nos
2185 1617 2308 1701 abripi,
2339 1629 2374 1682 et

383 1704 514 1768 morior:
536 1706 564 1766 et
584 1700 744 1767 erichus
764 1699 927 1779 vobisdum,
949 1705 977 1765 et
997 1701 1100 1768 redire
1119 1701 1216 1783 faciet
1236 1720 1290 1766 uos
1311 1700 1355 1765 od
1405 1701 1542 1766 aienari
1564 1722 1583 1766 a
1604 1701 1711 1769 studio
1729 1703 1876 1770 eoelestis
1893 1702 1990 1768 vitae.
2024 1700 2061 1770 Si
2084 1701 2240 1787 pauculae
2259 1711 2373 1786 guttae

383 1791 499 1854 terrem
513 1792 648 1870 potrum
674 1790 852 1852 cedrorum.
896 1785 948 1852 22.
971 1785 1040 1871 Epo
1066 1791 1169 1852 ouum
1197 1786 1270 1851 dedi
1298 1785 1355 1850 tibi
1403 1787 1450 1852 ita
1482 1786 1648 1854 inebriant
1674 1807 1806 1854 carnem
1834 1796 1998 1868 nostram,
2027 1807 2124 1872 quam
2151 1789 2372 1872 periculosum

378 1877 504 1955 portem
525 1893 621 1940 unum
642 1872 874 1954 superfundes
900 1876 985 1952 tuos,
1012 1891 1107 1955 pum
1133 1871 1200 1955 cept
1221 1891 1237 1937 e
1257 1890 1354 1936 menn
1403 1879 1516 1938 estex
1538 1873 1633 1957 pleno
1656 1873 1741 1940 dolio
1763 1873 1895 1940 bibere?
1925 1873 2026 1957 Atqui
2050 1874 2202 1940 omnibus
2224 1874 2372 1958 Aegypti

384 1957 534 2024 cuum
553 1958 660 2042 yludic
678 1977 744 2023 meo
764 1962 792 2022 et
812 1977 889 2024 meu
909 1977 984 2024 mec.
1403 1957 1526 2024 divitiis
1549 1967 1581 2022 et
1602 1958 1779 2027 honoribus
1791 1959 1888 2026 Iacob
1898 1959 2057 2026 visionem
2080 1957 2227 2044 opponit,
2249 1960 2285 2024 in
2307 1979 2373 2043 qua

755 2073 760 2079 ·
1400 2043 1508 2125 ipsum
1531 2044 1623 2110 Deus
1654 2065 1727 2111 cnm
1753 2067 1812 2112 suo
1841 2065 1959 2130 genere
1986 2045 2023 2110 in
2052 2046 2207 2128 populum
2237 2045 2373 2130 adopta·

470 2128 499 2192 1.
535 2126 668 2193 Postboc
689 2127 782 2193 dicit.
826 2127 961 2194 Transit
986 2127 1096 2193 Moses
1129 2125 1170 2191 ad
1199 2126 1351 2192 ultimum
1403 2143 1505 2195 verat.
1550 2127 1688 2208 Quoties
1715 2152 1793 2216 ergo
1820 2152 1878 2197 nos
1900 2130 2016 2196 mnndi
2043 2128 2211 2196 blanditiis
2240 2130 2372 2196 irretire

384 2219 493 2280 aetum
516 2213 723 2291 ritaelaccb,
746 2232 841 2295 quem
856 2213 1038 2279 videbimus
1060 2212 1094 2276 in
1117 2211 1232 2294 primis
1253 2212 1352 2278 luisse
1402 2213 1543 2280 tentabit
1565 2212 1684 2294 Sama,
1714 2222 1751 2282 nt
1777 2237 1795 2282 e
1822 2216 1911 2284 coelo
1940 2213 2093 2295 abducat,
2121 2235 2313 2281 revocemus
2335 2217 2372 2280 in

382 2298 637 2364 memorabilem.
671 2297 755 2363 Nam
779 2319 879 2382 quum
900 2299 999 2365 sciret
1020 2319 1085 2362 non
1097 2298 1267 2382 vulgarem
1290 2297 1352 2362 sibi
1402 2300 1593 2366 memoriam
1620 2321 1777 2384 quorsum
1805 2302 1911 2368 vocati
1932 2301 2050 2379 simus,
2078 2307 2116 2366 ut
2144 2322 2223 2384 prae
2247 2303 2372 2368 incom-

384 2406 405 2451 a
435 2384 579 2450 Domino
611 2384 797 2466 impositam
836 2403 906 2449 asse
942 2403 1115 2467 personam
1153 2395 1190 2448 ut
1222 2389 1352 2467 patrum
1402 2385 1540 2468 parabili
1568 2386 1653 2452 vitae
1683 2395 1835 2452 aeternae
1860 2387 2030 2465 thesauro,
2059 2385 2216 2470 quidquid
2248 2387 2372 2470 alioqui

385 2470 540 2538 ecclesiae
576 2478 669 2552 pater
701 2477 801 2549 meet,
839 2469 1064 2553 propheticum
1097 2489 1233 2548 munna,
1266 2467 1352 2554 quod
1402 2470 1493 2538 carni
1514 2470 1655 2554 optabile
1676 2479 1735 2552 est,
1758 2473 1893 2540 sordeat.
1922 2472 2008 2537 Nam
2031 2471 2212 2536 sitantum
2236 2472 2371 2539 honoris

385 2556 484 2621 simul
505 2555 687 2621 iniunctum
709 2563 788 2633 erut,
811 2553 982 2622 defuturo
1004 2555 1158 2622 ecclesiae
1179 2562 1269 2620 statu
1291 2553 1351 2620 sub
1402 2556 1479 2622 clim
1502 2557 1617 2622 visioni
1638 2557 1795 2626 obscurae
1818 2557 1930 2623 habuit
1946 2565 2078 2624 sanctus
2088 2557 2219 2640 Ioseph,
2242 2565 2279 2622 ut
2300 2559 2371 2623 solo

384 2651 523 2707 mortem
545 2640 703 2724 implevit.
747 2640 873 2706 Privati
903 2640 1052 2707 homines
1074 2641 1278 2708 testamentis
1299 2661 1352 2708 ree
1402 2643 1473 2708 eius
1496 2642 1622 2708 obiectu
1640 2644 1787 2728 Aegypti
1807 2643 1937 2723 oblitus,
1958 2641 2000 2708 ad
2021 2649 2245 2726 contemptum
2267 2643 2371 2710 eccla-

386 2726 581 2793 domestieae
602 2725 821 2793 constituunt:
844 2722 903 2792 sed
923 2727 1023 2792 huius
1046 2728 1149 2794 saneti
1171 2727 1232 2792 viri
1254 2726 1351 2810 longe
1403 2727 1469 2793 siae
1491 2748 1623 2812 gregem
1652 2729 1770 2812 cupide
1797 2728 1979 2796 transierit:
2008 2748 2106 2811 quam
2135 2728 2290 2810 pudenda
2319 2738 2373 2795 est

385 2810 717 2890 transferretis,
745 2832 822 2877 oum
843 2831 906 2894 quo
927 2813 1018 2878 Deus
1038 2812 1151 2878 foedus
1172 2831 1266 2878 suum
1288 2810 1351 2876 hac
1403 2811 1499 2880 hodie
1528 2823 1641 2879 nostra
1668 2815 1826 2895 amentia,
1855 2834 1952 2897 quam
1975 2811 2087 2879 foedus
2109 2821 2238 2897 stupor,
2269 2835 2371 2898 quam

383 2897 457 2982 lege
477 2900 647 3048 pepigerat
668 2907 705 2961 nt
733 2897 860 2981 gratias
888 2898 1048 2964 successio
1072 2897 1113 2962 ad
1142 2905 1289 2983 posteros
1311 2895 1351 2963 de
1403 2897 1601 2966 detestabilis
1622 2899 1832 2984 ingratitudo,
1855 2901 1882 2965 si
1904 2919 1970 2964 non
1987 2918 2148 2983 peraeque
2165 2899 2280 2965 saltem
2299 2901 2374 2964 affi-

385 2984 511 3049 fluaret.
583 2980 623 3048 ed
652 2988 827 3067 antequam
858 2981 899 3049 ad
932 2983 1018 3050 hano
1049 3004 1117 3049 rem
1147 2981 1353 3050 tractandam
1403 2985 1517 3063 eimur,
1540 2985 1595 3051 ubi
1613 3007 1673 3052 nos
1689 2985 1838 3052 eoelestis
1855 2993 1948 3068 pater
1966 2995 2125 3068 opertere
2173 2985 2253 3051 isui
2270 2985 2375 3051 ianua

408 3069 518 3135 enitus
549 3067 732 3153 ingrediar,
773 3068 920 3134 notanda
952 3076 1030 3134 sunt
1061 3069 1141 3136 haec
1174 3069 1239 3135 duo
1270 3089 1353 3152 quae
1401 3071 1577 3155 plusquam
1608 3070 1754 3138 suaviter
1790 3069 1833 3136 ad
1865 3092 1900 3136 se
1930 3069 2074 3136 inritat?
2145 3070 2227 3137 imul
2260 3079 2374 3136 tamen

384 3090 532 3220 breviter
552 3154 686 3237 attingit
707 3153 832 3220 Moses:
855 3154 941 3238 quod
964 3155 1082 3238 Ioseph
1105 3154 1289 3220 admonitus
1312 3152 1352 3218 de
1403 3154 1582 3222 notandum
1612 3163 1679 3241 est,
1707 3176 1727 3222 a
1755 3165 1868 3223 sancto
1889 3155 1986 3222 Iacob
2017 3176 2082 3220 non
2112 3155 2241 3220 obtrudi
2265 3177 2374 3222 ranas

386 3240 487 3305 verbo
515 3239 631 3323 patris,
661 3241 772 3305 statim
800 3241 864 3305 iter
892 3241 1083 3323 arripuerit:
1117 3239 1235 3307 deinde
1267 3237 1352 3322 qnod
1404 3242 1662 3325 imaginationes,
1684 3243 1800 3326 quibus
1821 3241 1928 3308 filium
1950 3241 2063 3308 lactet:
2086 3241 2143 3306 sed
2164 3251 2288 3308 certam
2307 3241 2374 3307 Dei

383 3325 483 3392 Iacob
505 3325 616 3390 andito
638 3326 709 3392 eius
730 3324 890 3403 adventu,
920 3326 1087 3392 infirmum
1116 3347 1155 3392 ac
1176 3325 1352 3392 tremulum
1403 3327 1666 3410 promissionem,
1698 3329 1731 3392 in
1764 3349 1861 3412 quam
1895 3334 1965 3393 tuto
1998 3327 2181 3405 recumbat,
2214 3327 2372 3410 prolerre.

386 3432 521 3562 pprpnpa
533 3410 681 3559 attollerg
708 3412 915 3561 conatnsdsit
945 3412 1209 3564 ΙιῐοιιοιιέᾐὲιιΙιιι.
1239 3410 1353 3561 hOertp
1404 3411 1705 3564 [lpdefdopemupfd
1719 3434 1783 3479 non
1812 3411 2374 3563 albl·q¹i,³mi¹·¹11,⁸⁰¹f‘'1?⁰iv⁰rl⁰

384 3518 459 3563 reo
522 3519 553 3562 m
587 3515 723 3563 curus
756 3517 882 3563 vrsenr
936 3518 1017 3564 ans
1163 3516 1627 3575 ose,erreunar1
1706 3515 2064 3565 em:sreu1aec1
2150 3519 2260 3564 uura
2291 3520 2374 3564 sara

409 3591 557 3666 romptus
589 3518 785 3666 adprcliqua
812 3517 945 3666 pistulla
976 3583 1099 3664 officia,
1133 3517 1353 3667 quodppluris
1403 3585 1499 3649 lirma
1520 3593 1586 3663 est,
1616 3605 1658 3649 ne
1680 3584 1755 3649 ullis
1782 3583 1943 3650 machinis
1973 3604 2129 3650 concussa
2158 3605 2302 3666 unquam
2327 3585 2375 3648 la-

384 3605 520 3735 beosa-et
539 3690 609 3734 esse
628 3668 731 3734 lilium
742 3668 841 3734 Iacob
858 3689 955 3753 quam
973 3680 1104 3736 centnm
1126 3669 1237 3754 regnis
1260 3689 1352 3753 prae·
1402 3670 1522 3736 bascat.
1567 3669 1678 3750 Quare
1700 3669 1878 3748 diseamus,
1909 3671 2034 3753 quoties
2059 3671 2127 3734 suis
2149 3669 2374 3738 avocamentis

385 3774 467 3820 mee.
518 3753 604 3820 Nam
632 3753 717 3838 quod
746 3755 830 3821 lilios
858 3775 937 3820 suos
963 3753 1110 3835 adducit,
1141 3753 1276 3840 perinde
1304 3761 1354 3820 oet
1402 3756 1467 3822 huc
1488 3755 1567 3821 illuc
1588 3755 1740 3822 diducere
1762 3776 1823 3822 nos
1840 3762 1946 3822 tentat
1957 3752 2071 3835 Satan,
2094 3763 2221 3821 mentes
2241 3765 2374 3821 nostras

385 3849 423 3907 ac
446 3840 474 3906 ei
495 3839 536 3905 ab
558 3861 596 3906 aa
617 3840 762 3906 terrain
784 3861 848 3924 qua
869 3841 938 3905 nati
967 3851 1069 3920 erant,
1093 3861 1149 3906 eos
1171 3839 1353 3922 emanoipa·
1403 3841 1445 3908 ad
1468 3842 1604 3908 verbum
1622 3841 1686 3906 Dei
1707 3840 1868 3926 colligere,
1891 3847 1923 3907 et
1945 3849 2012 3906 tam
2034 3840 2136 3908 solide
2158 3841 2255 3906 inniti
2277 3841 2376 3907 bonis

384 3936 444 4007 ret,
466 3947 504 3992 ac
525 3927 710 3992 restitueret
732 3946 810 3992 snae
831 3925 958 4010 origini.
992 3927 1106 4011 Neque
1123 3928 1211 3992 enim
1228 3924 1355 3992 censeri
1404 3926 1615 4006 absconditis,
1653 3935 1690 3993 ut
1722 3949 1804 4011 quae
1832 3946 1909 3994 earo
1938 3926 2031 3992 videt
2063 3947 2151 3994 nunc
2188 3934 2221 3991 et
2248 3928 2374 4012 palpat,

385 4019 539 4096 poterant
560 4013 594 4076 in
616 4032 736 4096 genere
755 4011 906 4078 Abrabae
923 4013 1001 4096 quin
1024 4034 1059 4079 se
1081 4011 1218 4078 loetidos
1240 4010 1355 4077 redde·
1404 4013 1469 4080 alto
1509 4012 1628 4097 spiritu
1666 4033 1870 4096 spernamus.
1922 4011 1993 4079 Sibi
2033 4011 2143 4078 Deum
2180 4015 2374 4096 apparuisse

386 4107 462 4164 rent
485 4101 533 4162 Ae
602 4099 666 4163 tiis.
698 4097 802 4181 Atqui
824 4097 943 4180 Ioseph
966 4097 1164 4182 quibuslibet
1184 4098 1300 4182 opibus
1322 4105 1356 4162 et
1405 4100 1483 4166 dicit
1503 4098 1537 4164 in
1560 4106 1648 4163 terra
1669 4099 1839 4178 Ghanaan,
1861 4106 1899 4162 ut
1915 4097 2036 4182 Ioseph
2058 4097 2099 4164 ad
2121 4118 2193 4164 eam
2211 4099 2374 4184 aspirans,

386 4183 499 4269 gloriis
553 4119 669 4249 alecus
700 4182 789 4249 istud
828 4183 985 4267 praefert,
1025 4184 1120 4250 modo
1157 4185 1192 4249 in
1225 4204 1354 4251 sacrum
1404 4184 1510 4252 cordis
1532 4185 1650 4249 affectu
1672 4183 1800 4250 exsulet
1821 4205 1840 4249 a
1861 4204 1963 4268 regno
1985 4189 2035 4250 Ae
2081 4184 2137 4268 pti.

387 4268 541 4335 ecclesiae
552 4289 669 4352 corpus
679 4268 874 4334 coalescant:
894 4278 988 4354 pater
1006 4279 1116 4336 tamen
1127 4269 1157 4336 ci
1169 4289 1354 4354 assurgens,
1490 4269 1534 4335 Et
1554 4269 1709 4335 benedixit
1729 4269 1816 4336 mibi.
1860 4268 1934 4336 Hoc
1963 4205 2272 4336 loeogbenedicendi
2293 4290 2375 4334 ver-

386 4353 583 4420 benefioium
595 4375 695 4419 manu
707 4355 777 4418 eius
789 4366 958 4438 acceptum
970 4377 1033 4439 qno
1046 4355 1137 4423 decet
1148 4357 1270 4422 honore
1282 4376 1355 4438 pro·
1405 4358 1483 4424 bum
1505 4375 1571 4420 non
1593 4363 1688 4420 sonat
1712 4363 1914 4439 praesentem
1937 4356 2098 4435 effectum,
2122 4354 2175 4420 val
2198 4355 2375 4421 exhibitio-

388 4442 546 4524 aequitur.
591 4441 700 4522 Atque
718 4441 849 4505 interim
867 4449 960 4524 paret
982 4442 1143 4522 vaticinio,
1165 4441 1251 4527 quod
1272 4439 1356 4507 filios
1406 4462 1482 4508 nem
1514 4441 1615 4507 felicia
1648 4442 1750 4520 vitae,
1790 4441 1885 4506 sicuti
1918 4440 2110 4525 plerumque
2151 4439 2269 4508 dicitur
2302 4441 2376 4506 suis

387 4528 481 4611 prius
501 4527 534 4591 in
563 4526 688 4591 rabiem
717 4525 924 4605 accenderat,
954 4548 996 4592 ne
1025 4527 1090 4594 illis
1119 4549 1219 4612 grava
1246 4528 1290 4594 sit
1317 4547 1356 4594 ac
1406 4526 1594 4594 maedioere
1606 4526 1777 4605 Dominus,
1800 4525 1876 4592 dum
1899 4528 2054 4605 lavorem,
2073 4547 2136 4610 quo
2153 4528 2240 4610 ipsos
2259 4547 2375 4611 prose-

388 4613 571 4690 molcstum,
594 4613 622 4678 si
644 4611 804 4694 Ephraim
825 4623 858 4677 at
874 4613 1028 4680 Manasse
1050 4613 1187 4680 duarum
1209 4613 1356 4680 tribuum
1406 4615 1533 4699 quitur,
1567 4614 1695 4696 reipsa
1724 4611 1881 4693 declarat,
1910 4623 1946 4678 ut
1966 4612 2074 4696 palam
2098 4613 2155 4677 fiat
2185 4613 2271 4696 ipsos
2300 4633 2377 4678 ease

389 4701 495 4785 capita
518 4699 703 4765 constituat.
1407 4700 1532 4779 beatos,
1562 4700 1639 4782 qaia
1659 4699 1694 4763 in
1717 4699 1787 4766 eius
1808 4698 2008 4782 praesidium
2030 4699 2151 4782 recepti
2172 4705 2257 4765 sunt.
2302 4697 2377 4764 Sed

475 4784 505 4850 3.
551 4783 596 4848 Et
632 4784 717 4849 dicit
748 4781 884 4848 Iobueob
921 4784 965 4849 ed
996 4783 1117 4868 [camb.
1172 4783 1357 4851 Consilium
1407 4784 1503 4851 Iacob
1532 4805 1567 4850 se
1598 4783 1804 4850 benedictum
1833 4785 1950 4850 sentit:
1983 4786 2059 4869 quia
2087 4785 2277 4868 promissam
2309 4786 2376 4848 sibi

260 4864 263 4881 '
304 4847 305 4850 Ἴ
390 4872 496 4937 saneti
518 4869 583 4937 riri
605 4870 666 4935 fuit
687 4869 857 4934 retrahere
879 4868 984 4934 filium
1005 4891 1101 4936 suum
1129 4869 1168 4937 ab
1191 4871 1357 4954 opulentia
1407 4871 1545 4956 gratiam
1568 4871 1753 4953 amplexus,
1781 4870 1821 4936 dc
1843 4871 1959 4936 effectu
1988 4893 2054 4936 non
2076 4869 2212 4936 dubitat.
2254 4868 2377 4954 Itaque

388 4966 422 5021 et
444 4955 620 5023 honoribus
633 4956 787 5038 Aegypti,
810 4975 948 5039 eumque
970 4955 1010 5023 da
1031 4958 1159 5040 integro
1177 4977 1357 5040 aggregare
1406 4957 1572 5041 exegetica
1594 4956 1715 5040 accipio
1736 4955 1821 5039 qood
1842 4957 1995 5024 continuo
2017 4964 2089 5041 post
2110 4957 2272 5039 sequitur:
2308 4955 2378 5020 Fo-

389 5041 431 5108 ad
453 5055 604 5108 sanetum
623 5061 743 5126 genus,
772 5061 876 5125 aquo
905 5042 1071 5125 paulisper
1092 5043 1217 5108 divisus
1237 5043 1356 5107 fuerat.
1406 5044 1488 5109 oium
1509 5047 1537 5108 te
1557 5063 1705 5120 umoere,
1732 5049 1791 5108 cto.
1835 5043 1992 5108 Promisit
2021 5051 2128 5108 summ
2152 5042 2316 5106 Dominus
2339 5061 2376 5106 aa

389 5129 493 5193 Porro
515 5148 575 5192 nec
597 5127 728 5210 generis
750 5126 800 5192 sni
823 5127 1066 5208 excellentiam,
1090 5150 1148 5194 nec
1170 5135 1358 5211 praesentes
1407 5130 1567 5194 iacturum
1590 5137 1629 5193 nt
1648 5135 1758 5194 coctus
1779 5130 1971 5212 populorum
1993 5149 2035 5193 ex
2054 5128 2125 5211 ipsc
2147 5124 2376 5194 demandet-et:

389 5213 530 5293 divitias,
552 5231 612 5278 nec
634 5213 812 5294 potentiam
830 5215 1003 5298 magnifice
1019 5213 1129 5293 iactat,
1152 5213 1357 5280 demulcendi
1407 5214 1484 5298 qnia
1506 5213 1660 5281 tredecim
1682 5213 1794 5288 tribus,
1817 5235 1857 5279 ex
1876 5213 1992 5297 quibus
2009 5235 2112 5279 uuum
2129 5214 2237 5298 gentis
2254 5233 2378 5294 eorpus
2491 5255 2492 5262 κ

389 5299 459 5364 eins
482 5318 588 5376 eausa,
610 5295 667 5363 sed
689 5299 821 5365 unicum
845 5298 908 5365 Dei
930 5299 1042 5365 foedus
1063 5299 1230 5385 proponit:
1258 5300 1356 5366 sicuti
1408 5301 1592 5380 constabat,
1622 5301 1714 5384 quasi
1743 5297 1884 5368 todidem
1918 5311 2012 5364 erant
2041 5299 2171 5385 populi:
2205 5297 2259 5366 sed
2295 5301 2376 5383 quia
