5000 6208
152 394 207 458 301
799 391 1170 462 COMMENTARIUS
1193 391 1242 459 IN
1270 391 1483 459 GENESIN.
2074 397 2137 464 302

151 602 283 732 titt.
296 581 443 750 lilii&
465 580 843 752 iild'iiliiill
864 603 1120 752 ttttttt
1170 579 2140 752 ttttt’stltltttttttlttt”tttttt

151 752 287 819 crimen:
309 752 373 818 ‘sed
395 773 455 837 ego
485 751 562 818 data
589 774 688 838 opera
716 753 889 836 loquutum
917 753 1016 819 luisse
1042 764 1120 838 puto
1170 753 1349 836 spiritualis
1371 751 1482 836 populi
1505 763 1606 837 pater,
1630 751 1724 818 alteri
1747 752 1844 818 datur
1864 756 1994 820 carnale
2016 777 2137 821 semen.

151 845 217 903 tam
239 837 376 918 concise,
397 859 462 921 quo
483 839 589 924 magis
611 837 832 906 detestabilem
854 838 1006 905 redderet
1027 851 1120 922 petu-
1168 838 1265 905 Unde
1287 839 1404 904 memte
1427 837 1550 922 colligit
1572 836 1712 918 Paulus,
1735 860 1801 903 non
1824 859 1936 906 omncs
1954 841 2011 924 qui
2027 862 2138 906 semen

149 923 283 988 lantiam
306 945 371 1008 qua
390 924 455 990 Dei
477 923 615 990 verbum
637 923 797 990 illuditur.
1170 933 1247 988 sunt
1266 921 1426 1002 Abrabae,
1448 943 1545 990 veros
1565 943 1636 990 esse
1652 932 1687 990 et
1704 925 1864 1008 genuinos
1886 925 1985 992 filios:
2009 924 2066 993 sed
2083 928 2139 1011 qui

235 1008 285 1074 10.
309 1008 401 1076 Eiice
431 1009 589 1076 ancillam.
634 1009 709 1076 Non
743 1018 871 1076 tentum
904 1009 1120 1076 exacerbatur
1170 1029 1212 1075 ex
1241 1010 1360 1094 spiritu
1389 1009 1491 1092 geniti
1520 1021 1607 1076 suut.
1653 1007 1749 1076 Sicut
1777 1011 1865 1076 enim
1893 1013 2038 1094 gratuita
2066 1033 2138 1095 pro·

150 1093 234 1162 Sara
255 1095 291 1160 in
313 1116 388 1161 eum
409 1095 465 1178 qui
486 1095 648 1180 peccavit,
677 1095 733 1162 sed
762 1095 890 1162 videtur
911 1095 1120 1179 imperiosius
1169 1095 1326 1161 missione
1347 1095 1451 1161 Actus
1468 1105 1518 1160 est
1534 1094 1627 1162 Isaac
1648 1094 1814 1179 legitimus
1837 1095 1933 1176 lilius,
1957 1099 2044 1164 inter
2065 1118 2138 1182 pos·

150 1200 247 1265 agere
268 1201 343 1246 cum
366 1183 484 1246 merito
506 1202 601 1264 quam
632 1181 811 1247 modestam
840 1203 975 1247 uxorem
998 1182 1118 1248 deceat.
1170 1192 1267 1259 teros,
1286 1182 1341 1264 qui
1360 1181 1487 1263 sequuti
1509 1190 1602 1261 sunt,
1625 1181 1738 1248 eadem
1757 1182 1821 1246 Dei
1839 1184 1944 1265 gratia
1966 1181 2138 1250 discrimen

151 1265 247 1348 Quod
287 1267 376 1349 prius
415 1267 585 1332 Abraham
619 1269 748 1334 vocavit
780 1267 967 1347 dominum,
1002 1267 1120 1333 Petrus
1170 1267 1293 1332 statuit.
1339 1264 1406 1332 Sed
1429 1265 1503 1349 quia
1526 1265 1566 1331 de
1588 1267 1688 1333 variis
1710 1267 1863 1332 Abrahae
1885 1268 1963 1333 filiis
1985 1268 2139 1336 disserui·

149 1350 293 1418 ostendit
313 1373 379 1419 non
397 1353 472 1418 ficte
495 1352 609 1437 egisse,
633 1353 710 1417 dum
728 1373 799 1418 cem
817 1355 937 1419 sanctis
960 1354 1120 1437 castisque
1170 1373 1244 1418 mus
1254 1361 1413 1435 quantum
1428 1352 1509 1418 setis
1520 1360 1601 1430 erat,
1620 1373 1719 1436 supra
1736 1351 2011 1437 decimoseptimo
2023 1355 2139 1439 capite,

148 1437 306 1503 matronis
328 1437 363 1502 in
386 1438 573 1520 exemplum
596 1438 796 1506 voluntariae
819 1439 1026 1505 subiectionis
1047 1459 1122 1522 pro·
1170 1459 1259 1504 nunc
1281 1457 1351 1502 eam
1374 1459 1443 1502 rem
1464 1438 1593 1521 parcius
1616 1438 1750 1522 attingo.

147 1523 240 1606 ponit
257 1521 300 1608 (1.
319 1523 390 1588 Pet.
408 1523 440 1601 3,
457 1521 500 1611 6).
536 1523 632 1591 Nunc
654 1535 762 1590 eutem
786 1546 852 1590 non
873 1524 980 1590 solum
1003 1525 1120 1590 memte
1257 1523 1307 1589 12.
1324 1522 1484 1606 Quidquid
1501 1523 1618 1588 diamt
1628 1523 1743 1590 Sorai.
1768 1523 1848 1588 Dixi
1860 1545 1973 1608 nuper,
1991 1528 2141 1610 quamvis

146 1611 179 1673 in
197 1607 347 1674 ordinem
369 1615 478 1676 coacto
500 1629 640 1694 regnum
663 1609 752 1674 domi
773 1620 924 1693 usurpat:
948 1609 1005 1676 sed
1023 1631 1121 1693 quem
1171 1607 1274 1675 Sarae
1295 1610 1476 1674 ministerio
1498 1608 1539 1674 ad
1562 1615 1690 1674 tantem
1712 1631 1781 1676 rem
1806 1631 1884 1676 usus
1910 1610 2010 1677 luerit
2031 1613 2139 1678 Deus:

146 1694 293 1759 revereri
325 1693 496 1772 debuerat,
529 1716 589 1762 suo
622 1695 755 1762 arbitrio
787 1695 1016 1778 obsequentem
1049 1715 1120 1762 esse
1170 1695 1313 1778 potuisse
1342 1703 1451 1760 temen
1477 1695 1582 1777 ipsam
1605 1694 1670 1759 labi
1692 1695 1727 1761 in
1750 1695 1868 1779 egendi
1894 1695 1998 1762 modo.
2042 1697 2140 1797 Nunp

146 1780 246 1845 iubet.
298 1779 362 1845 Hic
394 1801 582 1865 quanquam
609 1801 676 1846 non
709 1802 793 1866 nego
823 1779 940 1848 Seram
969 1781 1120 1849 muliebri
1170 1781 1259 1846 iubet
1282 1781 1435 1846 Abrahae
1457 1800 1581 1846 morem
1625 1801 1716 1846 erere
1737 1781 1847 1846 uxori:
1870 1802 1935 1847 non
1957 1781 2043 1865 quod
2065 1804 2140 1866 pro-

145 1865 267 1931 effectu
288 1864 445 1948 percitam
467 1864 600 1931 modurn
621 1867 816 1947 excessisse,
837 1887 903 1933 non
925 1875 1036 1932 tamen
1059 1866 1120 1932 dn·
1170 1867 1226 1932 bet
1258 1867 1328 1933 eius
1360 1866 1531 1946 effectum,
1563 1801 1624 1931 sed
1652 1867 1727 1950 quia
1760 1867 1913 1950 compleri
1944 1868 2017 1935 vult
2049 1890 2139 1952 opus,

144 1951 224 2031 bito,
242 1959 308 2016 tarn
327 1971 444 2017 arcano
462 1951 596 2034 spiritus
613 1952 769 2019 instinctu
787 1953 1003 2038 gubernatam
1020 1953 1120 2019 fuisse
1171 1953 1263 2018 cuius
1284 1954 1353 2036 ipse
1370 1962 1420 2017 est
1438 1959 1541 2018 autor.
1577 1953 1686 2034 Atque
1702 1952 1751 2017 ita
1772 1952 1914 2018 ostendit
1935 1975 2000 2020 non
2023 1953 2140 2021 debere

144 2037 217 2103 eins
248 2036 394 2121 linguam
427 2045 459 2102 et
491 2047 648 2116 mentem,
689 2059 788 2122 quem
821 2037 1025 2122 providentie
1054 2038 1119 2103 Dei
1170 2057 1230 2104 sua
1251 2038 1384 2103 consilia
1405 2037 1493 2122 exigi
1517 2037 1557 2102 ed
1579 2056 1784 2104 communem
1807 2059 1971 2104 normam:
1994 2059 2140 2122 praeser-

143 2130 252 2189 totum
274 2121 335 2188 hoc
356 2122 524 2207 negotium
555 2121 713 2204 directum
734 2125 806 2190 fuit.
851 2124 966 2206 Magni
987 2125 1120 2208 quidem
1171 2131 1229 2189 tun
1263 2121 1318 2188 ubi
1350 2122 1390 2188 de
1424 2123 1529 2188 salute
1566 2123 1719 2190 ecclesiae
1758 2123 1875 2208 egitur.
1930 2123 2019 2190 Data
2051 2126 2140 2192 enim

144 2221 176 2274 et
201 2207 366 2274 tremendi
395 2207 506 2274 iudicii
534 2209 717 2275 ministram
750 2211 865 2286 fuisse,
898 2209 1120 2277 controversie
1170 2229 1270 2292 opera
1291 2209 1448 2274 natatum
1470 2217 1609 2274 naturae
1630 2207 1778 2274 ordinem
1799 2210 1951 2286 invertit,
1974 2219 2011 2275 ut
2033 2232 2068 2277 sc
2089 2211 2140 2277 in-

143 2302 246 2360 ceret.
285 2293 331 2358 Et
353 2293 476 2359 Paulus
504 2314 619 2362 vocem
641 2294 725 2360 hano
753 2317 817 2361 nou
847 2303 1002 2378 tanquam
1024 2296 1119 2362 futile
1169 2296 1356 2362 choatorem
1396 2303 1428 2359 et
1466 2294 1681 2377 perfectorem
1720 2295 1900 2361 vocationis
1934 2294 2028 2362 Isaac
2067 2316 2139 2364 esse

143 2379 330 2446 convicium
342 2377 428 2464 qnod
442 2381 528 2445 irate
544 2380 662 2446 mulier
680 2379 868 2460 effutiverit¹
887 2381 944 2448 sed
963 2389 1118 2465 tanquam
1169 2380 1291 2465 probet.
1336 2377 1423 2460 Quia
1449 2399 1526 2445 vero
1554 2379 1721 2464 praelatus
1749 2400 1821 2445 snm
1850 2379 1935 2445 hanc
1967 2380 2140 2448 historiam

143 2464 288 2531 coeleste
320 2465 491 2531 oraculum
526 2464 666 2532 adducit.
710 2466 785 2534 Etsi
818 2475 928 2532 entem
960 2468 1117 2533 maiorem
1170 2467 1269 2533 altius
1291 2487 1309 2532 a
1332 2464 1437 2532 Paulo
1460 2465 1607 2544 tractari,
1635 2485 1765 2530 summa
1792 2466 1934 2533 breviter
1957 2466 2141 2552 colligenda

142 2571 244 2633 quarn
267 2551 414 2634 privatae
436 2550 583 2616 mulieris
604 2572 775 2636 personam
798 2554 951 2635 sustinet,
977 2574 1043 2619 non
1068 2561 1118 2617 ta-
1170 2560 1229 2619 est.
1279 2552 1393 2618 Primo
1421 2551 1500 2619 dicit
1526 2549 1700 2634 allegorice
1727 2551 1850 2635 scripte
1877 2571 1947 2617 esse
1975 2572 2057 2637 quae
2085 2552 2140 2618 hic

137 2657 222 2704 men
246 2635 343 2719 eripit
364 2637 482 2701 marito
505 2645 715 2721 potestatem,
748 2637 806 2704 sed
829 2638 1012 2724 legitimum
1034 2637 1117 2706 elec·
1169 2637 1337 2723 leguntur:
1367 2659 1432 2704 non
1460 2636 1547 2721 quod
1575 2657 1688 2703 omnes
1714 2637 1896 2721 promiscue
1923 2635 2075 2704 historias
2097 2636 2140 2703 ad

144 2721 248 2788 tionis
270 2721 451 2804 praesidem
472 2722 559 2788 fecit.
1169 2745 1285 2791 sensus
1323 2723 1513 2808 allegoricos
1549 2721 1693 2806 torqueri
1732 2722 1826 2802 velit,
1865 2721 2139 2807 quemadmodum

234 2807 284 2872 11.
301 2806 794 2888 Daptccttaoactcatrctae.
818 2808 1014 2894 Quanquam
1031 2809 1117 2875 mul·
1169 2808 1346 2895 Origenes,
1380 2809 1457 2875 dum
1490 2807 1611 2892 ubique
1642 2807 1814 2892 allegorias
1846 2817 2003 2887 venetur,
2034 2817 2138 2876 totam

139 2894 185 2958 tis
203 2894 272 2960 iarn
290 2892 429 2960 oraculis
447 2893 565 2960 certior
581 2894 686 2962 fectus
704 2896 963 2975 eretAbraham,
984 2895 1118 2961 nonnisi
1169 2896 1364 2980 scripturam
1400 2893 1592 2978 corrumpit:
1631 2901 1665 2959 et
1696 2893 1752 2960 alii
1782 2894 1881 2962 nimis
1919 2894 2035 2980 cupide
2067 2895 2138 2961 eius

140 2979 183 3046 ab
196 2977 586 3062 unoIseacproditurum
604 3001 715 3048 semen
734 2980 958 3049 benedictum:
978 2993 1116 3066 paterno
1169 2979 1355 3066 exemplum
1395 2979 1592 3047 aemulando
1630 2978 1758 3045 fumum
1792 3002 1833 3046 ex
1864 2979 1937 3046 lucc
1970 2979 2137 3047 dederunt

138 3077 258 3130 tamen
280 3085 391 3131 amore
412 3072 542 3149 captus,
572 3087 637 3131 non
661 3067 800 3133 sustinet
822 3065 967 3134 exscindi
991 3067 1117 3132 Ismuc·
1169 3068 1237 3134 Nec
1267 3066 1363 3133 modo
1395 3066 1512 3133 vitiata
1542 3065 1605 3131 luit
1634 3064 1815 3150 scripturae
1844 3065 2048 3150 simplicitas,
2080 3065 2139 3134 sed

138 3151 229 3232 lem,
250 3160 289 3216 nt
310 3150 493 3217 haeredites
514 3172 614 3234 penes
636 3173 712 3218 cnm
740 3162 870 3220 maneat
890 3155 1033 3238 integra,
1062 3152 1116 3220 oui
1168 3152 1249 3219 fides
1266 3173 1369 3237 paene
1385 3152 1578 3218 labetactate
1595 3150 1667 3230 tuit,
1689 3149 1866 3234 multisque
1884 3151 2007 3218 deliriis
2026 3160 2139 3236 aperte

138 3235 305 3303 divinitus
333 3256 488 3303 concessa
515 3245 601 3303 crat:
635 3246 733 3322 atque
762 3239 810 3305 ite
838 3239 918 3305 duas
948 3238 1116 3306 miscendo
1168 3241 1275 3305 ianua.
1316 3237 1498 3305 Consilium
1520 3245 1630 3303 autem
1651 3235 1747 3302 Pauli
1768 3238 1839 3314 fuit,
1861 3237 1989 3320 piorum
2012 3253 2139 3304 mentes

137 3333 271 3408 gentes,
293 3321 468 3388 discrimen
490 3341 510 3387 a
530 3322 603 3389 Deo
624 3325 784 3406 positum,
812 3323 917 3409 quoad
940 3325 975 3390 in
997 3346 1034 3391 se
1055 3331 1113 3404 est,
1168 3325 1209 3392 ad
1229 3323 1499 3392 considerandum
1517 3323 1552 3388 in
1574 3322 1636 3389 hac
1657 3322 1795 3389 historia
1811 3320 1876 3388 Dei
1897 3343 2051 3389 moenum
2074 3323 2139 3389 cri·

136 3407 344 3476 confundere
371 3408 469 3492 cupit.
512 3407 625 3474 Videri
655 3430 732 3476 sane
755 3411 815 3478 hoc
844 3409 1020 3477 absurdum
1043 3431 1115 3494 pos·
1167 3430 1260 3495 gere:
1290 3431 1328 3476 ec
1357 3411 1384 3475 si
1414 3409 1553 3486 diceret,
1583 3407 1624 3474 ad
1654 3408 1824 3491 spirituale
1846 3406 1971 3474 christi
2000 3429 2138 3493 regnum

136 3505 208 3574 set,
240 3492 325 3578 quod
347 3493 411 3560 Dei
440 3493 590 3561 minister
617 3516 712 3562 caeco
740 3495 885 3581 impulsu
907 3496 1027 3562 t’ertm:
1059 3495 1116 3562 sed
1167 3505 1313 3580 spectare
1340 3515 1424 3581 quee
1452 3494 1492 3561 de
1515 3493 1670 3561 Abrahae
1698 3491 1793 3574 domo
1822 3492 1924 3559 refert
1944 3493 2071 3572 Moses,
2100 3501 2138 3560 ut

135 3581 239 3647 Deus
266 3599 334 3644 non
363 3578 458 3645 modo
481 3588 517 3645 ut
545 3599 621 3646 eum
646 3581 796 3647 humiliet
823 3583 870 3649 sic
893 3603 967 3648 eum
997 3582 1116 3647 iudicio
1166 3593 1255 3650 certe
1276 3580 1392 3648 domus
1413 3579 1471 3646 illa
1493 3579 1570 3647 viva
1591 3579 1655 3645 luit
1675 3578 1828 3646 ecclesiae
1857 3580 1975 3664 imago.
2021 3578 2138 3646 Oecte·

136 3668 273 3750 privet:
296 3663 352 3731 sed
375 3665 473 3730 etiam
496 3672 533 3731 ut
553 3671 708 3732 testatum
731 3668 830 3734 laoiat
850 3667 988 3734 saeculis
1010 3666 1116 3732 omni·
1167 3689 1241 3735 rum
1274 3668 1354 3735 haec
1386 3665 1560 3752 allegorice
1592 3674 1642 3732 est
1674 3665 1854 3731 similitudo
1886 3683 1984 3748 qnam
2013 3663 2138 3730 Paulus

136 3753 223 3832 bus,
248 3771 346 3816 aeuo
368 3751 466 3816 unius
489 3749 623 3818 arbitrio
645 3752 787 3836 pendere
804 3755 927 3838 gratiae
948 3773 1027 3820 suae
1049 3751 1116 3818 dis·
1167 3753 1379 3821 commendat.
1424 3749 1537 3832 Quum
1570 3750 1634 3817 duo
1663 3750 1764 3836 geniti
1792 3751 1859 3816 sint
1888 3748 2042 3817 Abrahae
2068 3749 2138 3832 filii,

135 3837 381 3924 pausationem.
419 3835 524 3903 Porro
543 3845 581 3903 ut
602 3838 754 3922 aequiore
771 3840 1116 3906 enimolcratscnctus
1167 3839 1250 3905 alter
1271 3861 1312 3906 ex
1334 3836 1467 3918 ancille,
1498 3837 1581 3903 alter
1603 3857 1642 3901 ex
1672 3835 1789 3914 libera,
1820 3835 1901 3902 duas
1925 3856 1995 3904 esse
2024 3857 2138 3902 eorum

137 3924 197 3990 vir
221 3921 283 3988 filii
304 3923 356 3991 sui
380 3921 575 4000 discessum,
604 3924 726 4008 duplex
748 3925 777 3990 ei
799 3925 985 3992 consolatio·
998 3944 1116 4009 propo·
1166 3926 1291 4010 species
1322 3923 1446 4008 colligit
1478 3925 1535 4007 qui
1564 3923 1599 3987 in
1627 3922 1763 3990 ecclesie
1795 3922 1991 4006 gignuntur:
2025 3921 2137 3988 fideles

135 4012 247 4077 nitur.
279 4007 366 4073 Nem
388 4008 480 4072 initio
497 4007 590 4075 Deus
612 4011 860 4092 promissionem
882 4011 921 4077 de
939 4009 1030 4078 heac
1050 4011 1116 4078 lac·
1167 4031 1248 4095 quos
1270 4011 1360 4077 Deus
1388 4008 1505 4094 spiritu
1535 4007 1719 4091 adoptionis
1749 4006 1849 4072 donat
1870 4015 1906 4071 ut
1934 4007 2136 4073 haereditate

136 4105 212 4162 tam
239 4096 272 4158 in
296 4093 485 4160 memoriam
507 4103 653 4161 revocet:
683 4115 720 4162 ec
741 4097 769 4162 si
791 4095 928 4176 diceret,
960 4097 1040 4162 satis
1061 4117 1115 4162 su·
1166 4099 1334 4163 fruentur:
1367 4095 1513 4161 larvatos
1542 4092 1716 4176 discipulos
1743 4093 1857 4178 quise
1885 4092 2044 4159 simulent
2063 4113 2136 4160 esse

135 4201 271 4266 perque
293 4200 364 4246 esse
391 4179 475 4264 quod
497 4179 546 4245 illi
574 4181 772 4264 relinquitur
792 4181 901 4260 Isaac,
924 4183 959 4248 in
981 4203 1044 4265 quo
1065 4183 1116 4247 in·
1167 4183 1252 4267 qued
1275 4202 1342 4249 nou
1363 4194 1450 4259 sunt,
1472 4200 1590 4246 nomen
1614 4200 1655 4245 uc
1677 4178 1837 4244 stlocum
1859 4177 1947 4243 inter
1967 4179 2032 4244 Dei
2052 4178 2137 4245 filios

135 4279 241 4351 tegra
262 4273 374 4331 manet
402 4265 580 4348 spiritualis
609 4265 798 4333 benedictio.
842 4267 972 4335 Deinde
993 4268 1116 4334 Ismae-
1167 4267 1209 4335 ad
1228 4278 1356 4351 tempus
1377 4275 1548 4350 usurpant.
1589 4200 1755 4345 Suosdam
1778 4263 1887 4347 itaque
1908 4262 2003 4330 docet
2024 4263 2136 4330 servili

136 4353 209 4419 lem
232 4349 383 4434 quamvis
404 4372 423 4416 a
446 4349 540 4417 domo
560 4363 698 4435 peteme
721 4353 864 4432 exsulet,
887 4374 984 4422 curae
1006 4362 1118 4420 tamen
1167 4354 1263 4420 modo
1284 4353 1411 4437 concipi
1432 4359 1465 4418 et
1486 4351 1592 4418 nasci:
1623 4349 1702 4415 alios
1722 4357 1830 4415 autem
1852 4350 1946 4433 quasi
1968 4371 2009 4414 cx
2031 4358 2136 4414 matre

134 4439 205 4506 sibi
232 4435 303 4503 iore
331 4437 507 4520 promittit,
536 4449 569 4502 et
589 4439 793 4514 oriturcsex
815 4461 853 4505 eo
874 4452 1037 4524 posteros,
1060 4439 1118 4524 qui
1166 4441 1318 4524 ingenua.
1364 4437 1492 4504 Deinde
1520 4436 1724 4520 prosequitur
1752 4434 1834 4500 filios
1863 4454 1935 4501 esse
1963 4436 2054 4520 Agar
2080 4434 2136 4518 qui

184 4522 306 4608 pulum
345 4543 449 4588 unum
484 4523 635 4590 efficiant.
691 4523 868 4590 Caeterum
900 4525 977 4609 quid
1010 4525 1116 4592 valeat
1166 4532 1366 4611 generentur
1398 4543 1439 4588 ex
1471 4523 1581 4589 servili
1613 4522 1644 4586 le
1670 4521 1695 4585 's
1727 4519 1889 4587 doctrine:
1929 4521 1985 4603 qui
2023 4528 2135 4586 autem

133 4545 228 4676 iiico
250 4608 405 4692 loquutio,
430 4607 545 4676 Vocari
561 4610 596 4674 ia
615 4610 711 4676 Isaac
727 4631 846 4689 semea,
869 4630 968 4694 supra
993 4610 1117 4678 decimo
1166 4610 1344 4696 gratuitam
1377 4609 1583 4691 adoptionem
1614 4608 1677 4672 fic
1709 4605 1869 4689 amplexi,
1902 4627 1943 4670 ex
1971 4606 2134 4755 evanqelii

135 4695 288 4780 septimo
315 4713 384 4777 cap.
418 4695 561 4776 exposui.
605 4695 652 4761 Et
678 4695 804 4762 Paulus
830 4694 871 4762 ad
900 4697 996 4762 Rom.
1029 4717 1116 4762 nono
1167 4697 1314 4762 doctrina
1343 4697 1538 4780 gignuntur,
1569 4713 1624 4759 eos
1649 4712 1720 4758 esse
1747 4691 1869 4757 liberae
1895 4692 2010 4758 matris
2039 4691 2133 4760 fiios.

135 4781 272 4866 capite,
307 4802 337 4845 v.
372 4779 402 4846 8.
443 4781 721 4862 interpretationis
754 4781 823 4848 loco
855 4783 947 4866 ponit
979 4783 1116 4848 verbum
1166 4782 1314 4848 Tandem
1337 4780 1378 4846 ed
1403 4781 1539 4846 alteram
1568 4776 1813 4846 similitudinem
1844 4774 2026 4855 descendit,
2055 4777 2133 4844 dum

132 4869 338 4948 λογίζεσθαι,
371 4865 432 4932 hoc
465 4882 531 4943 est,
565 4869 690 4932 censeri
721 4867 772 4932 vel
804 4868 959 4951 reputari.
1014 4867 1116 4951 Atqui
1166 4871 1258 4952 Ager
1278 4886 1352 4933 cum
1376 4873 1486 4932 monte
1509 4864 1603 4932 Sinai
1625 4869 1799 4946 comparet,
1823 4860 1939 4929 Seram
1960 4884 2037 4929 vero
2059 4882 2133 4929 cnm

131 4963 274 5023 certum
299 4960 348 5016 est
377 4951 438 5018 hoc
465 4951 563 5017 modo
589 4962 749 5017 resectum
779 4952 879 5018 luisse
901 4975 942 5018 ex
965 4953 1117 5019 Abrahae
1166 4953 1299 5021 coelesti
1326 4951 1535 5037 Ierosolyme.
1584 4949 1657 5015 Etsi
1691 4957 1799 5018 autern
1832 4948 1945 5031 paucis
1977 4948 2032 5014 bic
2058 4969 2132 5034 per·

131 5037 273 5106 familie
302 5035 438 5102 alterum
469 5036 589 5117 filium,
616 5058 659 5103 ne
680 5039 820 5121 amplius
842 5060 960 5105 nomen
983 5039 1118 5104 haberet
1166 5039 1292 5124 stringo
1314 5058 1397 5122 quac
1418 5037 1547 5120 copiose
1569 5043 1684 5119 quarto
1706 5033 1747 5100 ad
1766 5033 1902 5101 Galatea
1923 5035 2029 5117 capite
2046 5055 2133 5100 ame

130 5128 235 5193 inter
259 5121 331 5186 eius
354 5133 509 5205 posteros.
553 5123 643 5190 Deus
671 5125 757 5188 enim
786 5139 956 5210 segregato
978 5124 1117 5190 Ismeele
1167 5125 1328 5210 explicata
1351 5125 1514 5208 reperient
1534 5121 1687 5189 lectores:
1710 5120 1743 5184 io
1763 5119 1825 5185 hcc
1842 5129 1953 5185 tamma
1975 5117 2133 5185 brevitate

130 5221 253 5278 totam
277 5206 428 5274 Abrahae
477 5209 642 5293 rogeniem
665 5210 706 5274 ab
730 5231 794 5276 uno
820 5213 924 5294 capite
952 5211 1115 5275 fluxuram
1166 5210 1300 5276 minime
1339 5211 1512 5277 obscurum
1547 5216 1596 5272 cst
1628 5204 1705 5291 quid
1739 5205 1853 5272 docere
1886 5204 1966 5270 velit
1999 5204 2131 5272 Paulus.

129 5317 214 5366 esse
248 5291 398 5358 ostendit.
484 5294 581 5360 maeli
613 5315 738 5379 quoque
766 5310 895 5380 gentem
926 5317 1019 5362 suam
1048 5297 1116 5362 fore
1166 5295 1296 5363 Scimus
1317 5317 1359 5361 ex
1391 5293 1628 5376 incorruptibili
1657 5291 1747 5359 verbi
1774 5291 1898 5358 semine
1926 5291 2014 5358 nasci
2036 5311 2132 5357 veros
