4988 6192
127 417 188 482 493
783 410 1154 480 COMMENTARIUS
1177 413 1227 478 IN
1249 401 1464 480 oannem.
2058 421 2125 486 494

124 604 224 670 dicit:
254 602 321 668 Gar
347 601 463 684 nopieti
491 620 586 682 super
613 605 640 666 te
667 599 896 666 interstitium?
929 599 1098 664 etuoecutt
1148 602 1316 686 improbus
1338 602 1385 667 illi
1414 622 1516 684 nepos
1537 625 1579 670 ex
1600 603 1683 670 Iuda
1713 618 1810 672 natus
1832 612 1897 684 est,
1927 607 2019 674 cuius
2046 630 2122 676 eum

123 709 233 754 nonen
254 689 324 753 aas
348 686 452 752 Peroe.
496 687 548 752 30.
567 685 611 752 Et
633 692 744 770 posteo
770 703 912 770 egressae
933 689 977 750 eet
995 683 1098 766 frater
1148 687 1273 754 malitia
1312 710 1378 754 non
1410 688 1515 754 latuit.
1566 689 1726 756 Iuvenem
1759 713 1776 758 e
1809 693 1917 760 medio
1956 692 2121 762 subletum

124 777 192 842 aue
209 774 252 838 ud
269 774 360 839 cuius
377 793 506 839 manum
525 777 593 838 out
613 773 785 840 catenum:
808 771 969 838 euomuit
988 789 1098 836 omnen
1148 774 1248 840 tuisse
1271 774 1334 838 Dei
1357 771 1502 840 vindicta
1523 773 1601 842 dicit
1621 777 1740 842 Moses.
1784 778 1837 844 De
1860 779 1932 844 aliis
1954 801 2034 862 quos
2056 781 2121 847 oito

120 863 190 927 aaa
214 859 327 926 Zered.
1149 881 1236 926 mors
1265 859 1385 942 eripuit
1407 859 1568 943 inprime
1602 864 1716 927 aereos
1744 864 1822 930 flore
1845 884 1910 931 non
1930 864 2018 932 idem
2041 866 2120 933 dici·

1149 955 1213 1010 tur.
1265 945 1434 1029 Insignem
1467 966 1544 1030 ergo
1572 955 1606 1012 et
1634 948 1785 1014 omnibus
1818 957 1928 1016 notam
1962 952 2121 1018 malitiam

209 1033 238 1096 1.
270 1029 313 1095 la
344 1033 476 1111 tempore
507 1029 576 1110 ipso
608 1027 776 1106 descendit,
805 1031 856 1092 etc.
900 1027 1095 1110 Priusquam
1148 1030 1249 1097 fuisse
1270 1052 1336 1096 uon
1364 1029 1493 1110 dubito,
1527 1033 1620 1098 euius
1640 1054 1746 1116 poena
1767 1035 1801 1100 iu
1824 1045 1928 1101 morte
1957 1039 2119 1121 apparuit.

122 1117 261 1182 trlterius
278 1117 313 1180 in
330 1113 496 1179 narranda
513 1113 650 1179 historio
665 1113 784 1197 Ioseph
802 1109 963 1196 procedat,
986 1112 1096 1176 Moses
1149 1114 1345 1200 Quanquam
1377 1124 1487 1182 autem
1520 1118 1723 1199 patriarchae
1756 1120 1872 1186 acerba
1903 1143 1961 1204 per
1993 1144 2028 1188 ee
2056 1123 2120 1189 fuit
2199 1138 2202 1150 ·

120 1203 239 1268 inserit
267 1199 491 1286 genealogiam
512 1198 612 1265 Iuda:
642 1198 677 1264 in
700 1221 765 1283 qua
785 1199 858 1282 plue
884 1218 1002 1282 operae
1022 1195 1096 1262 ideo
1148 1203 1301 1282 tentatio,
1329 1201 1412 1266 nihil
1440 1211 1551 1268 tamen
1573 1205 1641 1270 eius
1664 1205 1809 1270 animum
1832 1209 1938 1290 magis
1959 1209 2119 1275 cruciavit

119 1286 285 1372 impendit
316 1286 393 1369 quia
424 1283 502 1350 inde
540 1285 698 1368 originem
739 1284 895 1350 ducturus
927 1291 997 1347 erat
1028 1283 1096 1346 Re·
1149 1309 1246 1371 quam
1269 1287 1354 1372 quod
1375 1289 1431 1354 vix
1454 1309 1584 1371 sperare
1606 1299 1732 1372 poterat
1753 1303 1858 1358 ratam
1876 1292 1944 1358 fore
1962 1293 2025 1359 Dei
2044 1314 2118 1377 pro-

120 1374 285 1456 demptor:
320 1391 425 1453 neque
453 1371 541 1435 enim
571 1371 643 1436 sine
671 1372 811 1448 iactura,
845 1369 999 1436 continua
1026 1368 1097 1433 eius
1147 1373 1365 1454 missionem,
1384 1382 1422 1439 ut
1449 1394 1548 1456 penes
1576 1397 1715 1458 nequam
1738 1397 1775 1442 ao
1796 1378 1940 1462 perditos
1969 1379 2119 1446 homines

118 1460 229 1526 tribus
240 1458 340 1524 series
351 1456 496 1541 ignorari
536 1456 629 1536 otuit‚
651 1455 738 1521 unde
756 1452 898 1538 petenda
914 1452 1094 1519 eratsalus.
1148 1467 1296 1526 maneret
1323 1459 1449 1542 gratiae
1477 1458 1669 1528 haereditas.
1714 1462 1813 1528 Certe
1840 1465 1927 1528 inter
1955 1464 2119 1531 humanae

118 1546 164 1610 Et
187 1555 300 1609 tamon
322 1543 461 1610 hicnon
483 1477 668 1606 coiceretur
688 1541 830 1625 gloriosa
853 1537 1096 1638 nobilitastsed
1147 1546 1310 1612 felicitatis
1339 1555 1448 1628 partes
1470 1557 1622 1611 censetur
1659 1547 1877 1632 polyteohnia‚
1934 1548 1999 1616 Sed
2032 1551 2113 1618 haee

118 1632 220 1696 huius
242 1649 369 1713 quoque
391 1627 533 1693 familiae
554 1648 720 1692 summum
741 1625 880 1692 dedecus
901 1625 1093 1690 traducrtur.
1147 1632 1253 1699 sancti
1275 1631 1339 1695 viri
1359 1631 1531 1713 peculiaris
1553 1640 1624 1697 erat
1654 1635 1753 1712 ratio,
1784 1634 1871 1718 quod
1892 1633 1984 1700 Dens
2006 1657 2119 1703 semen

116 1716 213 1782 Nihil
236 1715 335 1780 refert
357 1713 442 1797 quod
466 1713 541 1778 filiis
563 1711 646 1777 Iuda
668 1713 795 1778 animos
823 1713 939 1776 inflare
965 1709 1093 1775 debeat:
1147 1719 1196 1784 illi
1225 1718 1364 1782 electum
1393 1725 1426 1781 et
1454 1716 1659 1783 benedictum
1688 1721 1896 1803 promiserat:
1926 1743 2014 1787 nuno
2041 1743 2119 1788 vero
2208 1754 2214 1765 ·

117 1801 175 1868 Sed
211 1801 319 1884 P021⁰⁸
354 1800 511 1882 PUdOfflm
544 1799 699 1864 Ῑῦθΰῦθῐθ·
754 1796 951 1880 Quanquam
984 1804 1094 1860 autem
1147 1823 1309 1870 unacum
1332 1802 1440 1868 sobole
1462 1803 1687 1886 augerividet
1709 1824 1747 1869 ac
1772 1806 1935 1888 pullulare
1964 1806 2118 1874 maledic·
2177 1861 2180 1866 r

116 1889 228 1971 prima
250 1885 356 1968 specio
378 1883 498 1950 talibus
524 1882 650 1967 probris
680 1883 832 1949 nonnihil
865 1881 1022 1948 maculari
1045 1881 1094 1946 vi·
1148 1889 1247 1955 tionis
1269 1909 1381 1954 semen
1403 1887 1488 1970 quod
1517 1897 1680 1972 speratam
1703 1891 1841 1974 gratiam
1864 1892 1991 1958 obruat.
2027 1893 2118 1960 Dici-

115 1972 216 2039 detur
235 1971 360 2038 Christi
382 1969 538 2054 dignitas:
562 1971 636 2054 quia
657 1978 767 2034 tamen
788 1969 842 2035 hie
859 1987 986 2052 quoque
1003 1988 1094 2050 spec·
1147 1987 1203 2041 tur
1226 1972 1355 2059 quidem
1377 1977 1405 2037 et
1424 1973 1529 2039 malm
1546 1974 1649 2057 faisse
1674 1995 1778 2042 mrcm
1798 1977 1951 2058 Dmnirw,
1979 1999 2045 2044 non
2068 1986 2117 2043 ta·

116 2066 209 2124 tatur
220 2058 278 2123 illa
289 2056 480 2134 exinanitio,
498 2054 590 2120 ouius
602 2055 750 2120 meminit
761 2055 885 2120 Paulus
896 2051 996 2140 (Phil.
1009 2053 1039 2130 2,
1053 2051 1095 2138 7),
1147 2082 1222 2126 men
1251 2058 1438 2124 hominibus
1467 2059 1603 2126 obscura
1628 2061 1692 2126 fuit
1718 2063 1787 2127 eius
1818 2061 2027 2146 improbitas,
2060 2063 2118 2129 sed

114 2147 230 2228 P⁰t51¹⁵
250 2144 286 2208 1¹¹
309 2143 380 2208 ⁰5⁰⁸
401 2141 542 2226 gloriam
563 2139 724 2206 redundat
746 2162 843 2223 ‘luam
866 2148 903 2205 ui
924 2138 979 2204 vel
1001 2139 1095 2202 mini·
1146 2144 1301 2229 intelligit
1323 2144 1431 2210 Moses
1452 2165 1517 2209 non
1540 2144 1702 2212 laborasse
1730 2155 1858 2213 tantum
1890 2150 2126 2216 communibus-

113 2251 209 2296 mum
244 2227 366 2312 aliquid
401 2249 442 2292 ex
475 2248 514 2292 oa
546 2225 705 2291 detrahat·
760 2227 927 2303 Primum,
961 2223 1094 2322 Chrith
1146 2233 1254 2308 vitiis,
1275 2230 1355 2313 quin
1377 2231 1485 2312 potius
1507 2231 1555 2295 ita
1574 2231 1751 2298 sceleribus
1773 2233 1872 2300 fuisse
1894 2233 2057 2313 deditum,
2080 2243 2126 2299 ut

114 2337 235 2382 sumus
267 2313 396 2392 iniurii‚
431 2312 494 2378 nisi
528 2334 612 2378 unus
641 2311 681 2375 ad
711 2309 865 2378 delendas
896 2310 1094 2393 ignomimas
1146 2340 1210 2385 non
1232 2317 1331 2381 fuerit
1352 2315 1528 2382 tolerabilia
1548 2336 1657 2382 coram
1679 2318 1759 2383 Deo,

113 2400 213 2468 nobis
231 2402 381 2478 sufficiat,
400 2397 573 2482 exquibus
590 2396 750 2464 increduli
768 2397 931 2480 arripiunt
948 2394 1094 2461 scandali
1234 2403 1262 2468 t.
1292 2400 1336 2466 El
1364 2402 1517 2467 interemit
1548 2422 1617 2468 eum
1646 2402 1769 2470 [aaa.
1822 2401 1952 2470 Scimus
1985 2405 2119 2490 longam

113 2489 302 2553 materiam.
347 2483 476 2550 Deinde
509 2485 629 2550 scimus
658 2483 694 2548 in
723 2504 760 2548 oo
793 2483 937 2547 maximo
969 2481 1094 2564 fulgere
1148 2491 1247 2554 vitam
1276 2487 1402 2554 censeri
1430 2487 1517 2552 iuter
1538 2487 1602 2553 Dei
1631 2487 1730 2554 dona:
1761 2489 1857 2572 idque
1878 2491 2010 2556 merito:
2039 2511 2117 2556 nam

114 2574 252 2640 divitias
268 2571 340 2651 Dei,
361 2570 446 2654 quod
460 2568 613 2637 Christus
631 2588 761 2636 carnem
781 2578 925 2634 nostram
943 2567 1093 2644 induens,
1148 2596 1247 2660 quum
1270 2574 1323 2639 hic
1344 2573 1481 2638 minime
1503 2573 1547 2638 sit
1568 2575 1770 2657 spernendus
1790 2574 1905 2654 bonor,
1933 2575 2034 2642 creari
2057 2597 2118 2642 noe

113 2663 149 2726 in
174 2657 321 2724 nihilum
351 2655 454 2740 redigi
478 2655 590 2720 veluit.
635 2655 785 2736 Denique
815 2652 942 2736 probris
971 2652 1093 2716 infame
1146 2661 1187 2726 ad
1210 2659 1386 2743 imaginem
1405 2658 1477 2736 Dei,
1501 2679 1565 2741 quo
1583 2659 1705 2724 diutius
1723 2661 1796 2744 quie
1812 2661 1847 2727 in
1866 2661 1987 2726 mundo
2010 2661 2122 2743 alitur,

113 2745 265 2828 oportuit
285 2764 357 2809 esee
378 2742 483 2824 ipsius
504 2763 617 2825 genus,
641 2749 735 2806 uteo
757 2760 823 2804 uno
845 2739 988 2806 contenti
1010 2736 1094 2802 nihil
1146 2756 1183 2812 ut
1215 2744 1357 2828 quotidie
1383 2744 1506 2810 sentiat
1532 2751 1702 2826 paternam
1732 2766 1811 2830 arga
1836 2767 1872 2812 ee
1893 2746 1958 2812 Dei
1993 2768 2120 2828 curam,

112 2841 214 2898 extra
233 2850 308 2895 eum
330 2847 539 2912 quaeramus:
562 2829 628 2892 imo
647 2847 690 2891 no
707 2827 742 2890 in
759 2826 831 2907 ipso
849 2823 981 2910 quidem
998 2841 1093 2906 quae·
1146 2832 1207 2899 hoo
1232 2829 1397 2896 liberalius
1426 2830 1611 2895 aDomino
1641 2833 1775 2896 tractari
1802 2841 1929 2898 certum
1957 2841 2021 2898 est:
2050 2834 2119 2898 imo

111 2939 233 2984 ramus
262 2913 467 2998 splendorem
497 2921 679 2988 terrenum,
706 2911 802 2977 sicuti
827 2911 934 2976 caruis
960 2907 1094 2973 ambitio
1146 2918 1231 2983 inter
1259 2924 1308 2981 tot
1337 2915 1487 2981 miserias
1514 2915 1632 2999 quibus
1658 2918 1777 2984 referta
1805 2925 1855 2984 est
1882 2918 1966 2999 vita,
1994 2919 2117 2984 eminet

111 3023 249 3086 semper
274 3001 308 3064 in
339 3020 411 3064 eam
437 3007 564 3081 partem
595 2998 692 3063 nimis
718 2996 871 3080 proclivis
896 3002 956 3060 est,
1000 2994 1093 3059 Haec
1146 3011 1257 3070 tamon
1277 3001 1359 3068 hano
1380 3001 1446 3066 Dei
1466 3001 1612 3081 bonitas,
1642 3001 1727 3084 quod
1750 3023 1809 3069 nos
1831 3002 1872 3068 ad
1894 3024 1930 3069 ΒΘ
1951 3003 2044 3070 Deus
2065 3004 2117 3070 in:

110 3089 221 3174 igitur
255 3085 319 3152 duo
350 3091 513 3162 notemus,
550 3083 758 3166 peculiariter
789 3081 946 3147 bonorem
979 3080 1094 3145 haberi
1146 3090 1245 3169 vitat,
1277 3095 1374 3170 etque
1406 3087 1442 3152 in
1475 3087 1525 3152 sni
1559 3089 1743 3172 cognitione
1776 3098 1921 3156 exercet:
1955 3089 2117 3172 simulque

110 3174 219 3240 tribui
243 3170 334 3248 Iuda,
357 3191 440 3253 quae
463 3168 622 3236 divinitus
644 3169 745 3234 electa
767 3175 853 3248 erat,
879 3167 966 3232 unde
987 3187 1093 3231 emer·
1146 3183 1239 3240 tanin
1260 3171 1418 3254 dignitato
1440 3182 1552 3252 ornat,
1586 3173 1664 3238 dum
1692 3175 1830 3256 imperio
1858 3183 1970 3240 nostro
1987 3174 2118 3242 subiicit

110 3267 210 3346 geret
233 3256 348 3322 muudi
378 3255 482 3321 salus:
513 3255 631 3320 deinde
654 3255 732 3338 ipsis
754 3253 924 3320 hominum
946 3252 1093 3336 personis
1145 3259 1300 3344 quidquid
1323 3259 1357 3324 in
1378 3257 1503 3323 mundo
1525 3265 1582 3324 est.
1627 3257 1738 3339 Quare
1768 3260 1851 3325 nihil
1879 3263 2000 3326 mirum
2028 3261 2117 3345 quod

109 3346 254 3412 minime
272 3341 487 3407 honorificum
505 3361 576 3408 esse
586 3341 690 3406 Mesia
707 3361 900 3414 sermonem.
919 3360 979 3406 noo
999 3336 1092 3421 quid·
1143 3347 1238 3412 Deus
1255 3344 1403 3411 beneficii
1414 3343 1485 3409 loeo
1504 3343 1605 3410 vitum
1622 3344 1809 3411 bominibus
1828 3355 1988 3446 prorogat.
2019 3345 2118 3414 Unde

108 3452 215 3516 quam
250 3427 313 3494 eibi
340 3427 395 3494 vel
428 3426 577 3509 patribus
609 3435 765 3510 arrogent
794 3425 916 3491 Iudaei.
961 3424 1093 3521 Interea
1145 3432 1299 3514 sequitur,
1318 3450 1420 3512 quum
1437 3430 1613 3495 immatura
1630 3437 1734 3496 morte
1751 3431 1912 3496 tolluntur
1928 3433 2029 3515 impii,
2048 3433 2118 3498 illis

108 3515 366 3588 meminerimus
384 3511 556 3579 Christum
580 3511 661 3578 nihil
683 3511 805 3596 gloriae
827 3511 970 3576 mutuari
987 3530 1007 3573 a
1024 3527 1093 3574 sure
1144 3518 1249 3600 infligi
1280 3516 1440 3582 scelernm
1471 3535 1627 3598 poenam:
1660 3515 1795 3600 perinde
1824 3517 1913 3582 enim
1942 3527 1992 3582 cst
2020 3537 2058 3582 eo
2087 3518 2116 3583 oi

107 3601 306 3678 maioribus,
328 3601 394 3665 imo
412 3597 496 3663 nihil
518 3599 639 3664 habere
660 3597 783 3680 gloriae
800 3597 836 3661 in
854 3617 952 3662 carne
971 3594 1092 3676 reposi·
1144 3601 1300 3668 iudicium
1319 3603 1419 3666 ferret
1435 3622 1454 3665 e
1470 3599 1560 3666 ooelo
1577 3599 1749 3682 Dominus,
1772 3601 1925 3686 indignos
1947 3622 2017 3668 esse
2034 3623 2117 3686 quos

108 3699 203 3770 tum,
227 3688 321 3752 cuius
343 3686 538 3768 praecipuus
561 3692 592 3748 et
615 3683 758 3748 maxime
778 3682 916 3748 illustris
937 3681 973 3744 in
995 3701 1091 3746 oruoe
1144 3697 1233 3753 terre
1250 3687 1418 3764 sustineat,
1436 3685 1590 3771 indignos
1606 3689 1663 3771 qui
1680 3689 1846 3754 communi
1863 3688 1934 3754 luce
1952 3687 2116 3754 fruantur.

107 3771 307 3856 triumphus
323 3771 396 3837 tuit.
430 3771 533 3834 Porro
550 3789 593 3834 na
610 3769 766 3846 maculae,
789 3766 905 3850 quibus
923 3787 1092 3864 asperenm
1144 3773 1318 3840 Discamus
1338 3773 1458 3855 itaque,
1481 3771 1635 3855 quamdiu
1657 3775 1692 3837 in
1713 3772 1835 3839 mundo
1856 3774 2017 3840 nosDeus
2039 3774 2115 3839 reti-

106 3864 177 3928 fuit
197 3860 269 3924 eius
287 3877 478 3941 gapuanus
496 3855 670 3934 offendant,
690 3855 1092 3920 sciamusimmensaerus
1144 3867 1217 3940 net,
1249 3858 1399 3924 meditari
1428 3858 1499 3924 eins
1530 3857 1703 3936 beneficia,
1736 3880 1799 3943 quo
1827 3859 1965 3926 alacrius
1991 3879 2050 3942 pro
2079 3881 2114 3925 se

105 3947 262 4034 puritate
281 3965 346 4008 non
365 3961 458 4008 secus
477 3960 592 4006 omnes
610 3942 699 4023 ipsas
718 3940 793 4019 elui,
816 3959 853 4004 ac
871 3937 918 4004 sol
937 3935 1092 4021 quidquid
1144 3945 1281 4028 quisque
1298 3943 1428 4010 studeat
1444 3945 1547 4009 vitam
1562 3943 1602 4009 ab
1613 3965 1651 4010 eo
1670 3951 1831 4028 receptam
1843 3945 1876 4008 in
1896 3945 1966 4010 eius
1984 3944 2113 4010 laudem
2166 3989 2170 3998 .

106 4030 251 4102 foetoris
282 4037 332 4094 esi
359 4029 394 4092 in
421 4036 510 4092 torret
539 4037 571 4092 et
600 4039 674 4094 abre
707 4024 899 4106 absorbens,
930 4023 1092 4090 mundum
1143 4031 1273 4096 referre,
1329 4028 1525 4112 Quanquam
1563 4037 1674 4094 antem
1704 4028 1801 4094 hodie
1840 4050 1966 4112 qnoque
1998 4031 2115 4096 mortis

104 4125 248 4206 purgat.
1143 4115 1290 4182 celeritas
1310 4115 1397 4181 inter
1418 4115 1482 4179 Dei
1503 4115 1547 4180 fla
1569 4115 1633 4182 ella
1654 4113 1839 4199 deputanda
1860 4124 1919 4194 est,
1942 4115 2018 4200 quia
2039 4136 2114 4198 per·

201 4203 234 4267 2.
257 4197 302 4264 Et
329 4199 407 4264 vidit
435 4198 480 4264 ibi
509 4195 652 4264 letudcb
676 4195 781 4277 tiliam
809 4196 874 4262 oiri
905 4193 1090 4262 Obemnoei.
1142 4209 1240 4285 petuo
1258 4201 1349 4286 viget
1370 4201 1518 4266 doctrina
1539 4137 1611 4267 illa:
1633 4200 1708 4266 Viri
1730 4201 1938 4284 sanguinum,
1961 4210 1994 4271 et
2011 4200 2112 4266 dolosi

104 4288 214 4373 Quod
235 4287 469 4370 negotiatorem
489 4292 622 4348 vertunt
639 4282 781 4367 quidam,
799 4282 961 4347 mihinon
976 4281 1090 4364 placet.
1143 4309 1208 4353 non
1242 4285 1461 4354 dimidiabunt
1493 4286 1562 4353 dies
1595 4307 1686 4354 suos:
1717 4285 1851 4372 (Psalm.
1886 4286 1937 4365 55,
1968 4287 2022 4372 24)
2051 4287 2113 4352 hoc

103 4379 315 4444 Perveream
349 4372 435 4436 enim
469 4368 636 4435 libidinem
666 4368 750 4434 Iuda
777 4366 946 4436 insimulat
971 4368 1091 4448 Moses,
1143 4384 1253 4438 tamen
1272 4372 1531 4438 iudiciumDeus
1549 4371 1697 4456 sublege
1715 4373 1820 4455 magis
1837 4373 1993 4451 exercuit,
2011 4394 2112 4455 quum

104 4459 202 4548 quod
234 4478 370 4523 uxorem
400 4455 460 4521 sibi
490 4454 666 4538 sumpserit
688 4476 729 4519 ex
751 4473 790 4520 ea
811 4463 909 4538 gente
932 4474 1005 4519 cum
1028 4474 1092 4535 qua
1143 4458 1308 4526 obscurior
1330 4457 1436 4524 adhuc
1457 4458 1543 4523 foret
1563 4458 1691 4523 futurae
1712 4459 1798 4524 vitae
1820 4459 1978 4541 cognitio:
2007 4478 2114 4540 neque

104 4545 277 4616 divinitus
295 4551 464 4608 aeternum
482 4541 557 4606 filiis
573 4540 725 4606 Abrahae
743 4540 914 4606 dissidium
933 4539 1090 4604 indictum
1143 4545 1232 4609 enim
1254 4567 1294 4610 ex
1317 4564 1380 4626 quo
1408 4545 1603 4609 resurrectio
1625 4542 1718 4608 nobie
1739 4543 1773 4607 in
1796 4542 1929 4609 Christo
1954 4544 2113 4626 patefacta

104 4643 194 4702 erat.
232 4631 345 4712 Neque
363 4629 449 4692 enim
469 4627 519 4692 vel
538 4627 656 4708 ipsum,
673 4626 725 4692 vel
738 4627 818 4692 alios
836 4629 953 4692 iratres
970 4625 1092 4691 latebat
1143 4639 1201 4710 eet,
1223 4638 1390 4713 tantopere
1408 4636 1547 4695 mortem
1566 4629 1693 4694 horrori
1715 4648 1784 4694 esee
1806 4630 1967 4694 convenit.
2003 4633 2112 4710 Atque

103 4723 175 4786 hac
199 4717 273 4801 lege
292 4736 325 4780 se
343 4714 545 4797 peregrinari
567 4713 603 4776 in
626 4719 714 4778 terra
736 4711 903 4793 (thanaac,
921 4721 959 4776 ut
981 4719 1093 4793 postea
1142 4715 1202 4782 hoo
1223 4716 1311 4782 inter
1332 4737 1391 4780 noe
1414 4725 1448 4780 et
1477 4723 1619 4781 vaterem
1646 4715 1798 4798 populum
1832 4713 2005 4780 discrimen
2035 4713 2112 4778 alibi

103 4804 236 4874 excisis
266 4822 302 4866 ec
330 4799 467 4883 perditis
497 4799 626 4877 incolis,
661 4799 818 4880 promisso
848 4799 919 4864 eius
948 4795 1091 4861 dominio
1143 4809 1290 4866 notatum
1308 4809 1373 4867 est:
1392 4811 1681 4884 nunquamtamen
1699 4799 1861 4884 generalis
1881 4800 1995 4883 regula
2012 4801 2113 4866 statui

103 4893 313 4977 potirentur.
369 4885 489 4950 Merito
528 4885 639 4967 itaque
672 4882 733 4950 hoc
765 4885 799 4947 in
838 4884 917 4949 vitio
958 4882 1093 4967 deputat
1143 4888 1256 4971 potnit,
1276 4886 1405 4970 placere
1427 4885 1573 4966 domino,
1598 4886 1650 4950 vel
1671 4905 1762 4951 caros
1786 4904 1857 4950 esse
1881 4906 2020 4967 quorum
2041 4885 2113 4952 vita

103 4979 238 5054 Moses,
261 4970 345 5055 qnod
368 4991 403 5037 se
426 4971 545 5038 vetitae
567 4970 719 5035 affinitati
740 4969 902 5053 implicuit
921 4967 1037 5033 Iudas:
1060 4976 1093 5032 et
1143 4973 1299 5038 diuturna
1320 4979 1420 5039 esset:
1445 4973 1523 5056 quin
1545 4972 1651 5056 potius
1673 4970 1837 5036 interdum
1859 4970 1892 5034 in
1916 4991 2038 5052 poenae
2056 4993 2112 5036 cu-

104 5062 282 5131 Dominus
312 5057 443 5122 tandem
475 5055 577 5122 soboli
599 5055 700 5121 Iudae
723 5065 892 5140 susceptae
913 5052 1091 5132 maledixit,
1144 5059 1270 5126 mulum
1292 5059 1453 5140 protraxit
1474 5059 1565 5124 Deua
1597 5055 1743 5140 reprobis
1772 5056 1856 5122 vitae
1885 5065 2022 5140 tempus.
2068 5057 2111 5120 Et

104 5173 153 5218 ne
176 5145 284 5212 Iudae
307 5152 496 5209 nasceretur
518 5143 669 5224 prinecps
692 5151 725 5204 et
746 5152 844 5223 caput
862 5140 1020 5218 familiae,
1050 5160 1092 5204 ne
1143 5143 1262 5210 scimus
1284 5144 1367 5210 Cain
1389 5143 1481 5208 tratri
1504 5166 1563 5210 suo
1580 5142 1662 5208 Abel
1683 5142 1831 5225 pluribus
1853 5142 1990 5208 sacculis
2012 5142 2112 5208 fuisse

105 5237 217 5302 etiam
252 5252 294 5296 ex
328 5251 366 5294 ea
399 5227 552 5294 Christus
586 5226 804 5292 descenderet.
858 5228 931 5292 Hoc
966 5246 1092 5309 quoqne
1143 5231 1360 5312 superstitem.
1406 5227 1472 5296 Sed
1494 5227 1765 5311 quemadmodum
1795 5227 2026 5311 temporalibus
2048 5227 2110 5294 Dei

101 5326 204 5390 inter
222 5315 380 5382 exercitia
398 5314 574 5396 patientiae
586 5312 682 5380 Iacob
700 5314 865 5378 numerari
884 5313 987 5391 debet,
1006 5309 1090 5395 quod
1144 5315 1308 5382 beneficiis
1338 5335 1403 5382 uon
1436 5336 1578 5399 semper,
1612 5335 1716 5398 neque
1744 5313 1780 5378 in
1809 5313 1959 5378 omnibus
1986 5321 2112 5380 constat
