5022 6192
398 377 443 444 99
1049 377 1413 447 COMMENTARIUS
1436 378 1485 445 IN
1508 377 1721 447 GENDSIN.
2321 383 2371 447 100

400 571 489 646 erat,
511 584 632 631 nomen
661 585 757 631 suum
789 571 947 652 perpetuo
965 567 1128 650 sepultum
1151 589 1230 636 esse.
1265 565 1370 649 Quor·
1422 567 1552 634 sterilis.
1605 566 1754 636 Sciamus
1781 587 1875 654 ergo,
1897 569 1945 634 ita
1967 567 2111 652 privatos
2133 569 2232 634 fuisse
2255 589 2372 654 regene-

399 671 474 718 sum
492 651 578 717 enim
598 652 761 728 memoria,
785 651 848 717 uisi
868 654 902 717 in
925 654 1204 720 exsecrationem?
1229 653 1372 719 Ambitio
1422 655 1559 718 rationis
1588 655 1705 737 spiritu
1735 654 1818 720 lilios
1843 654 1943 731 (lain,
1965 663 2002 718 ut
2029 662 2140 719 tamen
2162 652 2298 737 praediti
2316 656 2372 721 frte

399 739 509 802 ιιιιοιι
531 736 679 819 impellit,
702 745 741 801 ut
761 738 873 821 generi
895 757 954 804 suo
977 739 1012 803 in
1034 738 1124 806 urbis
1153 741 1284 806 nomine
1304 759 1372 805 mo·
1422 741 1491 803 rint
1513 760 1578 804 non
1602 740 1848 806 contemnendis
1870 739 2012 806 dotibus:
2035 741 2137 806 sicuti¹
2153 741 2297 806 omnium
2317 763 2373 806 sae

400 830 597 888 numentum
631 831 762 888 statuat.
813 822 902 903 Quid
932 823 986 891 hio
1014 825 1174 907 dicemus,
1207 827 1268 891 nisi
1297 844 1372 891 eum
1422 825 1572 890 culorum
1608 826 1809 910 experientia
1850 824 1957 904 docet,
1997 835 2154 910 quantum
2192 826 2234 890 od
2268 828 2373 892 cultum

400 908 441 973 ad
468 927 608 992 poenam
630 908 834 986 occalluisse,
857 917 894 974 ut
922 911 1144 978 contumaciae
1166 933 1245 978 suae
1266 920 1372 977 tumo-
1424 911 1510 976 vitae
1532 913 1727 994 praesentis,
1751 931 1878 996 semper
1903 911 2034 977 fulsisse
2055 912 2088 975 in
2112 912 2267 995 gentibus
2288 915 2374 977 incre

400 1013 469 1059 rem
493 995 565 1060 Deo
588 993 788 1079 opponeret?
819 995 924 1060 Porro
953 998 1102 1077 quamvis
1130 998 1260 1064 urbium
1290 997 1372 1060 arci·
1423 995 1509 1063 dulis
1531 995 1662 1063 divinae
1683 997 1765 1064 lucis
1785 995 1907 1075 radios,
1930 1010 1963 1062 et
1985 995 2081 1062 hodie
2102 996 2251 1062 videmus
2272 1011 2309 1062 ut
2327 997 2376 1062 dil·

399 1100 521 1164 umque
552 1079 809 1166 propugnaculis
842 1081 928 1145 tueri
960 1083 1060 1146 vitam
1091 1094 1234 1146 nostram
1268 1083 1372 1158 liceat,
1424 1083 1495 1147 lissa
1516 1083 1583 1148 siut
1611 1082 1778 1166 praeclara
1806 1083 1939 1166 spiritus
1965 1083 2051 1148 dona
2077 1102 2135 1164 per
2163 1091 2269 1148 totum
2291 1104 2377 1168 mnus

399 1165 544 1231 nomnda
565 1177 616 1232 est
647 1177 757 1230 tamur
786 1166 893 1249 prima
921 1185 1034 1232 aarum
1063 1169 1169 1253 origo:
1196 1169 1272 1251 quia
1293 1167 1374 1234 utile
1423 1167 1614 1234 humanum.
1660 1168 1748 1249 Quin
1777 1170 1874 1234 etiam
1902 1167 2053 1234 liberales
2074 1177 2162 1234 artes
2182 1179 2216 1232 et
2239 1169 2378 1236 scientiae

400 1262 450 1316 est
472 1251 554 1317 vitia
571 1263 683 1317 nostra
702 1271 830 1334 semper
847 1253 881 1316 in
902 1252 984 1336 ipsis
1007 1253 1157 1318 remediis
1180 1255 1372 1337 conspicere.
1424 1255 1605 1336 aprofanis
1623 1253 1809 1320 hominibus
1830 1253 1923 1320 nobis
1943 1255 2119 1319 fluxerunt.
2173 1255 2378 1338 Astrologian

400 1335 498 1419 Quod
519 1357 579 1421 per
607 1336 786 1403 ludibrium
813 1349 930 1422 rogant
955 1340 1065 1404 naeuti
1094 1339 1257 1418 homines,
1286 1338 1373 1404 unde
1424 1350 1456 1402 et
1485 1337 1626 1422 reliquas
1655 1340 1880 1424 philosophiae
1907 1351 2033 1424 partes,
2062 1339 2273 1418 medicinam,
2295 1340 2378 1405 ratio

401 1423 597 1489 architectos
626 1431 660 1488 et
691 1423 822 1506 opifices
855 1425 1050 1489 conduxerit
1079 1424 1161 1491 Oain
1197 1425 1236 1490 ad
1258 1426 1371 1490 urbem
1423 1445 1498 1489 nem
1529 1425 1650 1507 politici
1680 1425 1805 1490 ordinis
1834 1435 1998 1509 acceptam
2030 1423 2095 1491 illis
2123 1425 2208 1491 ferre
2238 1427 2377 1510 cogimur.

400 1507 902 1588 exstruendam,etundecives
924 1511 1131 1576 accersiverit
1152 1512 1297 1593 quicum
1319 1529 1373 1575 oo·
1424 1509 1493 1575 Nec
1514 1509 1649 1576 dubium
1672 1521 1722 1576 est
1748 1513 1825 1594 quin
1852 1511 1925 1576 illos
1947 1519 2014 1576 tam
2042 1509 2221 1576 liberaliter
2243 1509 2380 1576 ditaverit

400 1593 522 1659 lerant:
557 1613 617 1679 ego
650 1594 794 1660 vicissim
829 1593 869 1658 ab
899 1594 965 1661 illis
1000 1615 1121 1678 quaero
1156 1615 1219 1678 quo
1259 1603 1373 1660 autore
1424 1595 1586 1662 Dominus
1615 1596 1848 1663 excellentibus
1876 1597 2006 1680 gratiis,
2031 1616 2093 1679 quo
2121 1595 2232 1662 minus
2260 1617 2377 1662 excruc-

400 1679 536 1744 credant
553 1680 667 1745 urbem
687 1698 728 1744 ex
741 1678 909 1761 quadratis
926 1678 1088 1764 lapidibus
1106 1681 1209 1746 luisse
1226 1688 1373 1746 exstruc-
1422 1681 1522 1747 tionis
1544 1681 1680 1748 haberet
1702 1701 1813 1748 eorum
1836 1683 1995 1764 impietas.
2040 1681 2110 1746 Nos
2134 1692 2244 1748 antem
2267 1683 2311 1748 sie
2330 1683 2379 1745 mi·

400 1773 486 1842 tam,
519 1774 553 1830 et
585 1785 703 1850 magno
737 1765 889 1844 artificio,
917 1767 1092 1851 multisque
1120 1765 1318 1851 sumptibus,
1341 1773 1374 1831 et
1423 1787 1536 1832 remur
1556 1787 1638 1850 quas
1659 1768 1750 1834 Deus
1770 1769 1804 1832 in
1827 1767 1900 1834 illos
1922 1767 2047 1850 gratiae
2069 1787 2147 1834 suae
2164 1765 2297 1832 divitias
2315 1767 2380 1832 effu·

399 1848 490 1933 lougi
524 1852 679 1934 temporis
707 1871 808 1934 opera
845 1851 1027 1918 aedilicium
1061 1853 1122 1919 hoc
1156 1853 1372 1919 constituisse.
1424 1852 1489 1930 dit,
1512 1863 1551 1918 ut
1570 1854 1668 1936 longe
1688 1852 1792 1940 pluris
1814 1853 1857 1919 sit
1881 1853 1975 1918 nobis
2002 1853 2258 1937 regenerationis
2334 1853 2379 1928 tiu,

401 1934 495 2002 Nihil
525 1937 612 2002 enim
645 1936 734 2002 aliud
762 1934 916 2020 colligere
948 1937 1025 2003 lieet
1053 1959 1095 2004 ex
1123 1939 1231 2004 verbis
1261 1936 1373 2016 Musis,
1423 1958 1489 2021 qua
1511 1958 1586 2004 suos
1604 1939 1723 2004 electos
1741 1939 1801 2005 sibi
1822 1939 2029 2024 peculiariter
2045 1937 2236 2004 sanctificat.
2273 1872 2380 2019 &am-

401 2041 499 2104 quam
522 2043 632 2088 muros
654 2042 697 2087 ex
728 2021 803 2086 rudi
826 2022 963 2088 materia
985 2022 1068 2089 Oaiu
1090 2023 1153 2091 sibi
1176 2037 1209 2089 et
1236 2023 1374 2106 posteris
1424 2025 1474 2089 vis
1496 2037 1606 2090 autem
1634 2024 1780 2091 citharae
1802 2038 1835 2088 et
1857 2024 2011 2089 similium
2037 2043 2233 2108 organorum
2257 2024 2380 2090 musices

400 2107 661 2174 circumdedisse.
707 2107 879 2188 Quantum
902 2107 943 2174 ad
964 2108 1087 2176 incolas
1108 2110 1266 2192 pertinet,
1288 2110 1375 2174 iuter
1423 2109 1587 2189 inventio,
1618 2109 1742 2176 deliciis
1763 2111 1867 2195 magis
1890 2119 1924 2175 et
1950 2109 2114 2192 voluptati
2146 2111 2269 2176 serviat
2297 2129 2380 2193 quam

400 2192 458 2258 illa
480 2191 642 2258 humanae
664 2193 895 2260 foecunditatis
913 2194 1109 2276 primordia,
1132 2213 1232 2278 quum
1256 2193 1297 2260 ad
1320 2194 1375 2259 ab·
1424 2196 1624 2273 necessitati,
1648 2215 1715 2261 non
1745 2205 1856 2262 tamen
1884 2215 2018 2280 prorsus
2044 2214 2247 2278 supervacua
2271 2194 2381 2262 censeri

400 2277 537 2361 hepotee
567 2288 701 2344 ventum
730 2279 826 2358 foret,
848 2280 912 2344 iam
943 2290 1135 2347 excreverat
1159 2281 1230 2346 eius
1251 2280 1375 2345 soboles
1426 2279 1538 2346 debet:
1566 2301 1604 2346 ac
1633 2281 1736 2347 multo
1765 2282 1874 2347 miuus
1903 2300 1961 2364 per
1988 2302 2023 2346 se
2058 2280 2206 2346 damnari
2241 2291 2381 2346 meretur.

401 2365 435 2428 in
459 2373 589 2428 tantum
617 2385 809 2441 numerum,
833 2375 872 2428 ut
899 2384 1016 2447 corpus
1047 2367 1144 2432 unius
1170 2365 1261 2431 urbis
1282 2365 1376 2431 facile
1425 2365 1624 2432 Damnanda
1660 2365 1789 2450 quidem
1830 2375 1881 2432 est
1917 2365 2085 2450 voluptas,
2117 2367 2178 2432 nisi
2218 2385 2294 2432 cum
2329 2365 2382 2430 Dei

402 2449 553 2515 efficeret.
1426 2451 1560 2533 timore,
1581 2460 1615 2518 et
1634 2452 1800 2518 communi
1821 2452 1985 2518 humanae
2006 2451 2171 2518 societatis
2191 2453 2331 2517 utilitate
2348 2451 2383 2516 sit

489 2534 539 2600 19.
560 2535 686 2617 Accepit
706 2535 769 2600 sibi
786 2527 921 2602 Lomoeb
937 2537 1023 2603 daca
1040 2555 1162 2602 aceres
1206 2536 1376 2602 Habemus
1427 2537 1613 2604 coniuncta:
1641 2536 1698 2603 sed
1726 2539 1870 2604 musicae
1898 2536 1972 2602 talis
2000 2548 2051 2603 eet
2075 2537 2174 2618 ratio,
2202 2545 2240 2603 ut
2265 2537 2383 2621 pietatis

392 2617 457 2686 *hic
481 2621 687 2704 polygamiae
716 2621 875 2704 originem
894 2623 929 2686 in
956 2631 1056 2706 geute
1084 2641 1240 2705 perversa
1262 2643 1299 2688 ac
1322 2621 1376 2688 de-
1427 2622 1540 2688 officiis
1569 2623 1819 2704 accommodari,
1841 2635 1875 2688 et
1901 2621 2086 2688 homiuibus
2107 2623 2263 2706 prodesse
2285 2631 2382 2706 queat:

404 2725 537 2791 genere:
574 2707 716 2790 primum
745 2727 823 2772 vero
858 2714 1007 2773 autorem
1036 2706 1200 2773 hominem
1230 2728 1375 2787 saevum,
1427 2706 1536 2774 absint
1563 2706 1659 2773 modo
1684 2708 1823 2775 vitiosae
1851 2708 2034 2776 illecebrae:
2062 2709 2148 2774 absit
2168 2710 2266 2775 etiam
2289 2710 2383 2774 manis

402 2803 437 2857 et
457 2791 563 2856 omnis
590 2790 803 2858 humanitatis
832 2801 1008 2876 expertem.
1059 2793 1231 2859 Caeterum
1260 2794 1376 2860 immo-
1427 2792 1614 2875 oblectatio,
1654 2813 1738 2877 quae
1778 2794 1927 2861 homiues
1959 2813 1979 2859 a
2012 2793 2200 2860 melioribus
2232 2794 2384 2860 exercitiis

404 2877 519 2944 dicone
550 2878 779 2962 propagandae
819 2877 933 2944 domus
968 2900 1046 2945 suae
1077 2879 1201 2959 studio,
1234 2889 1272 2945 ut
1298 2880 1376 2945 elati
1419 2878 1584 2946 abductos
1604 2881 1639 2945 in
1661 2881 1807 2946 vanitate
1829 2889 1973 2964 occupet.
2017 2879 2200 2958 Caeterum,
2223 2889 2261 2945 ut
2284 2880 2383 2944 domur

404 2962 553 3028 homines
576 2971 610 3028 et
638 2964 802 3031 ambitiosi
831 2964 950 3042 solent,
982 2984 1025 3029 an
1054 2963 1189 3031 libidine
1216 2966 1375 3050 impulsus
1427 2965 1572 3031 citharae
1590 2965 1759 3033 inventum
1783 2965 1917 3031 minime
1935 2967 1970 3031 iu
1991 2965 2087 3030 laude
2108 2963 2297 3048 ponendum
2315 2984 2383 3042 esse,

404 3049 515 3126 fuerit,
544 3068 659 3131 parum
690 3049 729 3114 ad
759 3070 829 3114 reru
857 3051 989 3116 attinet:
1016 3050 1091 3133 quia
1119 3059 1259 3134 utroque
1279 3050 1376 3116 modo
1427 3071 1526 3134 qnam
1555 3051 1652 3136 longe
1687 3051 1814 3134 lateque
1846 3061 1957 3135 pateat
1990 3053 2069 3117 artis
2105 3050 2231 3118 fabrilis
2261 3051 2383 3126 utilitas,

404 3133 543 3199 violavit
560 3143 707 3200 sanctam
725 3135 872 3219 coniugii
889 3135 1007 3220 legem,
1026 3155 1107 3220 quae
1125 3136 1230 3203 aDeo
1249 3135 1376 3221 prodita
1427 3135 1555 3202 abunde
1577 3149 1690 3203 notum
1711 3146 1768 3203 est.
1805 3137 1846 3202 In
1868 3157 2005 3216 summa,
2028 3135 2151 3214 dooere,
2174 3135 2384 3213 meoiudicio,

404 3218 520 3284 fuerat.
571 3218 743 3286 Statuerat
770 3222 860 3287 Deus
887 3231 926 3286 nt
956 3230 1065 3287 essent
1093 3219 1157 3287 duo
1182 3223 1215 3287 in
1245 3241 1376 3288 carnem
1428 3222 1538 3287 Moses
1571 3222 1691 3301 voluit,
1723 3224 1872 3290 floruisse
1902 3224 2002 3288 variis
2034 3231 2068 3287 et
2098 3223 2239 3307 egregiis
2270 3222 2385 3288 dodbm

405 3324 517 3384 uuam,
540 3313 637 3388 atque
659 3306 721 3372 iste
741 3317 920 3390 perpetuus
941 3317 1013 3373 erat
1037 3315 1171 3373 naturae
1193 3307 1287 3373 ordo:
1311 3309 1377 3374 La·
1427 3317 1559 3392 gentem
1591 3307 1695 3386 illam,
1728 3329 1810 3393 quae
1843 3316 1877 3374 et
1908 3311 2013 3392 ipsam
2040 3308 2296 3375 inexcusabilem
2322 3306 2385 3372 red·

406 3389 501 3456 mech
524 3389 666 3457 belluino
691 3392 754 3458 Dei
775 3399 963 3476 contemptu
986 3405 1122 3458 naturae
1140 3395 1212 3458 iura
1232 3414 1377 3461 corrum-
1428 3392 1559 3472 derant,
1588 3403 1622 3459 et
1650 3394 1815 3461 luculenta
1842 3401 1952 3460 esseut
1973 3391 2104 3458 divinae
2126 3393 2284 3460 honitatis
2305 3393 2386 3458 testi·

405 3477 464 3560 pit.
516 3477 678 3542 Dominus
705 3499 783 3562 ergo
813 3478 952 3562 legitimi
979 3479 1123 3563 coniugii
1160 3479 1378 3566 corruptelam
1427 3479 1547 3545 monia.
1591 3481 1692 3546 Pater
1722 3481 1940 3546 habitantium
1961 3479 2173 3544 intentoris
2195 3477 2386 3562 diciturpri·

407 3582 450 3628 ex
478 3561 573 3626 domo
595 3562 678 3628 (lain
708 3562 854 3646 prodire,
877 3571 911 3629 et
932 3585 952 3628 a
973 3584 1112 3648 persona
1130 3565 1275 3632 Lamech
1296 3565 1378 3631 inci·
1428 3585 1503 3631 mus
1524 3566 1677 3631 inventor
1698 3567 1767 3632 eius
1785 3563 1953 3644 commodi,
1971 3564 2057 3648 quod
2075 3564 2131 3628 alii
2149 3573 2262 3647 postea
2280 3561 2387 3630 imitati

407 3668 485 3731 pere
507 3649 620 3726 voluit,
642 3657 678 3713 ut
696 3648 888 3733 polygamos
909 3649 1053 3733 exempli
1074 3650 1219 3732 puderet.
1429 3660 1516 3716 sunt.
1986 3655 1987 3662 '
2051 3711 2056 3722 .

495 3733 546 3799 20.
576 3732 670 3799 Iobol
704 3735 773 3816 ipse
798 3740 889 3816 poter
923 3735 995 3818 fait*
1020 3735 1236 3802 laetantium.
1287 3735 1380 3800 Inter
1514 3736 1565 3801 23.
1589 3735 1707 3801 Audite
1731 3756 1830 3803 wacta
1857 3756 1957 3802 meam
1983 3755 2097 3802 rames
2124 3735 2267 3804 Ioeretb.
2312 3734 2387 3800 Don-

407 3819 494 3882 mala
515 3839 598 3902 quae
620 3819 810 3902 prodierunt
831 3841 873 3886 ex
895 3821 1019 3886 familia
1039 3819 1137 3898 Cain,
1160 3820 1283 3906 aliquid
1306 3821 1380 3886 boni
1429 3821 1539 3887 silium
1576 3822 1678 3888 Masis
1712 3830 1775 3898 est,
1816 3824 1999 3906 exprimere
2031 3821 2262 3887 truculentiam
2300 3821 2388 3886 huius

406 3904 507 3969 fuisse
528 3904 711 3970 admixtum
733 3927 820 3973 nunc
837 3907 947 3972 Moses
968 3917 1207 3973 commemorat.
1247 3907 1380 3977 Artium
1429 3908 1509 3986 viri,
1532 3907 1587 3992 qui
1617 3915 1727 3972 ιιιιιιι
1755 3909 1890 3992 quintus
1917 3915 1990 3974 erat
2011 3928 2030 3973 a
2052 3907 2218 3974 fratricida
2241 3907 2338 3973 Dein:
2357 3911 2390 3969 ut

407 3991 496 4054 euim
518 3999 552 4054 et
569 3991 706 4055 aliarum
727 4013 835 4057 rerum
853 3993 1001 4058 inventio
1019 4014 1101 4076 quac
1118 3991 1159 4058 ad
1174 4013 1380 4060 communem
1431 3996 1570 4059 sciamus
1593 3993 1673 4059 adeo
1695 4013 1761 4059 non
1783 3993 1882 4060 luisse
1904 3994 2056 4060 territum
2085 3991 2217 4059 divinae
2239 3990 2389 4058 vindictae

408 4075 495 4141 vitae
536 4097 633 4142 usum
667 4086 701 4140 et
728 4077 992 4143 commoditatem
1021 4078 1148 4157 valent,
1179 4078 1300 4144 donum
1330 4087 1382 4144 est
1431 4078 1598 4163 exemplo,
1628 4079 1713 4162 qnod
1743 4080 1779 4143 in
1811 4089 1909 4145 atavo
1941 4099 2000 4144 suo
2031 4078 2200 4160 cernebat,
2230 4087 2267 4144 ut
2296 4075 2388 4160 magis

408 4159 472 4227 Dei
501 4162 635 4226 minime
668 4163 907 4245 spernendum,
935 4174 967 4228 et
1003 4164 1109 4230 virtus
1142 4164 1238 4230 laude
1271 4161 1380 4247 digna.
1431 4163 1627 4231 occalluerit.
1670 4162 1761 4230 ‘Palis
1782 4174 1833 4230 est
1853 4165 2026 4248 impiorum
2050 4162 2203 4244 durities,
2224 4165 2390 4231 efferantur

408 4246 535 4311 Mirum
556 4269 636 4313 sane
658 4264 708 4312 est
729 4257 860 4333 gentem
883 4247 974 4314 illam
999 4268 1081 4332 quae
1103 4251 1208 4334 magis
1229 4250 1270 4315 ab
1291 4251 1380 4315 omni
1431 4253 1518 4316 enim
1552 4249 1592 4315 ad
1625 4250 1690 4317 Dei
1722 4248 1866 4334 flagella,
1897 4271 1980 4334 quae
2005 4250 2121 4316 saltem
2157 4249 2390 4317 mansuefacere

407 4332 600 4416 integritate
620 4333 811 4412 desciverat,
833 4355 898 4400 nou
921 4334 1125 4418 poenitendis
1151 4335 1281 4400 dotibus
1302 4356 1382 4418 prae
1432 4357 1486 4402 eos
1509 4335 1697 4401 debuerant.
1741 4334 1933 4402 Obscuritas
1950 4336 2020 4414 loci,
2038 4356 2120 4420 quae
2137 4336 2283 4402 diversas
2301 4336 2389 4400 iuter·

409 4418 482 4484 aliis
504 4417 597 4483 Adae
617 4420 755 4503 posteris
776 4420 977 4486 excelluisse.
1022 4421 1094 4505 Ego
1119 4441 1197 4485 vero
1221 4421 1382 4503 interpre·
1432 4423 1628 4505 pretatiunos
1648 4421 1740 4486 nobis
1762 4443 1802 4504 pa
1845 4423 1898 4501 rit,
1920 4420 1996 4487 inde
2017 4423 2159 4486 maxime
2176 4424 2321 4572 profecta
2340 4429 2389 4492 est,

407 4515 462 4569 tor
495 4504 687 4569 nominatim
720 4503 889 4588 loquutum
918 4506 1018 4572 fuisse
1048 4508 1160 4572 hlosen
1189 4506 1229 4572 de
1258 4506 1383 4572 artibus
1432 4507 1518 4591 quod
1546 4527 1646 4592 quum
1675 4507 1785 4573 Moses
1819 4519 1958 4590 equatur
1979 4507 2072 4589 quasi
2094 4528 2134 4573 ex
2158 4527 2177 4570 a
2201 4517 2313 4592 rupto,
2335 4525 2389 4569 nou

408 4591 481 4655 istis
502 4591 647 4655 inventis
670 4591 704 4653 in
732 4589 856 4655 familia
879 4591 977 4658 Dein:
1007 4605 1044 4658 ιι
1071 4594 1228 4658 sciremus
1250 4613 1315 4656 nou
1337 4593 1383 4656 ita
1432 4603 1627 4675 reputarunt
1646 4593 1842 4676 interpretes
1863 4613 2016 4676 quorsum
2034 4594 2104 4658 eius
2121 4594 2225 4658 oratio
2244 4591 2390 4658 andero.

408 4674 512 4742 fuisse
533 4677 743 4742 maledictum
766 4699 786 4740 a
807 4676 959 4757 Domino,
983 4679 1061 4760 quin
1082 4678 1204 4743 eximia
1225 4677 1381 4761 quasdam
1432 4679 1547 4744 ludaei
1575 4678 1731 4744 insulsam
1760 4678 1903 4744 fabulam
1933 4699 2103 4744 enomere
2127 4681 2304 4744 commenti
2325 4684 2391 4742 snut

411 4763 498 4826 dona
527 4764 682 4844 sparserit
709 4763 796 4827 inter
821 4763 891 4828 eius
917 4775 1078 4848 posteros,
1106 4785 1182 4829 nam
1216 4763 1383 4848 probabile
1432 4764 1517 4850 quod
1551 4762 1695 4830 Lamech
1735 4775 1871 4830 venator
1902 4763 2002 4830 luent
2034 4773 2066 4828 et
2098 4783 2230 4842 caecus,
2263 4781 2391 4849 puerum

411 4856 471 4922 est,
495 4847 634 4912 aliorum
652 4849 928 4932 ingeniainterim
946 4870 1013 4914 non
1035 4869 1193 4915 cessasse:
1216 4849 1383 4916 audiuisse
1433 4871 1510 4916 vero
1533 4849 1647 4916 ducem
1670 4849 1819 4916 habuerit
1840 4871 1958 4916 manus
1979 4870 2067 4916 suae.
2111 4849 2196 4918 Oaiu
2217 4850 2296 4916 dum
2318 4850 2391 4914 inter

411 4933 499 4998 inter
530 4930 621 4997 Adae
654 4935 737 4999 lilios
771 4934 920 5000 homines
956 4934 1133 5002 industrios
1166 4944 1199 5000 et
1231 4934 1383 5001 solertes:
1432 4936 1544 5021 sylvas
1556 4936 1706 5013 latitaret,
1729 4935 1828 5002 fuisse
1848 4938 1888 5000 ab
1910 4957 1949 5002 eo
1966 4937 2087 5019 sagitta
2107 4938 2305 5003 confossum:
2327 4933 2393 5018 quia

412 5020 466 5101 qui
496 5039 586 5083 suam
614 5018 809 5085 iudustriam
833 5021 866 5084 iu
893 5020 1018 5086 artibus
1044 5020 1249 5086 inveniendis
1272 5031 1305 5086 et
1327 5041 1380 5086 ex·
1432 5043 1514 5105 puer
1535 5022 1638 5088 feram
1661 5041 1731 5088 esse
1752 5021 1960 5101 existimans,
1984 5021 2053 5087 eius
2075 5041 2209 5088 manum
2236 5021 2391 5087 direxerit

412 5103 555 5170 colendis
584 5107 799 5170 exercuerint.
842 5105 1022 5171 Residuam
1047 5127 1126 5172 vero
1147 5107 1212 5171 Dei
1234 5105 1383 5172 benedic·
1435 5105 1562 5174 Deinde
1596 5107 1752 5172 ultionem
1785 5109 1962 5191 sumpsisse
1994 5105 2034 5172 de
2062 5128 2180 5192 puero,
2208 5109 2261 5190 qui
2297 5103 2394 5172 caedis

413 5191 536 5254 donem
556 5189 666 5256 Moses
688 5189 807 5257 diserte
828 5191 862 5256 iu
886 5213 924 5256 ea
947 5201 1044 5274 geute
1066 5193 1279 5270 commendat,
1302 5213 1384 5277 quae
1433 5211 1532 5259 causa
1553 5213 1613 5276 per
1641 5191 1893 5275 imprudentiam
1922 5193 2037 5259 fuerat.
2083 5193 2126 5257 Et
2148 5193 2195 5256 rei
2217 5191 2394 5277 ignorantia

413 5275 534 5356 alioqui
566 5274 722 5342 bonorum
756 5281 903 5342 omnium
932 5276 1054 5343 credita
1082 5278 1199 5342 luisset
1227 5297 1330 5345 vacua
1351 5289 1384 5342 et
1434 5278 1513 5344 lecit
1539 5288 1575 5343 ut
1602 5276 1662 5344 sibi
1689 5281 1825 5362 quisque
1860 5279 1982 5362 aliquid
2015 5276 2162 5343 divinare
2189 5282 2393 5362 permitteret.
