4988 6192
372 447 437 515 527
1029 444 1397 515 COMMENTARIUS
1420 446 1469 511 IN
1493 445 1705 514 GENESIN.
2297 446 2362 512 528

374 647 467 704 sueta
488 636 655 714 fertilitas,
685 634 772 701 uude
800 637 930 722 patebat
950 635 1070 718 Ioseph
1100 656 1215 703 verum
1237 633 1337 700 luisse
1387 652 1474 714 mus,
1502 653 1564 700 own
1590 639 1663 700 sunit
1689 633 1772 699 suoi
1800 634 1847 699 tui
1873 633 2088 717 apploratores.
2134 634 2184 699 12.
2208 632 2253 698 Et
2280 633 2364 702 auu

373 732 498 800 samm,
534 741 651 786 nomen
680 720 728 786 illi
757 729 790 786 et
815 722 937 787 temam
965 721 1210 788 conciliaverat:
1240 727 1337 803 atque
1388 719 1470 785 iltis:
1500 719 1722 802 Nequaquam:
1747 720 1801 786 secl
1829 719 2001 784 undictam
2028 724 2129 785 terrae
2146 703 2287 785 'nomimis
2319 723 2363 788 ad
2462 789 2463 792 ,

372 809 435 874 hoe
456 805 551 874 modo
573 806 709 873 cohibiti
728 807 860 872 fuerant
880 807 1047 892 Aegyptii,
1070 805 1208 890 nequid
1230 806 1339 871 turbe-
1388 805 1563 871 uidendum.
1607 805 1658 871 13.
1680 804 1724 870 Et
1744 804 1910 870 diruunt:
1929 804 2102 872 Duodecim
2122 806 2205 871 serui
2221 807 2271 870 tui
2291 806 2363 888 fra·

371 914 446 959 rum
467 895 502 958 in
514 914 589 958 eum
600 901 776 970 moverent,
800 903 832 958 et
853 901 962 958 tamen
977 896 1098 959 mirum
1108 898 1168 971 est,
1190 893 1226 956 in
1245 897 1336 955 tanto
1388 896 1451 956 tres
1478 910 1588 956 sumus
1614 891 1677 973 tilii
1705 891 1770 956 oiri
1796 891 1933 958 musdem
1959 891 1996 956 iu
2024 895 2108 956 terra
2139 889 2306 957 Olrenaam
2335 899 2363 958 et
2462 885 2463 904 ¹

373 979 480 1064 gentis
501 978 588 1044 testu
610 977 785 1044 toleratum
808 977 904 1045 rebus
926 978 1092 1062 prosperis
1113 978 1211 1044 tuisse
1234 975 1339 1041 exteri
1389 995 1459 1055 ecce,
1482 977 1634 1042 minimus
1654 979 1699 1042 est
1715 996 1786 1042 cum
1800 981 1896 1057 patre
1911 981 2015 1042 nostro
2034 976 2131 1052 bodie,
2154 981 2286 1042 etunus
2301 998 2368 1043 uon

373 1063 515 1130 heminis
537 1063 719 1148 imperinm.
764 1063 857 1145 Quae
883 1084 960 1130 vern
988 1071 1127 1147 sequuta
1154 1074 1204 1129 est
1226 1062 1338 1140 fumes,
1389 1065 1442 1126 est.
1488 1061 1538 1127 14.
1573 1061 1660 1128 Tune
1690 1061 1774 1126 diait
1799 1062 1843 1126 ari
1871 1081 1921 1127 eos
1949 1062 2082 1143 Iosepb:
2111 1061 2177 1127 Hoc
2204 1065 2250 1126 est
2280 1065 2366 1144 quad

372 1149 487 1216 danus
499 1149 709 1233 asperiusque
721 1149 870 1216 fraenum
887 1149 950 1215 tuit
961 1148 1002 1214 ad
1018 1148 1196 1216 domandos
1213 1149 1296 1213 altos
1307 1154 1340 1212 et
1388 1146 1533 1228 loquutus
1565 1167 1636 1212 sum
1666 1146 1709 1212 ad
1737 1167 1807 1226 uos,
1845 1146 1988 1213 dicendo:
2019 1146 2244 1229 Exploratores
2276 1151 2359 1214 estis.

371 1235 495 1302 feroces
516 1235 667 1319 spiritus,
694 1244 731 1300 ut
752 1257 787 1302 se
814 1235 854 1300 ud
883 1236 1072 1318 obsequium
1101 1234 1338 1303 submitterent
1391 1232 1441 1299 15.
1475 1229 1519 1298 Iu
1549 1231 1604 1298 boo
1632 1231 1860 1314 probabimini:
1892 1252 1953 1314 per
1983 1233 2081 1298 vitam
2116 1231 2300 1298 Pharaonis
2331 1236 2364 1300 si

373 1320 568 1403 Quanquam
591 1319 645 1386 ubi
668 1321 748 1386 dicit
768 1319 877 1388 Moses
898 1322 999 1386 tuisse
1021 1341 1186 1386 annonem
1213 1321 1249 1384 in
1272 1325 1340 1384 tots
1389 1318 1506 1402 eqresm
1533 1317 1661 1399 samiis
1686 1316 1773 1398 tau,
1799 1319 1865 1384 nisi
1892 1338 1989 1400 quum
2010 1320 2125 1384 venui
2143 1319 2246 1401 frater
2267 1324 2365 1384 aeder
2462 1317 2463 1346 l

373 1409 544 1491 Aegypto,
568 1427 671 1556 guum
695 1407 780 1472 fame
808 1406 992 1472 laborarent
1022 1406 1150 1473 vicinae
1180 1408 1339 1490 regiones,
1389 1405 1542 1469 minimus
1561 1402 1628 1470 leuc
1675 1403 1725 1468 16.
1750 1402 1866 1468 Mittite
1887 1424 1924 1468 aa
1942 1403 2028 1468 robis
2047 1424 2156 1484 numu,
2180 1409 2208 1470 et
2229 1405 2365 1485 accipiat

374 1493 510 1557 inuuere
532 1493 566 1560 vi
589 1500 664 1558 etur
685 1493 992 1576 apricatisquoque
1014 1491 1220 1558 reconditum
1241 1491 1341 1556 luisse
1387 1488 1519 1571 fratrem
1541 1497 1683 1564 aestum,
1705 1509 1759 1555 aas
1779 1495 1883 1555 auum
1902 1489 1998 1555 vincti
2014 1490 2113 1566 ees,
2137 1489 2364 1571 mprobabuu

373 1577 527 1642 triticum.
572 1578 617 1642 lor
638 1582 727 1643 certe
749 1576 798 1663 (nt
820 1577 897 1643 alibi
919 1575 1075 1664 diximus)
1100 1578 1169 1643 fieri
1195 1595 1261 1642 non
1283 1595 1338 1660 po·
1390 1575 1688 1652 eminuisset,
1710 1595 1754 1640 an
1774 1575 1892 1640 amitas
1908 1575 1950 1641 sit
1967 1594 2063 1655 penes
2083 1594 2154 1640 aas:
2175 1577 2229 1641 siu
2245 1577 2364 1652 minus,

372 1663 436 1728 tuit
464 1664 541 1745 quin
575 1661 615 1727 de
642 1663 726 1728 fame
754 1671 894 1729 venture
923 1664 1077 1748 vulgatus
1106 1671 1190 1728 esset
1218 1681 1340 1738 rumor,
1384 1680 1446 1741 per
1465 1661 1563 1726 ciam
1584 1659 1765 1726 Pharaonis
1785 1666 1862 1726 certe
1889 1661 2095 1742 eaplorctmes
2115 1662 2198 1726 estis
2247 1661 2297 1726 17.
2321 1660 2366 1726 Et

373 1747 429 1832 qui
450 1756 574 1813 metum
595 1757 628 1812 et
650 1748 901 1814 sollicitudiuem
923 1749 1046 1832 passim
1068 1748 1194 1828 iniecit,
1220 1757 1260 1812 ut
1279 1745 1340 1812 sibi
1391 1746 1584 1830 conqreqaait
1604 1765 1656 1811 eos
1675 1747 1711 1810 in
1732 1746 1904 1812 cuewdiam
1924 1747 2025 1811 utar
2040 1745 2156 1812 diebus.
2192 1746 2244 1812 18.
2269 1746 2367 1812 Discit

375 1834 512 1916 quisque
533 1833 725 1900 consuleret.
759 1834 874 1918 Neque
896 1844 1005 1900 temen
1028 1834 1107 1900 eden
1119 1833 1249 1917 providi
1270 1831 1340 1898 ine·
1391 1836 1494 1897 uuum
1522 1832 1568 1896 cis
1599 1829 1710 1913 Iosepb
1736 1833 1787 1897 die
1808 1833 1911 1897 tertio:
1939 1831 2006 1896 Hcc
2036 1831 2147 1913 facite,
2181 1836 2209 1897 et
2241 1832 2370 1898 riuum:

373 1928 452 1984 runt
468 1919 591 2003 singuli
609 1921 688 2002 quin
707 1920 797 1986 brevi
818 1931 1047 2004 consumptum
1065 1922 1107 1986 sit
1126 1917 1210 2004 quod
1229 1939 1341 1985 servs·
1392 1917 1495 1983 Deum
1516 1937 1568 2000 eqo
1589 1917 1686 1982 timeo.
1733 1917 1782 1982 19.
1808 1916 1847 1982 Si
1867 1937 1989 1984 uuaces
2017 1918 2107 1996 estis,
2137 1918 2241 1999 frater
2269 1923 2369 1984 uester

373 2013 500 2072 verant.
545 2004 640 2071 Unde
661 2005 813 2090 apperuit
841 2026 939 2090 quem
969 2007 1084 2072 dextre
1107 2017 1140 2070 et
1163 2004 1342 2088 prudenter
1391 2023 1474 2068 unus
1496 2002 1608 2086 liqetru
1626 2003 1661 2066 in
1681 2003 2302 2068 mommorenciacensem
2320 2005 2368 2082 ite,

373 2089 415 2155 sb
437 2090 530 2154 initio
552 2092 707 2156 sensisset
728 2090 849 2175 Ioseph
871 2112 937 2157 nou
963 2092 1032 2157 lore
1062 2092 1189 2158 selvam
1212 2092 1342 2174 Aegyp
1391 2089 1511 2170 auferto
1543 2087 1726 2153 alimentum
1753 2087 1795 2154 ad
1824 2087 2009 2171 αῠὶριιιάιιιιι
2034 2087 2153 2170 fanum
2181 2108 2196 2152 e
2223 2089 2369 2154 domibus

374 2185 460 2248 tum.
487 2175 550 2240 uisi
580 2176 707 2258 publice
736 2176 795 2242 sub
825 2179 912 2261 regis
942 2199 1042 2243 manu
1075 2183 1227 2262 congesta
1257 2181 1343 2240 essct
1391 2173 1511 2239 vestris,
1544 2173 1596 2238 20.
1619 2172 1704 2240 Tunc
1719 2174 1853 2256 fratrem
1869 2179 2005 2240 ceruum
2022 2174 2188 2238 minimum
2205 2174 2370 2240 adducetis

376 2281 518 2326 annona.
1393 2260 1435 2326 ad
1456 2279 1518 2338 ure,
1540 2263 1568 2324 et
1589 2278 1663 2324 aera
1683 2263 1897 2343 roqnoscentur
1917 2258 2009 2324 rerba
2029 2263 2148 2334 aesna,
2170 2263 2199 2324 et
2220 2279 2282 2325 nou
2305 2281 2367 2327 mo

459 2345 510 2411 55.
535 2345 584 2412 lte
615 2346 659 2411 acl
688 2345 807 2430 Ioseplr.
859 2347 921 2412 Est
950 2347 1082 2430 quidem
1116 2347 1178 2413 hoo
1210 2345 1343 2431 regibus
1393 2345 1530 2424 cirmini,
1547 2345 1727 2427 olfecerunt
1741 2345 1796 2410 ita.
1831 2344 1882 2411 21.
1900 2343 2032 2410 Dicebat
2048 2349 2152 2409 onum
2168 2344 2250 2410 alter
2261 2346 2369 2412 alta-i:

376 2431 512 2496 minime
546 2432 729 2508 insuetum,
759 2431 835 2498 dum
864 2434 1022 2499 extremis
1054 2432 1149 2498 melis
1185 2441 1344 2515 urgentur
1403 2428 1479 2496 Vere
1496 2428 1686 2512 deliquimus
1702 2435 1806 2495 cantra
1820 2430 1953 2512 froben
1969 2434 2125 2496 nostnrm:
2140 2431 2369 2512 quiacidimus

375 2515 507 2600 subditi,
529 2514 649 2582 delitiis
672 2537 796 2584 vacare.
842 2517 909 2584 Sed
932 2518 1021 2584 aliud
1043 2516 1104 2583 sibi
1127 2519 1198 2584 vult
1217 2519 1342 2584 Moses:
1396 2517 1577 2600 anquuiam
1597 2517 1723 2581 aniusae
1744 2517 1820 2594 eius,
1842 2516 1920 2582 dum
1938 2517 2153 2599 deprecaretur
2173 2535 2239 2596 nos,
2263 2522 2293 2582 el
2310 2537 2369 2582 mn

375 2603 590 2752 netqureheuim
613 2601 826 2750 ἀίῗῑιίδιιοιιάῤ
855 2603 1010 2754 ἰιέιιιιοιιιξ
1033 2624 1196 2755 οιιιΙιιοῢιιο
1223 2622 1344 2753 eroge·
1396 2601 1718 2767 admistum
1727 2601 2141 2754 ffimwfffflwffw
2152 2601 2369 2754 &²23ch

375 2708 413 2752 ro
504 2707 643 2765 arno‚u
680 2709 879 2754 rmmnnrse
923 2709 1012 2754 cmm
1034 2710 1183 2756 mosera
1204 2708 1277 2773 quie
1312 2710 1344 2753 m
1396 2706 1448 2752 res
1791 2707 1856 2767 eos,
2017 2711 2026 2752 .·
2082 2707 2160 2752 aune
2203 2708 2255 2752 rm
2359 2739 2367 2766 ,

375 2773 475 2841 eolat:
499 2772 555 2838 sed
578 2774 653 2857 quie
675 2780 803 2839 tantum
820 2774 895 2841 fidei
913 2774 1012 2840 habet
1029 2785 1141 2841 sancto
1163 2773 1289 2858 loseph,
1308 2785 1345 2840 ut
1397 2773 1540 2838 dicendo:
1564 2772 1615 2838 Ne
1628 2773 1758 2855 putetis
1780 2773 1814 2836 iu
1836 2793 1985 2856 prorum,
2017 2777 2127 2837 anon
2153 2773 2369 2840 audistisiet

376 2857 515 2926 libenter
542 2859 651 2924 omnia
674 2860 703 2924 ei
733 2861 916 2942 permittat,
946 2881 1005 2928 uec
1034 2861 1115 2928 velit
1136 2863 1171 2926 in
1196 2872 1346 2944 suscepto
1399 2859 1494 2924 dmm
1515 2859 1646 2942 sanquis
1667 2859 1744 2936 eius,
1767 2877 1844 2938 ecee,
1867 2860 2049 2942 requiritur.
2094 2857 2145 2924 23.
2170 2858 2243 2942 Ipsi
2266 2865 2369 2924 artem

376 2965 511 3010 munere
533 2943 668 3011 turbari.
1397 2943 1580 3027 mouebant
1605 2943 1687 3025 quod
1715 2943 1839 3009 audiet
1865 2943 1994 3028 Ioseplr:
2020 2944 2096 3026 quio
2122 2945 2277 3027 interpres
2305 2950 2368 3011 orat

1107 3089 1113 3100 .
1398 3029 1566 3096 intereos
1609 3027 2369 3130 24.Etcertitseabeis.·ettlerit:pqctca

1397 3118 1604 3298 {iiiiii
1617 3114 2042 3298 3333333333
2058 3119 2172 3265 tat
2190 3115 2369 3268 terit

716 3283 867 3353 OAPUT
888 3285 1002 3354 XLH.
1392 3289 1552 3384 praecepit
1562 3284 1684 3385 Ioseph,
1705 3287 2051 3386 corporaturae
2072 3306 2179 3352 eorum
2196 3286 2368 3387 frumein:

465 3456 492 3520 1.
519 3455 621 3554 Qum
648 3460 751 3522 auum
778 3456 893 3555 :rideret
916 3455 1158 3556 Iabaccbuquad
1185 3460 1260 3522 esset
1279 3455 1348 3555 fru-
1395 3374 1720 3556 {urigqeb'eltuebtbbbabi
1730 3376 2369 3538 mdffebtrwm’rbaemel

376 3545 511 3606 mentum
530 3562 564 3606 tn
582 3540 730 3625 Aeqqpto‚
750 3543 834 3607 drart
855 3540 988 3608 latacob
1003 3539 1085 3623 {iltis
1102 3562 1186 3608 nors:
1215 3540 1253 3608 Ut
1271 3541 1348 3624 quid
1393 3543 1468 3624 [cort
1488 3561 1534 3608 ets
1554 3561 1607 3608 sic.
1651 3543 1702 3609 26.
1724 3543 1769 3608 Et
1788 3545 1926 3610 tuleram
1943 3543 2137 3625 fnrmerrtum
2157 3563 2252 3610 suum
2272 3565 2369 3627 saper

375 3627 518 3708 aspicitis
545 3625 624 3692 aas?
674 3627 704 3692 2.
733 3626 777 3692 st
803 3627 899 3692 dicit:
927 3627 1020 3707 Ecce,
1052 3628 1163 3694 audiui
1195 3628 1275 3708 quad
1303 3633 1348 3692 est
1396 3628 1504 3694 asinos
1534 3647 1622 3707 suos,
1655 3634 1684 3694 et
1715 3629 1857 3694 abierunt
1887 3630 1969 3695 inde.
2014 3629 2065 3694 27.
2096 3631 2234 3710 Aperuit
2265 3636 2369 3697 auen

373 3712 566 3794 framentum
582 3714 617 3776 in
634 3711 789 3796 Aeqqpto:
809 3713 977 3780 dmmndite
993 3713 1079 3793 illua
1102 3719 1130 3778 et
1150 3714 1239 3779 aute
1258 3713 1347 3778 nobis
1395 3734 1479 3779 unus
1498 3733 1622 3780 sacuam
1642 3733 1749 3793 suurn,
1774 3719 1809 3780 ut
1829 3715 1918 3782 daret
1938 3713 2095 3796 mulum
2123 3717 2215 3781 arina
2235 3735 2303 3796 suc,
2333 3718 2369 3780 in

374 3797 455 3874 inde,
478 3797 670 3876 ducemus,
692 3818 746 3864 uec
766 3799 943 3884 merismu.
976 3798 1006 3864 3.
1027 3798 1259 3866 Descendenant
1275 3818 1346 3882 erqo
1399 3797 1548 3880 bospitio:
1568 3803 1596 3864 et
1615 3799 1696 3864 cidit
1710 3801 1879 3881 manniam
1899 3819 2005 3878 suam,
2027 3805 2055 3865 et
2075 3819 2146 3880 eece,
2169 3806 2240 3866 erat
2259 3802 2292 3865 iu
2316 3821 2369 3866 ore

373 3881 613 3965 fratresIosepb
629 3883 729 3948 decem
746 3889 781 3948 nt
797 3889 928 3950 euurent
941 3885 1131 3967 frruuentum
1148 3883 1344 3968 inAeqqptc.
1396 3885 1478 3949 socci
1506 3884 1567 3950 sui.
1611 3884 1732 3950 esst
1755 3884 1839 3950 dicit
1868 3885 2022 3967 fratribus
2048 3886 2132 3951 suis:
2156 3885 2295 3952 Reddita
2324 3893 2369 3952 est

375 3968 405 4033 4.
428 3965 530 4053 (Nam
548 3967 720 4033 Beniamin
739 3969 871 4050 fratrem
894 3970 1006 4052 Iosepb
1023 3991 1083 4036 non
1107 3971 1193 4036 misit
1210 3968 1345 4036 Iabacab
1390 3971 1526 4052 pecunia
1552 3990 1636 4049 mea,
1665 3976 1692 4036 et
1720 3972 1814 4036 uiam
1840 3989 1918 4052 ecce,
1945 3975 1990 4036 est
2017 3971 2051 4036 in
2080 3991 2167 4038 saeco
2194 3992 2273 4038 meo.
2324 3971 2369 4036 Et

372 4073 447 4119 cum
469 4054 628 4224 {ratribus
655 4055 741 4118 suis:
766 4055 843 4136 quia
870 4056 967 4122 dini:
990 4055 1040 4120 Ne
1065 4057 1146 4139 forte
1173 4056 1346 4122 mutuet
1396 4076 1551 4140 eqressurn
1572 4063 1616 4122 est
1635 4076 1687 4122 cor
1708 4077 1823 4138 enum,
1844 4061 1872 4121 et
1893 4055 2114 4138 acapueuu
2133 4056 2214 4122 alter
2233 4059 2277 4123 ad
2295 4058 2369 4122 alte·

374 4159 468 4204 mors
515 4139 545 4204 5.
569 4139 613 4204 Et
628 4144 774 4205 amount
787 4139 851 4221 filii
871 4141 976 4207 Israel
992 4147 1026 4206 ut
1047 4147 1178 4208 emerem
1195 4143 1229 4206 in
1246 4141 1346 4207 medio
1394 4161 1476 4221 rum,
1497 4143 1640 4209 dicendo:
1667 4141 1706 4208 Ut
1726 4142 1803 4225 qnid
1824 4142 1880 4207 bac
1899 4143 1971 4225 {ecit
1988 4143 2077 4209 Deus
2093 4142 2207 4208 nobis?
2247 4144 2301 4210 29.
2325 4143 2369 4208 Et

374 4225 574 4292 vesuntium:
595 4231 665 4290 erat
684 4225 767 4290 enin
781 4226 884 4308 fomes
900 4227 936 4291 in
952 4231 1037 4292 terra
1056 4225 1212 4294 Obonaan.
1244 4227 1274 4291 6.
1294 4225 1346 4292 Io·
1395 4233 1540 4293 oenerunt
1556 4229 1600 4293 ad
1610 4226 1752 4306 ,Iabacob
1768 4232 1893 4308 patrem
1909 4248 2003 4294 suum
2019 4229 2055 4293 in
2071 4233 2189 4294 turam
2208 4227 2369 4304 Gbenaan

374 4308 451 4390 sepis
472 4315 660 4376 emanarat
680 4311 824 4376 durium
844 4333 939 4395 super
959 4316 1092 4378 terrarm
1111 4313 1180 4393 ipse
1202 4311 1347 4378 cadebat
1396 4316 1425 4376 et
1445 4314 1712 4378 annunciaverunt
1732 4314 1761 4377 ei
1787 4315 1891 4380 omnm
1918 4333 1998 4395 quae
2023 4313 2201 4380 namnam
2228 4315 2292 4392 eis,
2323 4315 2371 4378 di-

377 4395 434 4461 toti
451 4395 568 4478 papali
589 4400 704 4461 terrae:
725 4403 887 4477 ommuni,
911 4399 1056 4480 inquam,
1084 4397 1202 4480 tratres
1223 4396 1344 4480 Ioseph,
1395 4397 1495 4476 aenda,
1530 4398 1582 4463 30.
1607 4397 1768 4480 Loquutus
1789 4403 1834 4464 est
1853 4399 1905 4463 cir
1921 4399 2066 4466 dornirms
2086 4403 2188 4464 terrae
2208 4400 2372 4464 ιιοὺιιαιιιι

376 4485 404 4547 et
425 4482 663 4546 incurvaverunt
683 4500 717 4546 se
737 4481 766 4547 ei
787 4483 957 4565 infaciem
976 4503 1070 4566 stipor
1088 4489 1212 4549 urnam.
1249 4483 1278 4548 7.
1301 4481 1346 4547 Et
1394 4482 1493 4560 dura,
1527 4488 1554 4548 et
1581 4484 1738 4548 mrestitrut
1765 4504 1822 4550 nos
1848 4489 1996 4565 tauquam
2020 4484 2230 4564 mploratores
2256 4489 2369 4550 terrae.

375 4567 455 4632 cidit
475 4563 589 4649 Ioseph
608 4566 726 4647 fratres
746 4585 836 4647 stus,
863 4570 1038 4652 etaqnomt
1059 4588 1123 4648 eos,
1153 4573 1182 4633 et
1208 4569 1345 4634 aliermm
1394 4568 1445 4632 31.
1470 4569 1537 4634 Nos
1556 4589 1626 4634 aera
1647 4569 1790 4634 dirimit:
1815 4570 1858 4634 ad
1884 4590 1967 4634 eum:
1997 4567 2126 4635 Veraces
2152 4589 2278 4650 murus,
2307 4591 2372 4636 uon

376 4671 410 4715 se
427 4652 556 4716 osundit
572 4652 634 4716 eis:
656 4651 858 4734 loquaturque
878 4659 922 4718 est
943 4673 1012 4719 cum
1033 4655 1079 4719 eis
1100 4655 1191 4733 dura,
1214 4659 1243 4719 et
1264 4654 1347 4719 dicit
1394 4674 1504 4719 murus
1525 4655 1739 4736 exploratores.
1773 4654 1824 4720 32.
1848 4655 2019 4722 Duodecim
2036 4674 2146 4720 mmm
2165 4655 2284 4737 fratres
2306 4657 2372 4736 {ilii

376 4737 439 4800 eis:
466 4732 552 4802 Unde
579 4736 734 4801 ocnimis?
762 4737 807 4802 at
831 4740 993 4804 diseunt:
1013 4739 1065 4804 De
1091 4743 1177 4805 terra
1198 4737 1345 4806 Gbenaan
1389 4741 1497 4821 patris
1517 4741 1629 4805 nostri:
1644 4760 1728 4806 unus
1749 4761 1810 4806 nou
1830 4745 1883 4821 est,
1905 4745 1934 4806 et
1953 4742 2103 4806 miuunus
2119 4739 2210 4808 bodie
2231 4747 2276 4806 est
2299 4762 2373 4808 eum

379 4819 603 4918 qd'unendum
625 4821 734 4887 arbum
779 4823 808 4889 8.
831 4824 968 4909 Aquarii
989 4823 1104 4906 Ioseph
1123 4826 1240 4908 fratres
1255 4845 1346 4890 suos:
1389 4831 1480 4908 patre
1501 4831 1604 4890 nostro
1628 4827 1661 4891 in
1681 4831 1768 4892 terra
1789 4823 1944 4896 Glunaun.
1988 4825 2040 4891 33.
2066 4825 2154 4891 Tunc
2175 4827 2259 4891 dieii
2281 4829 2373 4894 rete

378 4925 442 4988 rpsr
464 4911 565 4971 amun
586 4926 650 4972 nou
671 4915 858 4991 aqnonemut
879 4931 957 4975 eum.
993 4911 1022 4976 9.
1043 4909 1088 4975 Et
1107 4910 1285 4977 recordatus
1301 4915 1346 4976 est
1393 4912 1445 4976 cir
1471 4911 1617 4976 domiuus
1644 4917 1759 4976 terrae:
1789 4911 1831 4976 ln
1858 4911 1912 4978 boa
1939 4931 2115 4994 muneram
2140 4912 2222 4993 quod
2242 4933 2373 4980 amares

378 4989 491 5072 Iosepb
512 4993 701 5058 emunctorum
722 5015 802 5076 quae
826 4995 1032 5062 sonsniaoerat
1053 4997 1091 5063 rle
1111 4998 1168 5076 eis,
1190 4995 1345 5078 dixitque:
1395 4997 1485 5060 estis:
1506 4995 1654 5061 Fratrem
1673 5003 1808 5062 cedrum
1828 5018 1927 5062 unum
1943 4997 2109 5080 relinquite
2128 5017 2256 5074 mcum,
2280 5005 2312 5064 et
2331 5000 2371 5065 nd

377 5071 600 5159 Exploratores
621 5079 710 5157 estis,
732 5081 776 5145 ad
796 5081 964 5148 ιιιῗᾶειιᾱιιιιι
985 5083 1155 5147 nuditatem
1176 5087 1277 5148 terroe
1297 5102 1344 5146 ne·
1395 5080 1622 5164 expellendam
1639 5081 1755 5164 famem
1771 5083 1933 5148 comarum
1950 5088 2121 5148 cedronem
2138 5084 2247 5166 capite,
2265 5091 2298 5150 et
2315 5088 2373 5150 ite:

378 5162 480 5228 mistis
518 5162 568 5228 10.
587 5157 631 5227 st
650 5164 797 5230 atroam
817 5168 861 5232 ari
880 5188 966 5234 aun:
987 5167 1203 5250 Nequaquam,
1224 5167 1346 5233 domine
1395 5167 1446 5232 34.
1469 5167 1514 5232 Et
1544 5168 1686 5233 munite
1714 5169 1845 5248 fratrem
1877 5174 2012 5234 nubum
2043 5169 2211 5233 minimum
2239 5170 2286 5234 ad
2314 5193 2373 5250 ure,

379 5249 439 5312 mi:
477 5249 533 5315 sed
570 5249 655 5314 servi
693 5251 740 5316 tui
776 5258 924 5318 uenerunt
961 5253 1004 5319 ad
1043 5253 1206 5320 emendum
1236 5253 1343 5318 aburn.
1396 5258 1468 5318 tunc
1487 5273 1664 5337 ecquosnam
1685 5253 1768 5336 quod
1795 5275 1855 5320 non
1884 5256 1957 5320 estis
1983 5253 2206 5336 exploratores,
2238 5257 2300 5320 sed
2322 5277 2376 5322 oe-

382 5330 431 5397 11.
458 5332 570 5400 Omnes
589 5355 645 5400 nos
664 5335 725 5410 ulii
746 5334 882 5404 mauu
906 5339 971 5404 oiri
998 5359 1124 5406 sumus:
1152 5358 1274 5406 vmaaes
1293 5358 1345 5404 su·
1395 5359 1498 5418 rocos,
1528 5339 1661 5421 fratrem
1688 5343 1823 5405 nestum
1843 5339 1921 5408 dabo
1941 5339 2041 5419 vote,
2069 5341 2153 5406 etin
2174 5344 2256 5404 ter-ra
2273 5363 2374 5427 ,neqo-
