4988 6192
138 423 202 489 485
794 422 1164 492 COMMENTARIUS
1187 425 1235 490 IN
1259 423 1473 491 GENESIN.
2066 427 2133 494 486

138 611 311 696 plusquam
333 612 486 677 immanis
509 619 559 676 est
580 630 692 676 corum
715 610 899 690 crudelitas,
928 611 1014 696 quod
1042 621 1109 676 tam
1159 611 1333 695 pullulant.
1382 612 1452 678 Iam
1484 613 1571 677 enim
1605 631 1704 696 supra
1732 611 1894 690 admonui,
1924 618 1956 678 et
1980 634 2032 680 res
2060 614 2135 698 ipsa

138 699 191 782 pio
214 707 247 762 ct
268 698 413 763 humano
441 696 535 762 fratri
557 717 670 762 necem
693 697 874 763 machinari
904 719 969 763 non
991 697 1109 763 exher-
1159 699 1245 762 clare
1272 705 1412 763 testatur
1439 697 1667 769 adumbratum
1700 697 1800 764 fuisse
1827 698 1861 762 in
1890 697 2012 782 Ioseph
2044 699 2131 800 quod

138 793 220 850 rent.
273 784 369 850 Nunc
396 783 546 849 videmus
575 803 640 847 non
670 803 741 849 esse
763 804 1001 866 supervacuum
1024 783 1109 866 quod
1159 783 1286 866 plenius
1309 783 1427 849 deinde
1448 784 1483 848 in
1502 783 1635 850 Christo
1654 784 1807 850 ccclesiae
1825 785 1930 867 eapite
1947 785 2131 851 exhibitum

138 870 217 936 dicit
239 871 357 951 Moses,
382 869 546 934 hominem
566 870 688 934 erranti
707 867 825 952 Ioseph
849 870 947 936 fuisse
965 869 1108 950 obvium,
1159 868 1230 948 fuit,
1253 879 1290 933 ut
1308 870 1439 953 singula
1459 871 1607 935 membra
1628 871 1669 934 ad
1688 871 1902 936 imitationem
1925 891 1960 936 sc
1978 872 2130 936 forment.

137 957 194 1041 qui
217 955 340 1022 diceret
363 955 481 1020 fratres
502 955 660 1038 migrasse
681 955 716 1019 in
740 954 883 1021 Dothan.
934 955 1108 1038 Namque
1244 953 1296 1020 20.
1323 953 1534 1022 Prmimnmaa
1551 976 1620 1020 eum
1641 958 1677 1022 ic
1697 975 1795 1021 acam
1816 978 1832 1022 e
1853 957 2004 1023 cistercie.
2027 959 2131 1023 Prae-

137 1044 241 1108 maior
262 1042 363 1108 fuisse
391 1042 460 1106 eius
484 1040 641 1106 sedulitas
671 1049 705 1106 et
726 1041 929 1126 infatigabile
951 1039 1107 1118 studium,
1159 1048 1289 1105 textum
1304 1042 1369 1105 iam
1387 1050 1463 1106 ante
1481 1041 1612 1108 caedem
1630 1049 1793 1124 patratam
1812 1053 1973 1124 quaerunt
1990 1043 2133 1128 tegendo

134 1149 173 1194 eo
202 1130 312 1194 minus
334 1127 552 1192 excusationis
582 1134 748 1192 merentur
776 1147 795 1192 a
824 1127 942 1210 quibus
971 1146 1110 1210 repensa
1159 1123 1245 1208 apud
1274 1126 1423 1193 homines
1451 1128 1574 1193 sceleri.
1625 1127 1757 1192 Interea
1785 1127 1920 1192 minime
1948 1128 2014 1194 illie
2043 1130 2132 1194 venit

134 1215 198 1279 fuit
220 1225 288 1277 tam
309 1209 445 1296 indigna
466 1233 598 1279 merces.
1158 1211 1192 1274 in
1217 1221 1369 1291 mentem,
1387 1235 1451 1278 non
1474 1234 1569 1296 posse
1580 1212 1645 1278 Dei
1667 1213 1775 1280 oeulos
1792 1214 1906 1297 fugere
1923 1215 2008 1298 quod
2026 1215 2131 1280 homi·

223 1299 273 1366 18.
297 1299 342 1363 Et
362 1299 505 1364 videant
526 1319 596 1364 eum
617 1319 634 1363 c
653 1297 825 1382 lonqinquo.
878 1297 966 1364 Hinc
994 1319 1108 1364 rursus
1159 1297 1255 1362 nibus
1276 1299 1376 1364 fuerit
1396 1299 1630 1365 absconditum.
1683 1297 1749 1366 Sed
1778 1299 1824 1364 ita
1845 1298 1976 1383 stupida
1997 1310 2048 1366 eet
2068 1301 2131 1386 by·

134 1386 246 1450 Moses
276 1385 405 1470 generis
433 1385 483 1449 sui
513 1385 619 1449 famae
650 1406 709 1467 per
729 1383 950 1449 adulationem
973 1384 1108 1449 minime
1157 1383 1304 1466 pocrieis,
1326 1397 1362 1449 ut
1385 1385 1499 1450 mundi
1522 1385 1689 1450 infamiam
1710 1385 1853 1469 fugiens,
1881 1387 1944 1451 Dei
1974 1386 2131 1452 iudicium

132 1493 272 1554 parcens
291 1471 362 1535 eius
373 1469 575 1555 principibus
594 1471 697 1534 inurit
709 1481 861 1535 aeternae
879 1471 1032 1535 infamiae
1050 1489 1107 1535 no-
1158 1469 1314 1553 negligat.
1366 1471 1505 1536 Interim
1534 1471 1587 1536 hle
1608 1491 1734 1554 quoque
1755 1470 1890 1536 morbus
1911 1471 2056 1538 humano
2079 1473 2130 1537 in-

132 1571 220 1630 tem,
251 1557 389 1639 odioque
417 1565 449 1620 et
474 1557 690 1622 exsecrationi
714 1556 859 1639 gentium
883 1558 1029 1621 omnium
1053 1576 1108 1620 eos
1159 1556 1255 1638 genio
1279 1555 1409 1637 penitus
1430 1557 1552 1622 infixus
1570 1566 1628 1636 est,
1650 1558 1806 1622 extremis
1828 1556 2008 1641 quibusque
2031 1557 2131 1624 scele-

129 1644 278 1726 exponit.
331 1640 526 1724 Siquando
555 1641 1109 1724 interprofanoshominesfrater
1158 1639 1250 1706 ribus
1271 1643 1381 1707 fucum
1404 1641 1567 1708 inducere.
1602 1643 1686 1707 Nam
1704 1644 1765 1707 etei
1788 1644 1960 1708 sceleratos
1982 1644 2130 1728 coarguit

129 1729 229 1794 fratri
252 1726 383 1794 caedem
405 1726 532 1804 intulit,
561 1728 736 1811 tragoediis
765 1728 928 1810 proscissa
950 1728 1011 1792 fuit
1032 1727 1106 1792 talis
1159 1727 1297 1791 interior
1329 1726 1438 1806 iudex,
1474 1749 1509 1794 se
1546 1739 1655 1793 temen
1694 1726 1901 1811 impudentia
1922 1732 2129 1811 confirmant,

128 1817 294 1898 impietas,
317 1835 359 1878 ne
381 1813 416 1877 in
446 1812 634 1896 exemplum
657 1813 822 1878 transiret.
873 1812 970 1894 Quod
996 1821 1107 1878 autem
1158 1831 1201 1876 ne
1224 1811 1363 1878 dedecus
1386 1833 1483 1878 suum
1507 1814 1593 1897 apud
1616 1813 1696 1878 alios
1718 1823 1883 1896 appareat.

128 1903 252 1966 fratres
272 1920 390 1966 novem
412 1899 510 1964 simul
536 1899 570 1962 in
600 1919 715 1964 necem
741 1899 870 1964 innoxii
892 1898 1107 1964 adolescentis
1246 1897 1289 1963 Et
1309 1899 1483 1964 uidebimus
1513 1900 1591 1981 quid
1610 1905 1702 1965 crunt
1728 1901 1860 1965 somnia.
1906 1898 2010 1981 Quasi
2032 1901 2129 1966 unius

127 1987 333 2070 conspirant,
356 1995 389 2050 et
408 1993 567 2068 tanquam
590 1985 677 2050 ferae
701 1985 821 2050 bestiae
844 1986 878 2050 in
900 1985 1008 2069 ipsum
1031 2003 1105 2050 san·
1158 1982 1300 2050 hominis
1327 1993 1432 2050 morte
1459 1984 1580 2050 aboleri
1614 1986 1716 2069 possit
1742 1986 1806 2050 Dei
1836 1987 1964 2064 veritas,
1994 1988 2064 2052 voti
2094 2007 2130 2053 se

126 2073 296 2158 guinariis
325 2071 474 2136 manibus
507 2070 673 2152 insiliunt,
699 2071 783 2135 nihil
811 2069 876 2134 tale
903 2071 937 2135 in
960 2071 1106 2154 profanis
1157 2078 1323 2152 compotes
1350 2070 1418 2136 fore
1446 2071 1583 2150 iactant,
1615 2070 1669 2135 nbi
1702 2069 1836 2136 fratrem
1868 2071 2060 2154 occiderint,
2088 2093 2131 2139 ne

126 2159 279 2223 historiis
301 2157 492 2241 reperietur.
532 2156 709 2222 Horribilis
732 2176 819 2240 ergo,
841 2157 906 2222 imo
929 2155 1106 2223 diabolicus
1158 2153 1235 2237 quid
1256 2157 1383 2238 prosint
1404 2157 1540 2224 somnia
1584 2155 1657 2224 Hoc
1678 2157 1808 2240 quidem
1832 2177 1898 2221 non
1920 2159 2066 2242 cogitant
2088 2181 2130 2226 ex

125 2246 223 2310 furor
257 2243 378 2309 invasit
411 2243 494 2308 tilios
527 2241 641 2322 Iacob,
677 2264 777 2326 quum
811 2242 935 2308 abiecto
969 2253 1106 2310 naturae
1157 2241 1312 2323 professo,
1341 2241 1397 2307 sed
1426 2261 1464 2308 ec
1491 2243 1686 2326 praecipites
1713 2244 1782 2326 agit
1803 2242 2010 2310 turbulentus
2032 2245 2128 2329 livor,

124 2351 248 2409 sensu,
276 2329 322 2393 ita
354 2329 461 2412 parati
490 2327 624 2393 fuerunt
652 2329 686 2393 in
716 2329 909 2413 sanguinem
937 2328 1106 2411 proprium
1157 2335 1195 2391 ut
1222 2335 1337 2393 contra
1358 2326 1467 2394 Deum
1498 2329 1693 2412 impingant.
1741 2328 1906 2413 Quidquid
1927 2339 2036 2396 autem
2058 2353 2128 2397 mo·

124 2416 271 2483 saevire.
292 2414 364 2479 Iam
388 2435 465 2479 vero
483 2423 612 2497 praeter
629 2415 735 2480 scelus
753 2414 854 2496 impia
871 2422 984 2479 eontra
995 2413 1105 2479 Deum
1156 2411 1282 2477 liuntur
1303 2413 1423 2497 quisic
1444 2415 1638 2480 intenebris
1658 2415 1917 2480 luctanturcum
1937 2416 2017 2496 Deo,
2040 2417 2128 2484 irriti

124 2503 299 2588 protervia
328 2499 501 2564 damnatur
533 2519 553 2563 a
580 2500 673 2566 Mose
702 2499 754 2565 his
783 2499 905 2565 verbis:
936 2499 989 2564 Eu
1018 2501 1107 2566 adest
1157 2495 1289 2565 demum
1311 2499 1433 2565 abeunt
1454 2521 1564 2566 eorum
1587 2510 1732 2568 conatus.
1759 2498 1850 2567 Deus
1872 2501 1959 2566 enim
2005 2524 2040 2568 er
2063 2525 2129 2570 me·

121 2591 322 2656 scanciarum
348 2587 504 2670 mcps'ster.
561 2585 631 2652 Our
659 2587 747 2650 enim
780 2586 899 2651 misero
932 2586 1103 2663 insultant,
1157 2583 1228 2650 dias
1250 2586 1384 2670 abyssos
1406 2585 1495 2650 viam
1517 2607 1646 2670 semper
1666 2585 1822 2665 inveniet,
1852 2595 1890 2650 ut
1911 2523 2003 2670 quod
2018 2587 2128 2657 decre·

122 2674 193 2740 nisi
217 2674 297 2756 quia
319 2673 352 2736 in
384 2691 474 2754 spem
503 2668 672 2756 dignitatis
701 2693 767 2736 non
794 2679 943 2753 speratae
973 2671 1105 2737 coelesti
1156 2669 1206 2734 vit
1227 2681 1434 2756 exsequatur.
1471 2671 1567 2752 Quod
1591 2673 1619 2738 si
1641 2691 1701 2736 nos
1720 2673 1787 2737 suis
1798 2670 1945 2738 ludibriis
1958 2677 2129 2760 exagitant

120 2759 265 2826 oraculo
286 2765 421 2823 vocatus
443 2757 559 2822 fuerat
589 2756 684 2845 ¹lldde
702 2755 787 2840 quod
808 2755 869 2823 hoc
889 2755 985 2821 modo
1006 2777 1105 2822 suum
1157 2755 1317 2822 inereduli
1346 2777 1384 2822 ac
1405 2756 1543 2842 superbe
1568 2757 1776 2842 triumphant
1805 2757 1902 2823 fidem
1929 2759 2011 2824 nibil
2035 2761 2129 2830 nobis

120 2847 293 2930 flagitium
321 2844 449 2926 turpius
475 2844 537 2925 ipsi
567 2841 742 2908 traducunt
768 2863 866 2925 quam
895 2842 922 2907 si
951 2844 1024 2925 quis
1050 2863 1105 2908 eos
1157 2843 1371 2925 profuturam,
1402 2865 1444 2907 ne
1477 2845 1644 2908 exanimet
1670 2864 1729 2910 nos
1758 2844 1810 2908 vel
1841 2843 1988 2911 debilitet
2015 2867 2126 2914 eorum

119 2953 168 2998 ex
192 2931 341 3014 professo
363 2929 515 2995 atrociter
533 2929 676 2994 lacerare
697 2928 803 2995 vellet.
834 2929 930 2994 Hanc
951 2928 1013 2994 eibi
1030 2949 1104 3011 per·
1157 2927 1336 2994 insolentia
1356 2929 1437 3013 quin
1459 2930 1566 2996 securi
1587 2950 1772 3014 pergemus.

119 3015 291 3101 sequendi
313 3014 423 3082 fratris
440 3015 585 3080 fatentur
607 3033 736 3080 causam
755 3033 836 3093 esse,
858 3014 942 3098 quod
963 3014 1105 3080 somnia·
1243 3014 1294 3081 21.
1314 3013 1358 3080 ut
1386 3016 1508 3083 audiuit
1540 3015 1674 3082 Rauen.
1737 3015 1866 3101 Operae
1905 3015 2047 3099 pretium
2078 3025 2130 3083 est

119 3103 233 3170 verit:
263 3102 356 3185 quasi
386 3121 463 3167 vero
492 3100 701 3184 inexpiabilis
729 3100 771 3167 sit
798 3100 939 3166 offensa:
970 3099 1105 3182 quodsi
1156 3105 1279 3179 notare,
1308 3121 1409 3183 quum
1434 3102 1489 3167 alii
1512 3099 1552 3167 ad
1575 3102 1769 3186 sanguinem
1791 3101 1995 3167 fundendum
2018 3121 2130 3169 curre·

117 3188 347 3273 indignantur
367 3187 513 3267 somniis,
539 3207 598 3254 cur
625 3207 693 3251 non
715 3187 824 3268 potius
846 3205 920 3252 cum
943 3184 1015 3250 Deo
1036 3187 1104 3251 bel·
1156 3194 1240 3266 rent,
1270 3186 1440 3253 cuiusnam
1468 3205 1568 3272 opera
1596 3198 1746 3255 servatus
1768 3189 1810 3254 ait
1833 3187 1961 3273 Ioseph.
2009 3187 2129 3255 Ruben

116 3276 197 3341 lum
220 3271 363 3360 gerunt?
386 3272 527 3338 Necesse
549 3272 637 3337 enim
656 3271 772 3337 babuit
794 3271 912 3355 Ioseph
935 3270 1020 3355 quod
1043 3272 1105 3338 sibi
1156 3279 1243 3338 certe
1276 3293 1342 3338 une
1374 3273 1407 3337 in
1441 3293 1477 3340 rc
1510 3275 1656 3339 omnium
1689 3274 1908 3358 nequissimus
1946 3275 2128 3358 exstiterat,

116 3361 291 3427 divinitus
309 3359 490 3424 revelatum
509 3365 589 3436 erat,
608 3359 701 3440 quasi
713 3357 890 3441 pretiosum
910 3356 1103 3441 depositum,
1155 3357 1285 3440 quando
1307 3358 1492 3426 foedaverat
1514 3359 1615 3442 patris
1636 3360 1757 3426 cubile:
1787 3369 1822 3427 et
1842 3359 1901 3425 illa
1923 3369 1990 3426 tam
2012 3361 2128 3428 effrae-

116 3447 289 3530 excipere.
343 3443 410 3510 Sed
430 3445 507 3527 quia
530 3465 594 3508 nou
618 3444 740 3510 audent
762 3453 849 3510 recta
870 3443 980 3508 Deum
1002 3443 1104 3527 impe·
1155 3443 1208 3509 nis
1231 3443 1331 3509 libide
1354 3445 1426 3510 aliis
1448 3445 1538 3511 vitiis
1559 3446 1729 3531 implicita,
1756 3467 1878 3530 pravae
1901 3455 2039 3514 naturae
2060 3448 2126 3532 sig·

115 3541 206 3612 tere,
230 3531 367 3596 nebulas
388 3529 451 3596 sibi
469 3528 638 3614 inducunt,
661 3537 698 3595 ut
721 3528 849 3596 sublato
869 3529 933 3594 Dei
955 3535 1104 3612 respectu
1154 3549 1234 3594 num
1258 3538 1342 3595 erat:
1365 3550 1453 3596 nunc
1463 3540 1597 3614 repente
1614 3533 1702 3600 solus
1719 3531 1760 3597 ad
1773 3534 1927 3616 pietatem
1940 3533 2125 3617 respiciens,

115 3627 245 3686 contra
265 3616 401 3682 fratrem
424 3617 533 3681 furere
556 3616 661 3682 liceat.
714 3613 751 3682 si
781 3616 857 3680 talis
886 3615 1023 3682 caecitas
1045 3614 1103 3681 ab·
1154 3621 1187 3681 et
1207 3614 1345 3682 fraterni
1366 3614 1465 3683 officii
1483 3638 1615 3699 memor,
1638 3618 1772 3702 impiam
1784 3620 2040 3685 coniurationem
2059 3618 2140 3692 diss

114 3704 229 3790 ripuit
248 3701 466 3786 patriarchae,
490 3700 567 3786 quid
584 3701 732 3786 reprobis
754 3703 820 3782 liet,
842 3720 923 3783 quos
940 3701 1104 3768 obstinata
1153 3700 1259 3767 solvit.
1308 3701 1474 3768 Incertum
1506 3711 1555 3769 est
1585 3726 1626 3769 an
1655 3704 1908 3771 satisfactionem
1939 3705 2122 3788 quaesierit,

112 3789 257 3858 malitia
286 3799 490 3854 transversos
520 3787 606 3871 agit,
629 3798 665 3852 ut
687 3788 758 3852 Deo
780 3787 821 3851 ad
841 3795 1026 3852 extremum
1049 3809 1102 3853 us·
1152 3807 1216 3870 qua
1239 3788 1360 3853 rediret
1388 3811 1462 3856 cum
1489 3798 1583 3872 patre
1611 3790 1644 3856 in
1672 3792 1821 3874 gratiam.
1877 3791 1958 3856 llius
1993 3789 2124 3874 quidem

112 3899 187 3962 qne
212 3875 365 3940 resistcre
387 3894 454 3938 non
476 3871 648 3938 dubitent?
672 3875 720 3939 Ac
738 3871 887 3938 videmus
907 3882 946 3938 ut
962 3893 997 3939 se
1014 3873 1101 3939 ultro
1151 3874 1251 3939 fuisse
1273 3874 1444 3940 consilium
1467 3882 1606 3941 testatur
1623 3875 1742 3954 Moses,
1765 3877 1869 3942 filium
1892 3877 1977 3961 patri
1999 3877 2124 3944 ineolu-

111 3959 324 4048 perturbent
356 3967 454 4043 atque
486 3967 623 4036 acuant,
662 3959 788 4042 quoties
819 3958 885 4024 Dei
917 3959 1015 4024 minis
1047 3960 1100 4024 vel
1151 3980 1238 4024 mem
1259 3957 1410 4025 reddere:
1440 3961 1527 4026 unde
1556 3959 1731 4044 probabilis
1756 3969 1807 4028 est
1834 3962 1900 4040 illa,
1924 3982 2020 4045 quam
2043 3961 2122 4045 dixi,

111 4044 397 4131 castigationibus
425 4045 541 4112 offensi
577 4043 740 4110 vindictae
770 4044 972 4128 expetendae
1005 4064 1101 4110 causa
1150 4044 1345 4122 coniectura,
1364 4047 1465 4111 vitam
1487 4047 1598 4112 fratris
1619 4057 1752 4129 putasse
1770 4047 1919 4112 idoneam
1941 4048 2123 4116 mercedem

111 4143 242 4202 contra
264 4131 431 4197 ministros
442 4132 628 4214 insurgunt,
646 4130 713 4195 imo
731 4130 816 4195 idem
835 4130 988 4196 omnibus
1007 4130 1100 4196 nobis
1150 4153 1214 4214 quc
1236 4131 1297 4197 sibi
1320 4132 1545 4199 reconciliaret
1565 4134 1668 4215 patris
1689 4133 1847 4198 animum.
1875 4133 2049 4216 Utcunque
2070 4155 2123 4200 res

111 4219 267 4288 subinde
296 4219 514 4302 contingeret,
543 4216 608 4281 nisi
633 4218 725 4282 Deus
753 4217 865 4282 fraeno
893 4216 1013 4282 iniecto
1040 4237 1099 4282 nos
1150 4216 1278 4296 habeat,
1300 4216 1379 4284 baec
1402 4227 1511 4283 tamen
1531 4218 1726 4301 humanitas,
1747 4238 1845 4302 quam
1867 4219 1902 4282 in
1921 4220 2021 4283 fratre
2042 4219 2123 4285 libe-

108 4303 393 4373 mansucfaceret.
446 4302 616 4383 Quantum
638 4300 679 4369 ad
700 4301 820 4386 Ioseph
841 4303 948 4385 ipsum
966 4309 1099 4385 spectat,
1149 4302 1252 4367 raudo
1274 4304 1450 4389 praestitit,
1480 4307 1569 4370 testie
1591 4310 1641 4368 est
1663 4324 1728 4369 non
1755 4304 1856 4370 fuisse
1878 4304 2057 4388 proiectum
2081 4305 2123 4370 ad

108 4411 223 4459 rarus
248 4389 312 4454 Dei
340 4387 434 4454 favor
459 4397 609 4454 ostensus
637 4389 667 4453 ei
697 4389 768 4464 fuit,
803 4408 841 4454 ac
871 4389 907 4452 in
937 4408 1098 4453 summam
1149 4390 1258 4452 omnia
1279 4390 1410 4455 scelera.
1450 4390 1496 4455 Et
1520 4391 1611 4455 Deus
1633 4389 1717 4455 forte
1739 4389 1800 4454 boc
1817 4391 2036 4473 poenitentiae
2058 4399 2123 4456 tes·

108 4479 321 4563 dignitatem
355 4483 487 4540 evectus
521 4491 600 4554 est„
626 4473 682 4540 sed
716 4495 776 4557 per
808 4475 979 4554 somnium,
1012 4473 1097 4557 quod
1149 4475 1296 4553 timonio,
1326 4474 1473 4540 nonnihil
1505 4476 1614 4542 levare
1639 4474 1743 4541 voluit
1773 4477 1915 4560 priorem
1946 4476 2015 4542 eius
2037 4477 2120 4540 infa-

106 4585 212 4632 nune
237 4559 393 4643 probrosa
412 4561 548 4625 fratrum
570 4559 825 4625 subsannatione
847 4559 998 4625 eluditur.
1034 4562 1097 4624 Ac·
1148 4561 1257 4624 miam.
1286 4558 1361 4641 Quo
1384 4561 1536 4628 docemur
1559 4582 1624 4626 non
1647 4581 1716 4626 esse
1739 4581 1758 4625 a
1780 4571 1909 4644 peceato
1931 4581 1996 4626 uno
2017 4582 2121 4645 quan·

106 4650 209 4718 cedit
242 4646 340 4711 simul
371 4647 577 4729 conspiratio,
612 4653 649 4710 ut
677 4667 792 4729 parum
821 4665 841 4709 a
870 4652 974 4710 morte
1004 4645 1095 4711 absit.
1148 4647 1271 4710 tumvis
1293 4647 1394 4712 atroci
1418 4646 1638 4712 aestimandos
1661 4647 1809 4712 homines
1832 4659 1869 4711 ut
1890 4647 1984 4712 nobis
2005 4646 2121 4731 despe-

105 4739 171 4803 Ita
198 4734 265 4800 Dei
295 4733 475 4816 promissio,
502 4752 584 4814 quae
614 4752 689 4796 enm
718 4732 758 4796 ad
788 4731 893 4795 coelos
923 4732 1096 4810 extulerat,
1147 4739 1220 4796 rate
1242 4732 1285 4795 sit
1306 4753 1418 4797 eorum
1442 4732 1539 4798 salus.

105 4827 189 4889 fere
218 4821 255 4883 in
279 4818 464 4901 sepulcrum
492 4817 661 4902 demergit.
719 4816 811 4882 Idem
842 4825 874 4881 et
906 4836 966 4881 nos
999 4837 1096 4900 expe-
1233 4817 1284 4882 22.
1311 4816 1458 4883 Proiecitc
1475 4821 1508 4882 ic
1526 4821 1699 4884 cisternam.
1731 4819 1791 4883 Pia
1808 4818 1944 4898 fallacia,
1964 4819 2119 4903 adquam

105 4905 238 4982 rimrir,
263 4905 380 4987 quibus
403 4905 547 4988 gratuita
568 4903 632 4969 Dei
655 4903 783 4986 adoptio
805 4903 973 4986 ingressus
991 4911 1041 4968 est
1062 4904 1095 4967 in
1147 4902 1313 4968 deseendit
1337 4903 1470 4982 Bathea,
1500 4915 1699 4988 quantopere
1723 4906 1882 4970 exarserit
1904 4905 2042 4970 fratrum
2066 4927 2118 4971 ra-

105 4993 248 5060 multas
277 5011 459 5054 aerumnas.
514 4989 599 5054 Nam
630 5011 670 5054 ex
700 5010 763 5072 quo
794 5009 853 5053 nos
880 4987 1032 5054 Christus
1062 4990 1096 5053 in
1147 4990 1224 5067 bies,
1248 4989 1327 5053 satis
1351 4988 1561 5055 demonstrat.
1602 4991 1715 5073 Neque
1727 4991 1813 5055 cnim
1836 4989 1944 5073 palam
1957 5011 2119 5074 opponere

103 5097 260 5166 gregem
284 5096 381 5140 suum
403 5075 536 5159 colligit,
566 5076 667 5140 variis
695 5073 800 5140 modis
821 5075 982 5156 permittit
1005 5073 1096 5138 Deus
1148 5095 1181 5138 su
1212 5073 1319 5152 audet,
1349 5096 1453 5158 neque
1481 5095 1499 5138 a
1524 5076 1645 5140 scelere
1676 5075 1853 5140 dehortari:
1884 5077 1958 5157 quia
1987 5076 2119 5142 videbat

105 5189 178 5233 noe
211 5161 319 5237 deiici,
346 5173 382 5226 ut
410 5164 575 5244 propiores
605 5161 707 5225 simus
730 5161 843 5224 inferis
872 5180 968 5244 quam
999 5159 1094 5225 coelo.
1146 5160 1327 5228 rationibus
1350 5180 1415 5225 non
1438 5182 1507 5225 esse
1527 5162 1633 5226 locum
1652 5161 1692 5226 ad
1715 5183 1770 5226 eos
1792 5161 1997 5244 mitigandos.
2049 5163 2119 5228 Nec

105 5256 212 5336 Ergo
238 5247 356 5313 animis
385 5249 505 5313 nostris
533 5245 672 5312 insideat
692 5247 877 5329 exemplum
899 5245 1026 5329 Ioseph,
1055 5266 1096 5310 ne
1147 5267 1224 5310 vero
1247 5265 1360 5310 corum
1389 5247 1619 5312 truculentiam
1649 5247 1709 5312 hoc
1737 5255 1909 5324 extenuat,
1936 5247 2019 5329 quod
2041 5268 2120 5315 con·

102 5337 304 5407 turbemur.
325 5355 423 5415 quum
445 5355 484 5398 ex
509 5333 570 5397 Dei
598 5333 704 5416 gratia
727 5333 848 5396 multae
871 5351 982 5398 crisces
1004 5330 1096 5397 nobis
1120 5318 1123 5396 Ι
1148 5333 1308 5396 sentiunt:
1337 5334 1428 5415 quasi
1458 5331 1497 5396 ad
1527 5335 1733 5400 clementiam
1757 5335 1832 5398 flexi
1856 5334 1988 5399 fuerint.
2032 5333 2122 5402 Nam

1863 5435 1913 5488 31*
