4988 6192
105 389 167 456 517
757 391 1128 462 COMMENTARIUS
1149 391 1199 458 IN
1223 389 1434 458 GENESIN.
2026 395 2090 462 518

103 583 209 644 sumat
231 600 253 645 o
272 582 358 645 terra
378 579 512 665 Aepppti
532 581 569 646 in
594 585 706 663 septem
735 581 830 648 annis
852 580 1071 648 obmtdarttiae.
1124 587 1234 646 manta
1250 585 1280 644 et
1294 579 1432 645 moion
1449 579 1622 663 Aepyptiis,
1644 580 1824 646 otinoainit
1837 581 1939 663 fames
1955 581 1990 646 in
2005 585 2092 649 terra

103 663 158 730 35.
188 663 233 729 Et
265 671 442 750 oonprepont
470 669 564 732 totam
596 686 751 733 annonam
782 667 891 734 boram
919 686 1073 734 ormnem
1123 665 1265 751 Aepypti.
1316 663 1368 731 57.
1397 664 1571 731 Etmanes
1597 664 1782 732 habitatores
1812 671 1914 733 torrae
1945 673 2092 734 reama

103 749 252 816 bononem
271 751 481 832 paterniani,
502 757 695 836 oonpropent,
717 753 862 834 inquam,
883 752 1073 837 frumentum
1120 750 1361 835 inaequatum
1388 756 1422 816 at
1450 755 1582 816 merent
1607 771 1629 816 o
1653 751 1784 834 Iosepb:
1810 754 1886 834 qnia
1913 753 2092 819 innotuerat

103 834 163 900 aab
183 855 282 902 monn
306 835 502 916 Pharaonis,
530 837 633 904 ιιιιιιιι
657 839 694 904 in
721 839 864 918 urbibus,
888 843 917 904 at
942 842 1070 906 seruam.
1119 837 1222 919 fames
1243 839 1278 902 in
1299 837 1384 902 ononi
1403 841 1496 902 terra.

102 921 157 986 36.
180 919 227 986 Et
245 923 306 986 orit
320 921 407 988 aibas
427 923 463 988 in
483 923 654 1005 depositmn
670 944 732 1008 pro
755 931 855 1004 terra,
878 944 940 1008 pro
958 929 1072 1004 septem

101 1007 199 1072 annis
219 1005 319 1088 famis
338 1008 394 1089 qni
415 1014 503 1074 murat
521 1009 558 1074 in
578 1014 664 1076 terra
683 1008 833 1094 Aepypti:
855 1009 902 1075 ito
922 1028 984 1074 non
1004 1027 1073 1075 aaa
1209 1008 1238 1072 1.
1266 1004 1310 1074 In
1341 1007 1559 1088 inoduorum
1587 1027 1741 1074 annonam
1771 1007 1903 1074 dieram.
1958 1008 2091 1091 Quanta

101 1092 227 1158 ridetur
250 1096 335 1158 tarra
358 1097 484 1176 propter
508 1094 633 1175 [amem.
677 1095 728 1160 st.
753 1093 880 1161 Paean
907 1114 1007 1162 senno
1037 1095 1073 1159 in
1122 1092 1272 1158 anxietas
1296 1092 1423 1158 interea
1455 1093 1559 1158 sanati
1596 1093 1660 1159 viri
1699 1092 1846 1159 animum
1881 1097 2091 1178 oppresserit,

101 1177 203 1244 ooteiis
226 1176 415 1258 Pharaonis,
437 1181 519 1244 aim
540 1179 640 1245 ooaiis
658 1181 796 1246 anniam
815 1199 974 1246 amoram
993 1181 1071 1246 einos.
1122 1177 1258 1262 quisque
1275 1185 1426 1244 nostrum
1448 1200 1490 1246 ex
1508 1199 1543 1245 aa
1564 1180 1576 1244 i
1599 1179 1805 1258 soooniioiat,
1827 1199 1904 1244 nam
1927 1189 1966 1244 ut
1987 1182 2092 1247 teneri

101 1263 155 1330 38.
180 1261 226 1328 Et
240 1263 325 1328 diait
336 1263 463 1332 Pborao
479 1264 522 1331 od
538 1283 642 1331 aornos
662 1285 752 1332 snos:
774 1265 862 1332 Nam
882 1267 1074 1332 moeniemas
1123 1283 1238 1330 sumus
1260 1270 1293 1328 et
1312 1263 1444 1343 molles,
1466 1265 1564 1330 vixa
1608 1264 1706 1331 breve
1727 1273 1856 1348 tempus
1878 1265 2002 1331 differri
2024 1288 2091 1332 non
2149 1297 2153 1306 ‚

101 1349 199 1414 talem
219 1350 325 1414 onum
345 1351 382 1414 in
402 1370 462 1432 qao
483 1351 525 1415 sit
545 1351 680 1431 spiritns
702 1350 784 1418 Dei:
816 1351 868 1418 39.
887 1350 982 1416 Discit
1002 1370 1072 1434 erpo
1122 1350 1275 1432 patimur.
1326 1349 1429 1433 Atqui
1456 1358 1588 1434 praeter
1609 1349 1758 1416 diuturni
1778 1349 1935 1435 temporis
1956 1372 2090 1430 moram,

101 1433 238 1500 Pharao
254 1434 296 1500 ad
313 1434 441 1518 Iosepb:
464 1434 633 1518 Postquam
653 1455 827 1520 ooqnosone
845 1436 919 1519 feeit
936 1436 1025 1502 Dona
1045 1441 1073 1502 te
1123 1435 1187 1500 alio
1209 1434 1399 1501 tentationis
1427 1456 1546 1520 genere
1575 1456 1707 1503 servum
1736 1457 1832 1502 suum
1855 1438 2003 1503 exorauit
2023 1438 2092 1503 Do·

100 1525 201 1586 ιοιιιιιι
231 1519 301 1600 boo,
334 1540 395 1586 non
426 1526 471 1586 ast
501 1521 672 1605 intotbipens
699 1527 729 1587 et
758 1524 886 1604 sapiam
917 1523 997 1588 nord
1027 1527 1070 1588 tn.
1123 1521 1240 1600 minus,
1263 1520 1339 1602 quia
1355 1541 1468 1586 omnes
1490 1542 1564 1605 spes
1582 1521 1743 1588 humanas
1760 1522 1791 1587 ei
1803 1520 1990 1589 abstulerat.
2013 1522 2092 1590 Ideo

99 1605 154 1671 40.
183 1604 235 1672 Ta
255 1606 321 1672 oris
340 1625 435 1687 snper
456 1606 582 1694 ἀοιιιιιιιι
606 1626 720 1688 meam,
747 1610 839 1674 etad
859 1628 895 1674 os
914 1613 1003 1674 taam
1023 1627 1072 1673 os·
1123 1625 1226 1672 annos
1243 1605 1370 1672 dierum
1387 1607 1481 1690 ponit
1490 1607 1595 1672 Moses
1611 1628 1670 1692 pro
1681 1608 1819 1693 integris
1830 1618 1862 1673 st
1873 1609 1986 1691 planis.
2016 1608 2090 1691 Quo

100 1691 261 1757 mlabibm
295 1693 397 1758 omnis
422 1693 562 1776 papaten
593 1713 693 1758 nnus:
724 1697 845 1759 tortam
869 1693 946 1760 sotio
972 1694 1074 1760 maior
1123 1691 1239 1758 malim
1274 1700 1465 1777 reputemus
1501 1693 1662 1762 inviotum
1702 1693 1902 1760 tortitudinis
1934 1703 2091 1775 tenorem,

99 1797 154 1842 ero
180 1781 219 1842 te.
262 1777 314 1843 41.
342 1776 453 1859 Itaque
479 1779 563 1844 dioit
593 1778 721 1845 Pborao
745 1779 789 1846 od
818 1778 947 1862 Iosopb:
986 1779 1071 1858 Vide,
1123 1777 1286 1844 notandus
1308 1798 1435 1862 quoque
1453 1786 1502 1844 est
1523 1777 1588 1857 illa,
1610 1799 1706 1862 quam
1732 1779 1809 1858 dixi,
1831 1780 1937 1846 flexus
1959 1780 2092 1848 divinae

95 1862 772 2017 ppp,oaoo
797 1865 1074 2034 titan
1123 1861 1846 2034 trissansmsssansn
1864 1864 2091 2035 ιιιιιιι

98 2034 137 2098 in
153 2053 288 2100 monam
299 2034 426 2116 Ioseph:
444 2040 473 2099 ot
488 2034 583 2101 indni
597 2035 671 2117 feeit
686 2001 909 2102 em'oesotbra
927 2035 1072 2118 byssinis,
1123 2042 1240 2099 notatu
1256 2035 1393 2119 dignum
1412 2045 1471 2114 est,
1489 2035 1575 2118 quod
1593 2035 1756 2101 interdum
1775 2036 1865 2101 Deus
1882 2037 2014 2102 oraoula
2031 2058 2092 2104 sua

99 2123 129 2183 a
144 2120 259 2201 pontit
278 2124 414 2202 torquem
434 2139 566 2186 earnem
585 2122 622 2186 in
642 2121 715 2187 ooibo
735 2121 812 2188 eins.
850 2121 902 2187 43.
925 2121 970 2186 Et
990 2123 1074 2204 eqni
1124 2139 1228 2203 usqua
1249 2120 1291 2185 ad
1311 2120 1495 2186 inereduios
1518 2131 1550 2184 et
1572 2122 1725 2203 profanos
1746 2121 1895 2186 homines
1916 2123 2091 2190 extendere

98 2209 171 2269 tore
197 2204 271 2289 feeit
297 2225 367 2270 enm
388 2207 424 2269 in
451 2225 549 2271 aaron
565 2207 715 2283 sanandi,
742 2209 798 2288 qai
825 2212 893 2273 orat
917 2207 1004 2290 apred
1030 2227 1071 2288 so,
1124 2205 1287 2289 dignatur.
1338 2205 1403 2272 Hio
1430 2217 1518 2272 oerts
1551 2225 1646 2271 rarus
1674 2206 1736 2272 fnit
1767 2206 1888 2285 honor,
1917 2206 1957 2272 de
1981 2210 2091 2275 iuturo

96 2289 338 2373 sanamque
358 2295 429 2358 ante
449 2311 533 2358 arm:
555 2291 694 2372 Abreab,
715 2292 750 2357 id
772 2301 832 2376 est,
853 2299 947 2376 pater
969 2301 1072 2372 tener,
1123 2290 1365 2376 quatuordeeim
1389 2311 1549 2357 annorum
1566 2300 1686 2358 aventu
1704 2291 1820 2358 dooari.
1850 2292 1919 2359 Nea
1941 2314 2019 2360 varo
2041 2317 2091 2360 se-

97 2381 127 2441 at
161 2377 322 2442 constitnit
353 2397 423 2442 aem
453 2396 549 2458 sapa
575 2379 756 2444 nniversam
781 2384 901 2445 terram
929 2378 1072 2463 Aepppti.
1124 2397 1181 2443 aus
1202 2375 1367 2442 Pharaoni
1393 2376 1557 2461 pateiaota
1584 2377 1648 2444 fuit
1669 2377 1734 2444 Dsi
1757 2379 1910 2444 voluntas
1936 2400 2032 2461 quam
2065 2382 2093 2446 ri

97 2461 156 2528 44.
182 2461 278 2527 Diait
304 2483 376 2546 erpo
396 2461 525 2528 Pharao
553 2464 597 2528 od
617 2463 747 2546 Iosapb:
776 2464 844 2548 Epo
877 2463 1020 2541 Pharao,
1047 2470 1076 2530 et
1126 2461 1225 2528 verbo
1253 2460 1385 2528 adoatus
1407 2463 1504 2542 torst,
1530 2464 1593 2530 nisi
1622 2463 1709 2547 quod
1731 2463 1861 2530 aliunde
1882 2463 2023 2548 petenda
2042 2475 2093 2532 est

97 2550 173 2614 aine
194 2553 223 2614 te
243 2567 304 2614 non
323 2547 434 2615 boabit
450 2549 624 2632 ,pruisquam
655 2569 786 2616 manum
806 2570 899 2616 snam
919 2555 949 2616 et
962 2550 1073 2631 pedem
1125 2547 1359 2630 interpretatio.
1391 2547 1587 2632 Quanquam
1605 2556 1717 2615 autem
1736 2548 1978 2616 ooalesiaesuaa
1998 2549 2092 2619 Deus

96 2653 199 2700 mam
221 2636 257 2698 in
281 2638 344 2700 tota
369 2639 453 2699 terra
474 2635 619 2718 Aepypti.
663 2634 714 2701 45.
736 2635 781 2700 m
804 2636 923 2702 emm
944 2635 1074 2702 Pharao
1125 2633 1590 2716 paouliaritervarbumsnum
1613 2633 1765 2714 destinat,
1786 2655 1851 2699 non
1864 2636 2091 2704 tamenvideri

96 2739 213 2786 nomen
241 2718 370 2801 Iosopb:
402 2717 741 2803 SapbenatbPaneob,
774 2718 808 2786 id
837 2730 904 2798 est,
936 2721 989 2788 vir
1019 2720 1074 2786 oui
1125 2717 1303 2784 absurdum
1325 2718 1436 2798 debet,
1468 2719 1556 2804 quod
1583 2719 1706 2786 alienos
1732 2721 1831 2786 etiam
1859 2721 2023 2787 interdum
2054 2723 2091 2788 in

96 2804 297 2872 absoondita
317 2804 461 2872 revelata
482 2814 577 2884 sunt,
599 2807 666 2885 vel,
689 2805 951 2873 absoonditorum
974 2825 1073 2890 expo-
1125 2803 1268 2869 soholem
1287 2823 1381 2870 suam
1402 2805 1548 2872 admittit
1571 2805 1634 2872 snb
1655 2806 1783 2874 diverso
1803 2807 1878 2872 fine.
1930 2805 2092 2874 Dootrina

95 2892 195 2970 sitas,
219 2899 252 2956 et
269 2891 353 2958 dedit
368 2893 397 2956 ei
414 2891 557 2958 Asenotb
575 2891 678 2972 filiam
696 2891 898 2974 Pati-pterob
913 2892 1074 2974 prina’pis
1125 2889 1279 2955 adelasiae
1301 2891 1432 2973 propria
1459 2899 1510 2957 est
1535 2911 1618 2974 quae
1638 2891 1675 2956 in
1701 2911 1793 2975 spem
1815 2913 1918 2975 usque
1938 2900 2098 2961 aetarnae·

99 2978 154 3044 On
176 2979 214 3042 in
241 2996 385 3052 naorem,
412 2982 441 3043 et
470 2996 612 3061 opressus
638 2983 684 3045 ost
705 2977 817 3060 Iosopb
837 2997 933 3058 sapor
956 2982 1073 3044 mnam
1125 2976 1212 3041 vitae
1233 2973 1378 3042 deduoit:
1401 2977 1460 3042 filii
1483 2987 1593 3043 autem
1611 2977 1923 3044 saeoulitantnmde
1938 2999 2092 3062 praesen·

93 3063 251 3148 Aeyypti
293 3063 345 3128 46.
368 3062 479 3144 Ioseph
499 3083 570 3130 vero
591 3069 659 3131 orat
678 3063 730 3129 air
757 3064 887 3148 tripinta
918 3083 1072 3128 annornm
1125 3062 1167 3126 tis
1198 3062 1287 3127 vitae
1319 3070 1408 3127 statu
1437 3061 1542 3128 obiter
1569 3060 1733 3130 donentur.
1791 3061 1830 3129 Si
1859 3071 2009 3131 notemus
2030 3065 2092 3134 hoo

93 3149 231 3232 qnando
246 3149 327 3214 stetit
340 3167 445 3214 aoram
457 3148 622 3216 Pboraone
638 3149 867 3234 roquopypti:
887 3153 1073 3234 eteyreasns
1124 3145 1314 3224 disoriman,
1343 3168 1409 3212 non
1436 3149 1628 3216 mirabimur
1650 3147 1807 3231 quaedam
1832 3149 1962 3215 oraoula
1982 3152 2090 3234 proia-

91 3241 142 3302 est
168 3233 284 3318 Iosepb
303 3256 324 3300 a
343 3234 424 3316 fatie
447 3233 643 3314 Pharaonis,
673 3239 701 3301 et
725 3235 871 3301 tramisit
892 3254 952 3317 par
979 3238 1072 3300 totam
1124 3232 1176 3297 nis
1197 3243 1230 3299 et
1252 3235 1418 3300 extraneis
1446 3233 1633 3299 hominibus
1655 3233 1840 3300 eommunia
1861 3255 1948 3300 essa:
1976 3257 2092 3319 quam-

88 3327 220 3388 terram
240 3320 382 3404 Aepypti
427 3320 479 3385 47.
501 3319 546 3385 Et
570 3321 701 3404 notabit
726 3325 811 3386 terra
839 3325 952 3402 septem
977 3320 1072 3385 annio
1124 3318 1174 3384 vis
1200 3318 1404 3402 spiritualem
1431 3320 1519 3386 ritae
1547 3319 1728 3385 doetrinam
1756 3321 1848 3402 quasi
1879 3319 2091 3389 haereditatis

87 3406 281 3474 saturitatis
301 3407 345 3472 od
364 3405 558 3472 amoma.
592 3407 644 3473 48.
667 3406 711 3472 nt
730 3406 923 3490 manavit
942 3406 981 3471 de
1001 3406 1072 3471 nni·
1123 3425 1202 3472 suae
1233 3404 1424 3470 thesaurum
1462 3405 1627 3487 possideat
1660 3404 1804 3471 eoolaeia.
1859 3403 1956 3485 Quod
1988 3407 2090 3490 priori

86 3492 201 3558 uersis
232 3489 310 3557 cibis
347 3496 460 3573 septem
492 3512 646 3559 annonam
675 3493 731 3574 qni
760 3492 887 3574 fuerant
918 3491 954 3556 in
985 3495 1071 3556 terra
1122 3489 1249 3556 somnio
1271 3489 1411 3554 aiterum
1432 3492 1600 3564 suooeesit,
1631 3489 1756 3557 duabus
1773 3489 1819 3554 de
1839 3491 1945 3556 oausis
1968 3492 2089 3558 fastum

87 3577 249 3661 Amani,
272 3578 422 3657 epona
440 3577 543 3644 orbam
560 3578 597 3644 in
617 3577 763 3645 urbibus:
782 3576 883 3642 eibum
903 3576 977 3660 apri
998 3576 1072 3641 a'oi·
1122 3583 1186 3642 est:
1209 3596 1286 3641 nam
1308 3583 1342 3642 et
1351 3575 1535 3642 Pharaonis
1557 3575 1701 3640 animum
1719 3577 1964 3660 expargeiuoere
1986 3578 2091 3644 voluit

85 3667 172 3730 tatis
195 3662 252 3744 qai
278 3666 346 3728 erat
365 3663 401 3728 in
421 3664 553 3730 oironita
581 3666 665 3742 ensa,
685 3664 794 3748 posuit
813 3663 849 3728 in
870 3663 970 3728 modio
991 3663 1069 3728 eins.
1122 3661 1223 3738 Deus,
1244 3661 1440 3745 quomaiore
1461 3659 1775 3742 stadioinqnireret:
1799 3660 1915 3725 deinde
1932 3661 2089 3728 obsonree

84 3751 145 3817 49.
180 3745 381 3832 Gonarepaoit
408 3749 514 3830 itaque
541 3750 654 3832 Iosepb
680 3750 886 3832 framarunrn,
919 3754 1071 3830 tanquam
1120 3747 1239 3814 visioni
1260 3747 1335 3829 plns
1355 3746 1438 3812 lueis
1459 3745 1587 3811 addere.
1637 3746 1786 3829 Denique
1808 3744 1947 3812 eundem
1970 3748 2005 3811 in
2027 3746 2091 3814 hoo

84 3853 231 3904 aronam
251 3835 354 3912 mans
380 3835 512 3901 maltam
539 3836 643 3914 oddo,
676 3836 754 3902 adeo
773 3840 809 3900 at
828 3835 994 3900 oessooorit
1013 3855 1070 3898 nn
1120 3832 1246 3898 somnio
1267 3851 1364 3915 qnam
1386 3833 1420 3896 in
1438 3831 1628 3914 quotidiana
1649 3832 1785 3908 ratione,
1808 3851 2016 3915 progressum
2037 3854 2088 3900 se-

84 3920 234 3996 mart,
266 3920 343 4002 qnia
363 3941 424 3986 non
444 3926 510 3986 erat
529 3941 686 3987 nmnorm.
729 3919 781 3986 50.
806 3918 907 3986 Porro
927 3919 992 4000 ipsi
1015 3921 1068 3985 Io·
1120 3926 1317 4002 quntusest:
1340 3937 1416 3982 nam
1436 3915 1522 4000 quod
1544 3917 1643 3983 semel
1665 3916 1808 3996 tradidit,
1831 3917 1973 3984 seeundo
1995 3937 2088 4001 repa·

83 4007 173 4092 sepis
190 4006 261 4070 nati
276 4011 350 4072 sant
363 4007 426 4073 dno
440 4005 503 4087 fitis·
523 4012 690 4090 antequam
708 4007 826 4072 veniret
840 4025 944 4072 annas
959 4004 1067 4086 famu,
1120 4006 1170 4084 tit,
1192 4024 1231 4069 ao
1251 4001 1418 4069 interdum
1438 4002 1568 4087 saepius
1587 4003 1743 4082 inouloat,
1766 4021 1834 4069 non
1856 4002 1960 4068 solum
1984 4013 2022 4068 ιιι
2041 4005 2089 4071 al·

83 4111 176 4176 quoa
202 4093 326 4173 peperit
353 4093 382 4158 oi
410 4092 553 4160 Asenatb
579 4093 649 4173 titia
677 4090 881 4173 Potipbsrab
909 4091 1069 4175 principie
1120 4090 1185 4154 tius
1201 4089 1236 4154 in
1258 4089 1385 4154 animos
1406 4095 1555 4172 penetret
1575 4087 1739 4169 doctrina,
1768 4089 1936 4172 magisque
1957 4089 2086 4170 affiniat,

88 4179 157 4246 On.
206 4175 258 4241 51.
281 4177 326 4242 Et
349 4179 468 4243 oooooit
490 4177 603 4258 Iosepb
629 4197 737 4242 nomm
757 4178 972 4261 primopenitt:
1001 4175 1068 4242 Me.
1119 4175 1298 4241 sedetiam
1318 4183 1355 4239 ut
1377 4175 1567 4240 familiarius
1588 4174 1771 4241 innoteseat
1792 4173 1965 4238 mentibus.
1990 4173 2087 4256 Quod

81 4263 230 4330 nasseb:
261 4264 337 4345 qaia
369 4262 467 4327 dixit:
501 4263 648 4330 Obiioisoi
672 4263 744 4346 feeit
773 4283 822 4327 ma
849 4262 941 4332 Dens
966 4263 1067 4328 omnis
1119 4268 1229 4327 antem
1252 4260 1354 4326 altero
1374 4261 1500 4325 somnio
1523 4261 1613 4325 Deus
1635 4260 1741 4344 magis
1761 4259 1926 4324 iilustrare
1948 4260 2088 4326 voluerit

80 4347 220 4418 tabaria
239 4349 314 4428 mn,
336 4354 364 4414 et
385 4349 487 4415 omnis
507 4350 617 4414 domas
632 4349 739 4429 patris
758 4349 827 4414 moi.
871 4348 923 4414 52.
948 4347 1069 4413 Nomen
1119 4346 1204 4431 qnod
1226 4347 1362 4414 obseura
1384 4355 1512 4410 ιιιιιιιιιιι
1533 4345 1743 4422 indicaverat,
1765 4365 1806 4410 ex
1828 4364 1867 4409 eo
1888 4353 1980 4428 patet
2000 4346 2086 4428 quod

80 4440 203 4504 antam
224 4435 350 4500 somnos·
370 4436 487 4500 oooaoit
507 4433 681 4520 Ephraim:
700 4434 778 4516 qnia
803 4435 901 4499 dixit:
927 4432 1069 4502 Oresoore
1118 4435 1224 4517 figura
1245 4432 1378 4516 propius
1400 4430 1440 4498 ad
1463 4453 1532 4496 rem
1554 4430 1686 4497 aooadit
1728 4430 1818 4495 Vidit
1840 4431 1980 4512 primum
2002 4432 2089 4498 Pha·

76 4523 169 4606 feeit
202 4540 252 4586 rna
282 4519 373 4586 Dens
402 4521 437 4586 in
468 4525 553 4585 torro
584 4520 764 4602 afflictionis
793 4541 888 4588 meae.
938 4519 990 4585 53.
1024 4518 1069 4585 Et
1119 4539 1175 4584 rao
1203 4519 1343 4601 pingues
1369 4537 1483 4584 saonae
1511 4539 1531 4582 a
1559 4516 1742 4582 maoilantis
1762 4516 1883 4583 vorari.
1928 4516 2001 4582 Hoo
2022 4539 2087 4583 non

77 4606 182 4690 finiti
203 4611 277 4670 arem
294 4611 408 4686 septem
428 4607 505 4671 anni
537 4608 715 4672 sotaritatis
740 4627 821 4688 qnae
843 4606 906 4688 fait
926 4605 961 4670 in
982 4611 1068 4670 terro
1118 4614 1186 4670 tam
1211 4611 1324 4687 aperte
1346 4603 1550 4692 monstrabat
1577 4609 1702 4686 septem
1727 4621 1888 4668 annorum
1917 4601 2087 4668 abundan-

80 4692 244 4776 Aspara.
287 4691 338 4756 54.
363 4691 547 4772 Inoopsrnnt
566 4711 637 4756 vero
659 4697 771 4774 semem
793 4693 872 4759 anni
899 4691 998 4773 famis
1018 4711 1068 4757 oe·
1118 4690 1209 4769 tiam,
1230 4697 1264 4754 et
1285 4687 1419 4754 totidam
1441 4688 1612 4771 penuriam
1634 4689 1668 4754 in
1687 4689 1794 4754 tritioo
1811 4695 1844 4752 et
1865 4686 1937 4752 aliis
1954 4688 2087 4753 semini·

76 4781 176 4856 niro,
194 4777 455 4857 quaemadmodum
474 4777 599 4842 dimanat
619 4777 748 4860 Iosopb:
767 4778 889 4860 fuitque
908 4776 1011 4858 fames
1032 4777 1068 4841 in
1117 4777 1189 4854 bus,
1211 4795 1308 4858 quam
1329 4774 1491 4857 spinarum
1514 4781 1673 4858 aspaatnr.
1702 4772 1890 4840 Similitudo
1908 4773 1996 4838 enim
2018 4794 2087 4840 ma·

79 4861 243 4931 omnibns
268 4864 379 4929 torris:
405 4869 437 4929 at
456 4863 494 4928 in
518 4867 581 4929 tota
601 4869 686 4928 tarra
708 4865 841 4948 Aapppti
868 4867 936 4928 erat
956 4863 1066 4942 panis.
1118 4862 1181 4927 lias
1203 4861 1364 4944 sangruit.
1846 4941 1853 4955 .

75 4951 144 5019 55.
174 4947 292 5014 Postea
308 4950 419 5014 esuriit
439 4953 501 5014 tota
517 4955 601 5016 tarra
622 4948 773 5033 Aepypti,
801 4949 994 5014 nolamaoit
1007 4968 1066 5030 po-
1203 4947 1233 5013 8.
1257 4944 1354 5010 Mane
1373 4948 1583 5011 oonstornatm
1603 4948 1650 5008 est
1668 4942 1804 5024 spiritns
1824 4962 1902 5009 mets.
1939 4944 2085 5011 Aaulaus

71 5036 194 5122 patna
215 5033 259 5098 ad
281 5033 478 5100 Pharaonem
493 5055 556 5116 pro
571 5056 672 5118 pona:
697 5041 726 5101 et
750 5035 833 5100 dinit
855 5032 983 5100 Pbarao
1005 5052 1068 5097 om-
1118 5032 1250 5099 raliotus
1271 5037 1322 5096 est
1340 5032 1376 5094 in
1397 5027 1492 5095 eorde
1513 5028 1704 5108 Pharaonis,
1733 5035 1770 5093 ut
1797 5028 1896 5094 sonat
1917 5047 1990 5094 oum
2013 5029 2085 5096 Deo

76 5122 191 5192 nibus
218 5120 397 5203 Aoqpptiis:
425 5119 473 5186 Ite
499 5120 544 5185 ad
572 5121 699 5202 Iosepb,
731 5121 813 5202 qnod
839 5120 957 5186 diarrit
981 5117 1067 5184 mbis
1118 5119 1179 5185 sibi
1201 5137 1271 5184 esse
1292 5115 1469 5201 negotium.
1503 5114 1573 5180 Ista
1593 5115 1682 5180 enim
1704 5113 1863 5191 anxietas,
1884 5115 1977 5198 quasi
1999 5115 2084 5181 inte-

69 5206 229 5295 faoietis.
269 5203 320 5270 56.
343 5204 387 5270 nt
405 5205 506 5288 famas
526 5211 594 5272 orat
614 5208 649 5271 in
670 5208 754 5272 amm
774 5206 935 5287 superficie
955 5209 1067 5271 terrae:
1118 5205 1185 5269 rior
1201 5204 1264 5268 fuit
1279 5203 1415 5287 spiritus
1438 5200 1500 5267 Dei
1522 5200 1714 5284 obsignatio,
1733 5220 1817 5284 quae
1839 5200 1966 5267 somnio
1985 5199 2085 5268 fidem

70 5301 112 5362 et
137 5290 272 5376 oportit
294 5291 406 5372 Iosepb
427 5292 532 5358 onmia
552 5293 665 5359 borrea
684 5293 721 5359 in
747 5291 861 5374 quibas
888 5295 977 5358 erant
997 5291 1065 5356 irn-
1118 5291 1252 5357 feneret:
1282 5306 1465 5373 quanquam
1497 5283 1617 5372 dignus
1648 5293 1698 5351 eet
1730 5285 1861 5352 Pharao
1894 5285 1950 5370 qui
1976 5285 2084 5356 fructu

1828 5387 1880 5444 33⁸
