5000 6208
376 461 441 528 275
1038 460 1410 530 COMMENTARIUS
1432 461 1483 528 IN
1505 461 1720 530 duruerit.
2236 489 2241 500 ·
2312 459 2361 527 tlt

375 652 491 720 ehost:
514 672 574 719 neo
594 672 675 734 opus
696 671 793 716 suum
815 651 969 716 mutilum
991 649 1186 736 relinquere,
1204 648 1261 716 sed
1283 670 1357 734 per·
1408 649 1517 718 loeum
1540 650 1601 717 sibi
1628 658 1785 736 negatum
1815 651 1886 718 dari
1914 651 2051 736 flagitat.
2096 650 2148 715 Ita
2168 650 2229 733 piis
2255 658 2363 716 saneto

378 737 497 804 ducere
526 757 628 821 usque
649 736 690 803 ad
720 737 855 804 exitum.
899 735 972 802 Hoe
1000 743 1088 804 uerte
1117 757 1182 802 uon
1210 735 1358 820 vulgaris
1407 757 1483 802 rum
1512 734 1680 803 desideriis
1709 736 1832 822 aliquid
1861 756 1958 820 saepe
1990 735 2191 802 lutulentum
2221 742 2255 802 et
2277 737 2364 802 turbi-

378 825 504 910 gratiae
536 833 607 888 erat
638 822 839 907 praedietam
872 821 974 888 fuisse
1006 823 1068 906 ipsi
1097 822 1166 886 Lot
1196 819 1357 888 Sodomae
1407 822 1486 887 dum
1508 821 1689 889 admixtum
1712 833 1771 888 est.
1815 822 1884 888 Nee
1903 843 1956 888 me
1978 822 2072 899 latet,
2098 822 2257 905 singulari
2278 822 2364 888 intar-

378 911 525 988 ruinam,
553 930 596 973 ne
617 909 785 975 incautum
808 908 1023 991 opprimeret,
1048 917 1169 974 sertam
1190 927 1282 991 spem
1304 928 1357 973 sa·
1407 907 1486 974 dum
1503 907 1640 991 spiritns
1656 916 1747 975 motu
1764 909 1899 992 impelli,
1921 916 1960 974 nt
1977 907 2082 974 videri
2100 906 2229 991 possint
2245 929 2265 972 a
2281 907 2365 974 verbo
2465 939 2466 944 .

379 995 459 1061 lutis
482 1015 552 1061 esse
573 994 623 1060 illi
650 994 761 1060 datam
784 1015 842 1078 per
864 995 1016 1078 angelos,
1046 993 1185 1076 denique
1206 1013 1249 1058 ex
1269 993 1356 1076 peri·
1407 991 1586 1072 diseedere,
1609 1015 1716 1078 neque
1735 1003 1846 1060 tamon
1869 995 1939 1060 eius
1960 995 2043 1060 fines
2065 992 2278 1060 transsiliunt.
2310 991 2363 1058 Sed

379 1079 454 1150 enlo
491 1101 593 1146 manu
632 1100 702 1146 esse
742 1079 916 1146 sublatum.
971 1078 1136 1145 Dominus
1165 1089 1275 1145 tamen
1308 1086 1358 1144 tot
1407 1079 1601 1146 immodieus
1629 1081 1737 1148 earnis
1765 1081 1900 1146 effeetus
1926 1080 1962 1144 in
1983 1080 2050 1145 Lot
2077 1099 2113 1146 se
2142 1077 2264 1162 prodit,
2294 1078 2365 1160 quod

378 1166 546 1236 benefieiis
568 1187 634 1231 non
656 1174 844 1245 oontsntns,
868 1162 946 1248 quid
968 1165 1104 1248 posthae
1126 1164 1291 1248 agendum
1313 1165 1358 1230 sit
1407 1164 1527 1232 delitiis
1561 1186 1642 1248 quas
1675 1166 1788 1249 fugere
1828 1165 1981 1245 debebat,
2021 1175 2154 1230 tenetur
2192 1163 2364 1247 implicitus.

380 1251 548 1320 admonet:
571 1253 619 1318 ita
639 1251 688 1316 illi
710 1273 826 1319 aursus
846 1260 1006 1317 reatorem
1028 1271 1064 1318 se
1086 1251 1232 1334 praebet,
1255 1249 1357 1318 donee
1407 1249 1615 1318 Temeritatis
1626 1271 1704 1316 vero
1716 1251 1809 1318 testis
1823 1260 1874 1317 est
1889 1251 2117 1330 inconstantia,
2140 1247 2299 1334 quodsibi
2313 1251 2365 1334 ipsi

380 1337 422 1405 ad
450 1338 564 1404 salutis
590 1346 713 1403 metam
739 1337 936 1421 pervenerit.
989 1339 1020 1402 A
1049 1347 1140 1420 tergo
1167 1344 1276 1401 autem
1304 1357 1356 1401 re·
1405 1357 1482 1402 mox
1504 1336 1665 1422 displioet.

380 1425 505 1508 spieere
526 1432 657 1490 vetatur
679 1424 754 1504 Lot,
783 1431 821 1488 ut
842 1423 964 1488 sentiat
986 1423 1175 1506 pestiferum
1196 1443 1231 1488 se
1254 1421 1356 1487 domi·
1494 1423 1544 1488 19.
1557 1421 1727 1490 Eceeuuue
1743 1422 1862 1488 iuverit
1878 1443 1987 1488 mous
2004 1427 2077 1488 tuae
2091 1424 2239 1508 pratum.
2269 1419 2365 1501 Quum

380 1509 492 1576 uilium
511 1510 707 1592 relinquere.
752 1509 919 1588 Primum,
948 1529 989 1574 ne
1011 1529 1074 1590 quo
1096 1508 1167 1573 eius
1195 1507 1355 1573 desiderio
1407 1506 1488 1574 duos
1520 1508 1647 1584 videat¹
1682 1528 1868 1574 sermonem
1900 1508 1941 1573 ed
1973 1529 2075 1574 unum
2112 1509 2233 1594 dirigit.
2286 1506 2367 1574 Unde

378 1595 548 1663 titilletur:
579 1595 705 1676 deinde,
727 1603 765 1660 ιιι
786 1595 904 1660 melius
926 1601 1056 1676 reputet
1077 1614 1174 1678 quam
1197 1593 1356 1678 singulari
1406 1594 1600 1678 oolligimus,
1622 1595 1688 1660 Iret
1709 1615 1776 1659 non
1794 1594 1983 1672 substitisse
1998 1595 2032 1659 in
2056 1593 2182 1680 angelis
2200 1595 2279 1677 quie
2299 1595 2366 1660 satis

378 1680 444 1746 Dei
476 1681 632 1747 beneficio
662 1703 704 1746 ex
734 1680 850 1746 inferis
883 1680 1062 1745 emerserit.
1114 1679 1213 1746 Prius
1241 1679 1357 1744 retulit
1406 1699 1582 1763 persuasus
1604 1689 1683 1758 erat,
1705 1699 1812 1762 neque
1829 1681 1995 1764 proprium
2017 1679 2084 1747 illis
2105 1701 2176 1746 esse
2197 1681 2367 1762 imperium,

378 1767 505 1845 Moses,
545 1789 642 1850 quam
675 1766 837 1832 foeeunda
869 1775 956 1832 esset
987 1787 1025 1832 an
1058 1766 1166 1849 opima
1197 1765 1255 1830 illa
1285 1764 1356 1847 pla·
1407 1786 1468 1832 neo
1496 1765 1635 1832 salutem
1669 1786 1763 1832 suam
1792 1766 1828 1830 in
1857 1786 1970 1832 eorum
1999 1786 2100 1832 manu
2128 1787 2200 1832 esse
2232 1767 2366 1849 positam.

379 1854 493 1919 nities:
519 1853 598 1918 inde
628 1853 771 1938 migrare
793 1853 860 1918 Lot
887 1851 1031 1928 iubetur,
1060 1863 1097 1916 ut
1122 1851 1244 1917 sentiat
1263 1850 1357 1933 quasi
1407 1851 1532 1918 Eorum
1569 1872 1648 1918 vero
1680 1860 1855 1933 conspeetu
1888 1873 1955 1917 non
1984 1872 2077 1917 senus
2106 1872 2143 1918 ae
2175 1851 2305 1934 speeulo
2334 1852 2367 1916 ad

381 1960 399 2010 o
432 1938 539 2004 medio
572 1939 743 2022 naufragio
776 1960 811 2003 se
842 1937 945 2004 fuisse
976 1937 1160 2002 liberatum.
1212 1936 1357 2002 Tametsi
1407 1937 1691 2020 oontemplaudam
1722 1937 1784 2003 Dei
1814 1936 1931 2003 faeiem
1959 1937 2074 2001 utitur.
2118 1937 2292 2004 Caeterum
2313 1937 2368 2003 Dei

381 2035 490 2090 autem
514 2023 674 2092 Sodomae
696 2022 865 2102 habitans,
892 2045 948 2089 oor
969 2044 1065 2088 suurn
1087 2022 1217 2088 assidue
1239 2042 1357 2086 exeru·
1406 2021 1564 2088 beneficia
1585 2023 1650 2087 Lot
1670 2042 1736 2088 uon
1767 2031 1835 2087 tem
1864 2021 2073 2107 gratitudinis
2104 2044 2183 2089 suae
2212 2024 2368 2090 testandae

381 2111 501 2177 olebat:
523 2111 595 2176 fieri
617 2117 726 2176 tamen
748 2111 806 2174 vix
824 2110 931 2192 potuit
948 2109 1028 2192 quin
1046 2130 1087 2172 er
1105 2116 1173 2174 tam
1195 2106 1357 2193 profunda
1407 2129 1506 2176 eausa
1527 2115 1767 2187 commemorat,
1788 2129 1887 2191 quarn
1904 2116 1941 2173 ιιι
1958 2109 2115 2173 maiorem
2131 2108 2208 2174 inde
2230 2106 2369 2176 fidaeian

381 2195 539 2262 seelerum
569 2195 708 2262 eolluvie
737 2195 860 2280 aliquid
889 2193 993 2261 sordis
1014 2194 1239 2264 eontraheret:
1269 2211 1357 2258 nuno
1408 2203 1517 2260 sumat
1542 2193 1617 2278 plus
1650 2193 1792 2276 petendi.
1837 2191 1925 2274 Quia
1956 2194 2044 2258 enim
2076 2215 2181 2277 neque
2213 2194 2368 2279 largiendo

380 2281 492 2364 itaque
525 2301 544 2350 a
577 2281 719 2347 Domino
750 2301 814 2365 pur
838 2279 943 2346 andus
974 2280 1093 2345 delitiis
1124 2279 1288 2362 privatur,
1320 2278 1356 2344 in
1408 2301 1552 2363 unquam
1582 2278 1775 2345 exhauritur
1797 2277 1862 2344 Dei
1891 2278 2019 2345 bonitas
2040 2299 2101 2346 neo
2123 2280 2294 2365 fatigatur:
2316 2303 2369 2364 quo

381 2368 499 2522 imbus
531 2367 669 2433 nimium
701 2366 763 2432 sibi
797 2303 969 2449 piaouerat.
1018 2365 1086 2430 Nos
1119 2385 1247 2448 quoque
1280 2364 1357 2430 hine
1407 2365 1514 2450 magis
1535 2365 1661 2432 fenilem
1688 2366 1816 2448 experti
1843 2385 1971 2445 sumus,
2001 2386 2039 2431 eo
2059 2386 2118 2430 nos
2141 2365 2182 2430 ad
2205 2366 2286 2432 bene
2306 2385 2368 2450 spe

403 2453 561 2530 isoamus,
590 2453 700 2517 Deum
727 2453 849 2535 optime
880 2451 980 2518 saluti
1014 2459 1145 2518 nostrae
1176 2449 1356 2528 consulere,
1408 2450 1547 2516 randum
1576 2450 1786 2516 animosiores
1813 2471 1883 2516 esse
1913 2450 2021 2516 deoet:
2049 2460 2147 2533 atque
2168 2451 2231 2518 hoe
2252 2452 2370 2534 quidem

381 2538 460 2604 dum
488 2537 656 2604 rescindit
674 2559 756 2621 quae
785 2537 950 2620 superflua
976 2535 1118 2602 suntad
1146 2536 1256 2601 earnis
1278 2534 1357 2601 deli·
1409 2535 1485 2602 fidei
1506 2537 1675 2619 proprium
1695 2545 1761 2615 est,
1784 2537 2063 2612 oqnfirmationem
2084 2545 2195 2620 patere
2217 2538 2252 2601 in
2274 2547 2369 2620 poste·

382 2623 460 2690 tias:
495 2631 593 2706 atque
621 2631 658 2688 ut
684 2622 820 2688 nimiam
854 2621 1094 2708 indulgentiam
1127 2622 1287 2706 eorrigat,
1314 2641 1356 2686 ex
1408 2643 1482 2688 rum
1515 2643 1557 2687 ex
1589 2621 1774 2705 praeteritis
1806 2625 1931 2707 gratiae
1970 2622 2214 2703 experimentis.
2268 2624 2369 2706 Neque

369 2708 476 2776 'suavi
505 2708 711 2791 ineundaque
735 2708 870 2792 planitie
893 2727 952 2775 nos
975 2707 1105 2791 ablegat
1124 2707 1161 2772 in
1189 2707 1356 2774 desertum
1409 2715 1498 2773 errat
1519 2709 1555 2774 in
1577 2728 1614 2772 eo
1636 2708 1715 2773 Lot:
1748 2716 1878 2772 tontum
1900 2727 2072 2792 perperam
2094 2709 2272 2788 subsumit,
2298 2709 2370 2773 dum

379 2803 535 2861 montem.
1408 2802 1503 2859 extra
1535 2795 1673 2860 verbum
1705 2813 1856 2878 egressus
1894 2793 1956 2860 sibi
1989 2791 2145 2877 indulget.
2200 2794 2279 2859 Ideo
2308 2793 2370 2860 dixi

468 2881 518 2946 18.
548 2880 645 2946 Dixit
674 2877 735 2944 Lot
762 2881 804 2946 ad
834 2899 893 2944 eoa.
937 2879 1002 2947 Hio
1031 2879 1120 2944 aliud
1150 2878 1268 2946 vitium
1291 2878 1357 2943 Lot
1408 2880 1478 2946 eius
1498 2879 1719 2963 precationem
1737 2899 1778 2944 ex
1795 2877 1871 2946 fidei
1889 2879 2019 2962 quidem
2036 2877 2127 2944 fonte
2144 2899 2302 2959 manasse,
2319 2877 2370 2945 sed

380 2965 643 3050 reprehenditur,
667 2965 753 3048 quod
775 2986 842 3030 non
863 2966 1055 3047 simplieiter
1076 2972 1169 3048 paret
1190 2964 1273 3042 Deo,
1294 2981 1356 3028 neo
1409 2987 1451 3032 ex
1461 2965 1531 3030 luto
1542 2964 1682 3030 earnalis
1697 2965 1834 3031 effeetus
1851 2966 1990 3030 nexisse
2008 2964 2129 3048 aliquid
2146 2965 2368 3031 turbulentum.

380 3052 507 3136 patitur
527 3073 564 3118 se
585 3053 655 3118 eius
674 3051 808 3116 arbitrio
829 3052 963 3132 servari,
985 3049 1042 3116 sed
1061 3071 1184 3116 novum
1202 3049 1264 3117 sibi
1285 3070 1355 3115 mo·
1408 3052 1498 3136 Ergo
1527 3051 1591 3116 Dei
1619 3051 1842 3117 miserioordia
1873 3051 1960 3129 freti,
1990 3073 2032 3116 ne
2061 3049 2249 3117 dubitemus
2274 3051 2372 3115 omnia

381 3137 460 3204 dum
482 3138 655 3222 exoogitat.
692 3138 840 3203 Mentem
859 3137 1006 3221 assignem
1023 3136 1125 3214 Deus,
1148 3135 1204 3218 qui
1224 3134 1356 3200 futurus
1408 3137 1449 3203 ab
1471 3157 1509 3202 eo
1530 3157 1679 3220 sperare,
1702 3136 1759 3203 sed
1780 3156 1863 3220 quae
1884 3138 1954 3220 ipse
1976 3135 2140 3220 pollieitus
2161 3145 2226 3214 est,
2255 3147 2371 3220 optare·

381 3224 426 3288 sit
446 3222 516 3290 louo
544 3222 645 3307 asyli:
676 3222 792 3288 urbem
814 3223 883 3306 ipse
912 3223 974 3290 sibi
1001 3222 1109 3304 potius
1133 3220 1234 3306 eligit.
1278 3220 1356 3286 Fal·
1408 3244 1470 3307 que
1491 3222 1661 3305 permittit.

380 3308 497 3374 luntur
524 3329 602 3392 ergo
628 3309 684 3392 qui
712 3309 783 3374 eius
809 3308 909 3375 fidem
938 3308 973 3372 in
1000 3308 1063 3374 heo
1095 3308 1281 3392 pretatione
1309 3307 1357 3372 sio
1496 3307 1569 3374 Nou
1585 3313 1692 3389 potero
1714 3327 1761 3372 me
1782 3327 1908 3373 servare
1928 3309 1965 3374 ia
1985 3313 2092 3374 morale.
2127 3308 2204 3374 Non
2226 3307 2370 3390 obstrepit

381 3394 545 3462 extollunt
566 3404 603 3460 ut
624 3395 805 3477 perfeetum
826 3401 974 3460 statuant
995 3395 1097 3477 probe
1114 3392 1230 3459 orandi
1247 3413 1356 3458 exem·
1409 3392 1542 3476 quidem
1573 3392 1647 3459 Deo
1680 3391 1731 3478 (ut
1763 3393 1870 3459 solent
1902 3393 2008 3479 impii)
2046 3393 2208 3460 destinata
2240 3393 2369 3458 malitia:

379 3480 469 3564 pler:
496 3501 575 3546 nam
596 3481 700 3547 Mosis
744 3480 830 3545 otius
858 3480 1030 3547 eonsilium
1052 3487 1102 3547 est
1122 3479 1236 3545 dooere
1256 3477 1356 3544 fidem
1408 3480 1484 3564 quia
1506 3488 1616 3544 tamen
1638 3498 1706 3543 non
1726 3478 1889 3544 reoumbit
1909 3479 1944 3544 in
1972 3479 2109 3546 verbum
2131 3478 2212 3558 Dei,
2242 3480 2369 3546 elabitur

380 3567 446 3634 Irot
467 3589 534 3632 non
555 3586 692 3649 prorsus
712 3502 813 3632 iriisse
833 3564 874 3630 ab
895 3565 1046 3632 omnibus
1062 3566 1154 3631 vitiis
1175 3567 1357 3630 immunem
1408 3572 1442 3632 et
1459 3584 1560 3649 prope
1576 3563 1690 3630 effluit.
1726 3562 1797 3631 Gur
1818 3565 1908 3630 enim
1929 3563 2051 3631 sladem
2074 3570 2193 3630 metuit
2210 3567 2245 3630 in
2262 3573 2369 3640 monte,
2465 3638 2466 3661 χ

380 3653 434 3720 vel
462 3673 588 3736 puram.
634 3651 828 3718 Tenendum
856 3661 907 3717 est
934 3651 1019 3717 illud
1048 3651 1192 3730 axioma,
1221 3650 1357 3716 vitiosas
1408 3651 1462 3718 ubi
1485 3651 1547 3716 Dei
1571 3669 1673 3718 manu
1692 3651 1913 3735 protegendus
1933 3660 2018 3716 erat:
2042 3657 2149 3716 tutam
2170 3671 2250 3716 vero
2271 3651 2371 3717 statio·

382 3758 452 3804 esse
485 3758 598 3823 preoes
630 3747 774 3812 nostras.
809 3736 874 3802 nisi
902 3737 938 3802 in
967 3737 1064 3802 verbo
1097 3736 1254 3803 fundatae
1281 3736 1356 3802 sint.
1408 3758 1483 3803 nem
1511 3735 1574 3802 sibi
1603 3736 1671 3802 lore
1699 3736 1833 3803 oonfidit
1855 3757 1893 3802 eo
1914 3737 1950 3801 in
1972 3737 2059 3816 loeo,
2088 3738 2201 3821 quiet
2223 3735 2370 3803 Sodomae

381 3824 450 3889 Lot
471 3845 549 3890 vero
572 3845 639 3890 non
661 3831 791 3888 tautum
819 3822 920 3889 verbo
950 3821 1155 3902 destituitur,
1183 3821 1241 3888 sed
1262 3841 1357 3903 prae-
1409 3822 1538 3889 vieinus
1560 3832 1646 3901 erat,
1679 3830 1713 3886 et
1742 3821 1843 3887 simili
1875 3821 2037 3888 vindiotae
2069 3830 2205 3907 propter
2236 3824 2369 3906 impuros

380 3917 511 3992 pestere
543 3910 606 3976 sibi
637 3919 751 3976 eontra
781 3909 919 3976 verbum
958 3907 1122 3992 indulget:
1161 3909 1238 3972 talis
1269 3917 1358 3972 oerte
1408 3927 1590 3992 pravosque
1612 3907 1735 3975 inoolas
1764 3909 1941 3975 obnoxius.
1976 3908 2103 3974 Verum
2125 3929 2165 3974 ea
2189 3910 2310 3976 soilieet
2327 3913 2371 3971 est

382 3996 614 4078 importunitas
636 3993 713 4060 fidei
734 3994 817 4060 nihil
836 3993 936 4058 habet
957 3995 1064 4060 affine.
1101 3993 1230 4059 Deinde
1252 3993 1359 4059 subita
1409 3995 1580 4059 hominum
1609 4003 1742 4073 natura,
1771 4002 1810 4060 ut
1838 3994 1977 4060 salutem
2000 3995 2063 4060 sibi
2085 3995 2193 4061 loenre
2212 3995 2323 4060 malint
2337 3992 2370 4055 in

383 4081 586 4164 poenitentia
607 4081 727 4146 stultae
748 4079 935 4163 rupiditatis
957 4101 1061 4163 poena
1083 4080 1155 4145 fuit.
1196 4079 1253 4145 Sie
1271 4079 1358 4144 enim
1409 4081 1488 4163 ipsis
1517 4079 1631 4146 inferis
1662 4101 1761 4162 quam
1790 4080 1825 4144 in
1854 4079 1958 4160 ooelo,
1991 4081 2118 4163 quoties
2146 4101 2279 4148 sensum
2305 4097 2369 4163 pro·

383 4166 537 4233 vaeillare
570 4186 701 4232 neeesse
729 4174 778 4231 est
811 4186 866 4233 eos
897 4186 1010 4231 omnes
1043 4167 1100 4249 qui
1127 4187 1162 4232 se
1188 4165 1260 4230 Deo
1293 4185 1358 4229 non
1409 4165 1519 4250 prium
1558 4173 1748 4248 sequuntur.
1793 4164 1952 4232 Videmus
1982 4187 2060 4250 ergo
2087 4175 2287 4252 quantopere
2315 4165 2371 4229 tot
2465 4236 2466 4255 χ

384 4253 579 4332 subiiciunt,
608 4251 743 4318 simulae
765 4263 842 4316 voto
864 4273 931 4316 uno
952 4252 1047 4334 potiti
1070 4259 1163 4331 sunt,
1185 4271 1271 4316 nova
1292 4257 1359 4316 sta·
1410 4260 1507 4329 erret,
1529 4252 1585 4333 qui
1606 4259 1751 4317 montem
1772 4251 1864 4317 nulla
1886 4252 2046 4318 saelorum
2067 4253 2263 4336 oontagione
2283 4250 2370 4316 inleu-

382 4337 445 4406 tim
470 4338 662 4422 inquietudo
695 4337 857 4415 naseitur,
891 4359 973 4420 qnae
1005 4345 1134 4402 mutare
1162 4336 1359 4408 sententiam
1410 4344 1481 4402 tum
1509 4336 1654 4421 fugiens,
1684 4358 1721 4404 ao
1749 4343 1938 4420 suspectum
1963 4337 2103 4418 habens,
2132 4339 2250 4405 urbem
2271 4332 2370 4417 deligd

384 4424 480 4510 oogit.
525 4422 582 4490 Sio
603 4424 639 4488 in
667 4443 799 4488 summa
825 4423 1014 4488 habendum
1042 4431 1108 4500 est,
1130 4422 1197 4487 Irot
1225 4422 1360 4486 minime
1410 4442 1494 4505 quae
1523 4421 1659 4506 flagitiis
1690 4431 1833 4503 seatens,
1865 4444 1932 4488 non
1961 4431 2090 4506 poterat
2116 4423 2189 4488 Deo
2218 4445 2283 4490 non
2310 4437 2369 4486 uso

384 4511 482 4594 eulpa
504 4529 635 4587 vacare,
663 4509 741 4574 dum
764 4508 827 4574 sibi
848 4509 964 4574 urbem
986 4507 1026 4572 ad
1048 4507 1263 4574 habitandum
1286 4527 1358 4589 pos-
1410 4526 1519 4574 exosa.
1563 4509 1707 4574 Parvum
1728 4528 1799 4574 esse
1820 4507 1982 4586 obtendit,
2011 4507 2097 4592 quod
2117 4509 2245 4576 laoilius
2263 4511 2366 4575 exoret.

384 4596 485 4662 tulat:
519 4615 600 4660 nam
635 4603 668 4658 et
695 4615 731 4659 se
759 4594 894 4678 opponit
929 4593 994 4658 Dei
1023 4594 1192 4671 mandato,
1224 4594 1276 4659 eui
1306 4611 1360 4658 ao·
1411 4595 1460 4660 Ae
1476 4594 1505 4660 si
1525 4593 1660 4660 dioeret:
1679 4592 1724 4659 Se
1741 4601 1869 4660 tanttrm
1887 4595 2046 4679 angulum
2107 4603 2175 4660 tere
2194 4595 2251 4662 ubi
2271 4593 2367 4659 salvus

385 4682 551 4764 quieseere
569 4679 718 4746 debebat:
739 4688 772 4745 et
784 4681 820 4745 in
839 4677 958 4746 delitiis
976 4700 1109 4744 manere
1126 4679 1225 4763 eupit,
1243 4679 1360 4761 quibus
1408 4680 1552 4745 deliteat.
1596 4679 1699 4744 Reate
1720 4679 1754 4744 id
1776 4679 1922 4762 quidem,
1955 4681 2021 4747 nisi
2042 4615 2197 4765 ageasylo
2227 4679 2366 4746 divinitus

385 4767 464 4832 utile
485 4776 555 4834 erat
576 4787 649 4832 eum
673 4765 869 4831 submoveri.
913 4764 993 4831 Ideo
1015 4764 1151 4849 perinde
1173 4764 1251 4830 fauit
1272 4763 1360 4831 aesi
1411 4764 1475 4831 sibi
1493 4783 1645 4832 oonoesso
1664 4763 1841 4844 disoedens,
1864 4765 1952 4831 aliud
1973 4766 2033 4832 sibi
2050 4766 2184 4850 proprie
2200 4764 2365 4832 temeritate

386 4872 483 4936 aeger
500 4851 553 4918 vel
574 4853 749 4919 seetionem
768 4851 823 4916 vel
839 4851 1004 4936 potionem
1026 4871 1172 4916 amaram
1194 4851 1360 4928 detreotet‚
1410 4853 1558 4934 fingeret.

386 4957 483 5024 quam
513 4947 622 5003 tamen
651 4936 797 5004 medians
824 4937 1025 5020 praeseribit.
1070 4936 1269 5019 Quanquam
1293 4956 1361 5000 non
1496 4936 1548 5002 21.
1592 4935 1672 5001 Euae
1692 4938 1815 5018 aaut
1837 4937 1950 5018 faeiem
1970 4942 2066 5002 tuom.
2110 4935 2234 5005 Insoite
2253 4929 2364 5027 ratioti-

386 5022 551 5107 iutelligo‚
580 5025 801 5105 precationem
823 5022 890 5088 Lot
918 5021 981 5088 fide
1009 5043 1144 5106 prorsus
1173 5023 1273 5088 luisse
1304 5041 1360 5086 va·
1412 5029 1533 5088 nantur
1553 5021 1686 5105 quidam
1707 5022 1930 5104 precationem
1940 5023 2007 5088 Lot
2018 5022 2090 5089 Deo
2110 5022 2280 5105 plaenisse:
2300 5033 2364 5101 qnu

388 5129 497 5174 euam:
527 5109 605 5192 quin
627 5110 736 5192 potius
757 5108 804 5175 sie
825 5129 900 5173 eum
923 5127 942 5172 a
964 5108 1019 5174 via
1048 5107 1218 5174 deflexisse
1246 5107 1361 5185 sentio,
1412 5108 1542 5192 roganti
1552 5107 1715 5186 annuerit,
1732 5128 1769 5174 ao
1780 5108 1906 5176 dederit
1916 5107 2001 5192 quod
2012 5109 2151 5193 petebat.
2170 5109 2279 5191 Neque
2289 5101 2362 5168 enim

387 5207 516 5260 utnon
546 5192 642 5259 modo
670 5193 784 5277 prooul
811 5215 876 5259 non
906 5193 1105 5272 disoesserit,
1134 5193 1190 5262 sed
1220 5191 1261 5258 ad
1288 5212 1361 5258 eam
1411 5214 1535 5260 novum
1565 5201 1629 5272 est,
1661 5193 1791 5259 ooneedi
1819 5193 1984 5260 interdum
2012 5216 2071 5278 per
2098 5193 2191 5260 indul
2234 5193 2363 5258 nuans
2465 5191 2466 5226 r

388 5281 562 5346 tenendam
596 5292 706 5345 mente
739 5280 837 5346 firerit
866 5280 1020 5347 intentus.
1071 5279 1241 5346 Pendebat
1272 5279 1361 5344 enim
1413 5280 1564 5358 Domino,
1588 5277 1673 5362 quod
1696 5287 1805 5346 tamen
1827 5279 1876 5344 illi
1897 5300 1963 5345 non
1983 5282 2149 5365 probatur.
2192 5215 2251 5346 gp,
2269 5284 2363 5365 sumtu

384 5386 517 5449 semper
534 5386 553 5430 a
570 5365 635 5431 Dei
656 5366 767 5444 verbo,
790 5362 900 5432 sedin
921 5366 1028 5449 speeie
1050 5386 1115 5432 una
1137 5364 1264 5444 deoidit‚
1283 5362 1361 5430 dum
1412 5385 1501 5431 nune
1528 5363 1690 5449 indulget,
1723 5373 1761 5430 ut
1788 5365 1884 5448 paulo
1912 5376 1985 5450 post
2013 5367 2149 5450 oastiget
2178 5367 2246 5432 eius
2269 5359 2363 5428 stulu·
2465 5391 2466 5431 ι
