4988 6192
390 427 453 494 491
880 481 882 488 .
1044 423 1415 491 COMMENTARIUS
1438 425 1488 489 IN
1510 423 1725 492 GENESIN.
2326 426 2378 490 492

392 638 454 684 nos
471 617 607 682 sollieite
625 615 753 682 obviam
772 614 946 681 tentationi
964 635 1086 691 eamus,
1110 619 1284 695 antequam
1303 631 1362 676 nos
1414 631 1474 676 nort
1491 611 1555 678 sibi
1570 612 1713 693 futurum
1731 618 1808 679 esset
1824 633 1933 694 senen,
1956 619 1984 678 et
2004 619 2072 679 eret
2092 615 2216 695 quoodo
2237 614 2379 697 iepredie-

393 701 582 786 domergat‘t
602 701 816 784 Praecipuum
838 721 916 767 vero
933 701 1052 767 doloris
1070 706 1363 782 temperamentum
1414 698 1506 763 betur
1524 700 1705 764 attexerem
1720 700 1834 781 fratris
1851 700 1912 780 sui,
1927 698 2141 782 eorrumpmot
2158 720 2269 764 samen
2293 719 2378 781 super

394 799 445 854 est
473 787 602 852 futurae
629 789 716 853 vitae
744 787 937 866 eonsolatio,
968 786 1008 851 ad
1036 806 1135 868 quam
1158 783 1305 867 quisquis
1328 803 1362 849 ea
1414 789 1539 863 terrem
1562 805 1600 848 ue
1616 791 1744 867 poneret
1770 805 1870 849 semen
1895 786 1995 865 fratri
2022 805 2088 850 suo.
2139 785 2189 851 10.
2213 784 2378 864 Disptieuit

393 873 549 958 applicat,
579 873 762 938 timendum
791 895 857 938 non
886 883 936 938 est
963 881 1000 936 ut
1029 871 1240 936 absorbeatur
1273 867 1361 934 dolo-
1414 871 1573 935 aeternio
1595 870 1691 936 mutis
1713 870 1843 936 Iebovee
1864 871 1945 952 quod
1965 871 2044 952 seed,
2067 871 2193 952 ideoque
2214 871 2296 936 mort
2316 871 2378 952 feeit

393 962 439 1026 ris
461 980 606 1024 excessu.
655 958 852 1042 Quanquam
883 967 991 1023 autom
1013 955 1202 1041 probandus
1224 976 1290 1020 non
1313 964 1363 1020 est
1413 957 1507 1020 dmm
1528 975 1606 1020 eum.
1642 956 1692 1021 11.
1715 953 1760 1020 Et
1779 957 1862 1022 discit
1879 955 2023 1022 Ietudeb
2043 957 2086 1022 ed
2110 957 2251 1022 Tterner
2272 977 2379 1021 numm

394 1045 587 1111 immodicus
620 1043 710 1110 dolor
741 1045 854 1124 Iaeob,
894 1043 997 1109 Moeis
1043 1051 1167 1118 tamen,
1189 1041 1361 1106 eonsilium
1413 1061 1522 1106 mom:
1545 1041 1642 1106 Meae
1668 1043 1766 1108 viduo
1794 1042 1829 1106 ie
1851 1042 1938 1107 ἀοιηο
1954 1043 2063 1124 putris
2083 1043 2138 1120 tui,
2162 1043 2255 1108 ᾱοηεο
2273 1047 2378 1107 mesca

392 1132 462 1210 fuit,
485 1131 620 1197 infamia
643 1144 755 1195 notare
774 1131 910 1195 ferream
934 1130 1023 1208 illam
1047 1128 1200 1193 duritiem
1222 1148 1306 1210 quae
1328 1127 1362 1189 in
1416 1126 1510 1191 Setot
1531 1127 1621 1209 fitius
1647 1147 1750 1192 meus:
1777 1127 1898 1192 dicebat
1924 1129 2023 1193 euim:
2052 1128 2102 1193 Ne
2128 1129 2207 1210 forte
2235 1129 2379 1192 morimur

392 1219 533 1282 filiorum
555 1217 706 1282 sordibus
728 1217 826 1281 nimis
845 1216 1034 1280 immaniter
1056 1221 1205 1298 grassata
1223 1221 1281 1277 est.
1305 1213 1362 1274 Vi·
1413 1214 1506 1278 aium
1534 1214 1611 1293 ipse,
1640 1214 1723 1279 suut
1744 1218 1772 1278 et
1791 1214 1907 1296 fratres
1927 1213 2011 1293 eius,
2032 1219 2060 1278 et
2081 1213 2159 1278 abiit
2182 1213 2378 1292 Phameae

393 1304 512 1369 debant
534 1324 592 1386 per
614 1323 649 1367 se
672 1324 735 1367 non
755 1310 841 1368 stare
858 1303 936 1384 quin
960 1313 1053 1385 pater
1071 1299 1179 1365 dolore
1197 1298 1362 1364 eonfeetus
1413 1299 1531 1362 mansit
1551 1299 1586 1362 ia
1607 1299 1697 1364 domo
1711 1300 1818 1379 petris
1838 1300 1900 1364 sui.
1953 1299 2003 1363 12.
2027 1297 2071 1364 Et
2090 1299 2294 1380 multiplicati
2315 1305 2380 1363 suet
2474 1297 2475 1302 ’

392 1390 511 1456 misere
538 1391 672 1472 periret:
709 1387 845 1471 denique
878 1386 1033 1453 videbant
1061 1408 1118 1451 suo
1147 1384 1268 1450 seelera
1296 1385 1363 1447 iam
1413 1384 1491 1461 dies,
1509 1389 1536 1448 et
1557 1389 1683 1448 monuo
1712 1389 1756 1448 est
1774 1384 1846 1464 peta
1870 1384 1958 1450 Suob
1982 1405 2065 1452 uuor
2089 1384 2246 1450 Iebuetub:
2268 1390 2298 1450 et
2319 1403 2378 1449 eoa·

392 1497 464 1541 asse
486 1477 636 1540 eooisum.
680 1471 718 1538 Si
742 1473 860 1539 vulnus
882 1492 998 1540 sanare
1021 1479 1195 1553 nequeunt,
1219 1491 1276 1534 eur
1298 1469 1362 1534 sal·
1413 1469 1533 1534 soletis
1552 1475 1596 1534 est
1624 1490 1657 1534 se
1679 1469 1830 1546 Ieturtut,
1853 1476 1880 1534 et
1900 1471 2039 1535 aseendit
2067 1472 2109 1535 eet
2129 1475 2265 1536 tonsores
2286 1472 2380 1536 ovium

392 1573 459 1626 tem
482 1581 547 1625 non
570 1559 702 1626 student
724 1559 868 1624 dolorem
891 1559 1094 1641 aliquatenus
1117 1554 1241 1620 lenire?
1265 1555 1361 1619 Plus·
1413 1575 1557 1634 suorum,
1586 1555 1653 1636 ipse
1679 1560 1708 1621 et
1728 1555 1836 1620 Hirab
1864 1558 1986 1621 emaus
2006 1557 2083 1631 eius,
2106 1555 2330 1621 HoetuHumite
2351 1557 2379 1620 ie
2474 1567 2475 1610 t

392 1668 491 1731 quam
521 1667 599 1730 ergo
627 1645 774 1712 crudeles
803 1652 896 1720 suut,
927 1643 1044 1727 quibus
1074 1641 1154 1707 adeo
1177 1662 1274 1707 eurae
1296 1661 1362 1705 non
1419 1639 1596 1706 Ttimuutb.
1649 1641 1698 1706 13.
1722 1639 1767 1705 Et
1786 1643 1970 1707 auimatum
1995 1641 2061 1723 [uit
2080 1643 2146 1722 ipsi
2171 1641 2322 1718 Thestor,
2340 1643 2380 1706 di·

393 1743 443 1799 est
465 1735 567 1815 patris
589 1732 666 1810 vita,
695 1739 731 1796 ut
758 1753 799 1796 ne
829 1729 928 1798 verbo
958 1729 1089 1812 quidem
1116 1727 1362 1812 mitigationem,
1415 1727 1523 1790 eaeo:
1545 1723 1624 1791 Eoee
1645 1747 1729 1792 soeer
1750 1731 1824 1792 treus
1845 1729 1982 1794 aseendit
2010 1729 2044 1791 in
2070 1727 2236 1793 meamea
2258 1729 2304 1794 ad
2324 1733 2379 1792 tou-

393 1838 475 1904 quae
496 1818 532 1881 in
554 1839 653 1881 manu
677 1825 755 1896 erat,
778 1816 895 1882 afferre
918 1815 1103 1898 dignentur.
1415 1811 1551 1877 aeneum
1571 1833 1641 1877 oves
1661 1832 1746 1878 sues.
1775 1813 1825 1878 14.
1853 1814 1939 1879 Tuae
1960 1813 2088 1878 remouit
2109 1819 2204 1879 vestes
2225 1813 2379 1878 vtttutuis

479 1903 530 1968 38.
561 1903 768 1968 Veadr'rteraent
788 1922 858 1967 mm
875 1903 909 1966 io
930 1902 1079 1984 Aegypto.
1107 1900 1216 1964 Triste
1238 1905 1363 1981 speeta-
1416 1917 1492 1963 suae
1513 1917 1533 1962 o
1554 1917 1603 1976 se,
1630 1901 1799 1980 eteperuit
1826 1919 1858 1965 se
1880 1898 2039 1975 ademtae,
2062 1901 2217 1966 eteebroit
2237 1919 2281 1977 se,
2304 1919 2379 1964 muu-
2474 1905 2475 1928 ¹

394 1989 514 2066 sulum,
551 1988 636 2072 quod
671 1989 717 2052 ita
751 2008 811 2072 per
842 1988 951 2053 varias
984 2007 1099 2052 manus
1132 1986 1364 2067 eiroumagitur
1416 1985 1515 2064 sitque
1536 1984 1570 2048 io
1592 1985 1669 2048 ostio
1691 1983 1845 2061 Heraites,
1868 1985 1952 2066 quod
1973 1989 2040 2050 eret
2060 1985 2150 2050 iuxta
2172 1986 2258 2050 emm
2285 1985 2378 2048 Ttioe
2474 1997 2475 2006 ¹

393 2074 522 2157 Ioseph.
571 2073 663 2140 Haeo
689 2075 776 2138 enim
804 2095 869 2138 non
892 2093 993 2156 parra
1012 2071 1191 2156 indignitas
1214 2069 1255 2136 ad
1277 2070 1364 2153 prio·
1416 2067 1517 2132 utut:
1552 2069 1673 2134 videret
1706 2071 1789 2135 euim
1815 2071 1897 2151 quod
1923 2076 2060 2136 emeret
2082 2069 2192 2148 Seteia,
2221 2073 2295 2152 epse
2322 2091 2381 2135 aero
2474 2071 2475 2130 t

392 2183 464 2227 rem
491 2160 562 2225 eius
591 2161 756 2225 miseriam
789 2161 924 2225 aeeessit
951 2156 1036 2241 quod
1066 2167 1219 2240 tanquam
1247 2155 1364 2220 venale
1416 2174 1477 2218 eoo
1494 2155 1597 2236 tuerat
1616 2155 1690 2219 datu
1709 2156 1739 2220 ei
1761 2157 1794 2220 iu
1816 2175 1953 2220 uxorem.
2005 2156 2054 2221 15.
2080 2155 2124 2221 et
2143 2156 2223 2221 uidit
2251 2177 2322 2220 eum
2341 2157 2382 2220 le

393 2245 593 2329 mancipium
605 2245 820 2329 prostituitur.
844 2242 1006 2309 Dominus
1023 2245 1149 2309 interea
1166 2243 1236 2307 eius
1254 2261 1364 2306 euram
1415 2239 1531 2319 utet,
1548 2245 1576 2306 et
1588 2242 1715 2320 putauit
1735 2261 1806 2306 eam
1827 2241 2104 2308 essemeretru'eem:
2125 2247 2290 2322 operuerat
2310 2243 2382 2307 euim
2474 2249 2475 2320 j

394 2353 491 2416 agore
513 2353 580 2397 non
602 2331 735 2397 destitit.
770 2330 843 2395 Imo
865 2333 963 2395 rotari
987 2329 1027 2394 de
1050 2350 1151 2394 manu
1173 2329 1208 2392 in
1231 2346 1364 2391 manum
1414 2326 1528 2408 faeiem
1556 2345 1656 2391 suom.
1708 2327 1758 2393 16.
1781 2325 1826 2392 Et
1853 2327 2017 2392 &dinavit
2046 2328 2090 2392 od
2118 2348 2186 2392 eom
2213 2347 2230 2393 e
2258 2329 2382 2392 simet
2474 2321 2475 2382 i

393 2419 467 2483 ideo
490 2438 603 2499 passus
631 2426 690 2494 est,
714 2425 749 2482 ut
771 2415 902 2480 taudem
931 2437 966 2480 re
988 2415 1059 2499 ipsa
1076 2422 1248 2491 constaret,
1271 2411 1384 2476 miri·'
1416 2411 1514 2478 dixit:
1536 2411 1604 2495 Ape
1625 2431 1747 2493 quaeso,
1769 2413 1933 2496 iupredier
1954 2415 1998 2479 ed
2017 2418 2045 2478 te
2066 2412 2141 2499 (aee
2162 2415 2245 2478 euim
2267 2418 2383 2479 mouet

393 2505 454 2570 fiee
477 2503 608 2568 coelesti
631 2502 731 2568 dueta
747 2501 876 2567 venisse
899 2501 938 2566 ad
957 2502 1174 2585 principatum
1196 2499 1288 2563 illum
1307 2498 1365 2581 qui
1417 2497 1499 2579 quod
1536 2517 1637 2562 nurus
1674 2518 1734 2563 stro
1770 2498 1869 2583 esset).
1927 2498 1991 2563 lite
2033 2500 2130 2564 dieit:
2177 2499 2263 2579 puto
2302 2499 2383 2565 debis
2474 2545 2475 2558 .

394 2589 529 2655 somniis
552 2589 729 2672 promissus
751 2587 866 2652 iuerat.
916 2586 1080 2669 Putiphar
1110 2585 1279 2651 eunuebus
1307 2604 1365 2648 vo·
1417 2582 1505 2662 mibi,
1526 2584 1556 2648 si
1577 2583 1770 2666 iepredieris
1789 2584 1831 2648 ert
1852 2584 1925 2649 me?
1944 2607 1945 2612 ¹
1967 2585 2016 2649 17.
2039 2579 2084 2648 Et
2104 2586 2164 2650 ait:
2184 2581 2254 2668 Epo
2272 2587 2382 2649 mittem

394 2683 488 2740 eatur
510 2695 576 2740 non
598 2673 683 2756 quod
696 2681 857 2740 eustratus
879 2683 979 2738 esset:
1004 2672 1060 2738 sed
1086 2671 1174 2755 apud
1192 2669 1365 2736 orientales
1418 2667 1546 2733 hoedum
1566 2689 1736 2749 caprarum
1757 2672 1795 2737 de
1813 2669 1992 2750 pecudibus.
2036 2669 2080 2735 Et
2099 2670 2203 2735 dieu:
2226 2670 2315 2735 Num
2334 2671 2382 2735 du-

328 2808 331 2819 .
394 2761 551 2826 usitatum
579 2760 655 2838 fuit,
682 2767 832 2841 satrapas
854 2758 1056 2823 stantarum
1078 2757 1241 2841 prinsipes
1263 2755 1365 2838 insig·
1418 2753 1467 2819 bis
1482 2755 1602 2838 pipnus
1623 2755 1716 2819 donee
1736 2755 1887 2822 miseris?
1918 2756 1966 2820 18.
1985 2755 2030 2820 Et
2050 2756 2148 2821 eutr.-
2171 2756 2260 2838 Quod
2272 2758 2382 2841 pignus
2474 2775 2475 2842 t

394 2848 465 2911 nire
493 2845 555 2911 hoo
583 2845 725 2910 nomine.
775 2843 818 2908 In
848 2844 1017 2928 dignitate,
1046 2863 1144 2926 quam
1172 2843 1223 2907 illi
1251 2841 1367 2907 tribuit
1418 2840 1468 2904 uis
1489 2845 1524 2904 ut
1544 2841 1612 2906 ἀωιι
1633 2841 1715 2905 tibi?
1737 2837 1781 2905 Et
1802 2839 1899 2906 dixit:
1922 2840 2069 2926 Sipittum
2091 2846 2189 2925 turen,
2212 2847 2241 2907 et
2251 2842 2383 2923 pultium
2474 2895 2475 2906 .

394 2933 514 3011 Moses,
533 2951 574 2997 ne
592 2931 736 2996 Hebraei
753 2928 884 3013 quidem
901 2929 1115 2996 eonveniunt:
1139 2921 1217 2994 nam
1235 2928 1366 3028 quidam
1418 2931 1515 3025 tuuru,
1545 2932 1573 3025 et
1601 2927 1723 3025 virpem
1747 2931 1847 3008 tuom,
1877 2946 1958 3008 quoe
1986 2932 2032 2992 est
2057 2927 2093 2991 ie
2118 2947 2216 2992 mauu
2243 2935 2309 2992 tue.
2346 2925 2384 2990 Et

394 3016 1368 3187 attritas“tettttsttttfatiat
1419 3011 1565 3164 itta·
1582 3013 1950 3178 eruerat
1973 3017 2107 3164 tat
2131 3017 2272 3164 tw„
2289 3032 2385 3164 et
2474 3107 2475 3118 .

394 3188 593 3273 praefectum
619 3188 720 3254 fuisse
748 3187 906 3252 militum:
935 3208 1001 3252 non
1051 3184 1115 3250 uod
1143 3187 1202 3251 toti
1231 3185 1368 3251 militiae
1419 3205 1441 3248 a
1467 3203 1501 3248 se
1527 3188 1556 3247 et
1580 3183 1686 3248 induit
1714 3202 1747 3248 se
1774 3183 1907 3248 oedibus
1934 3183 2099 3250 viduitatis
2125 3205 2211 3250 suae.
2266 3183 2317 3250 20.
2347 3181 2385 3247 Et
2474 3179 2475 3258 ἶ

395 3283 570 3358 praeesset,
601 3295 715 3342 verum
738 3273 814 3357 quia
836 3273 944 3357 regios
965 3207 1122 3339 sateilites
1143 3272 1284 3338 habebat
1305 3271 1366 3338 sub
1418 3269 1508 3334 misit
1534 3267 1678 3334 [etatae
1705 3267 1831 3334 Medum
1861 3290 2031 3351 euprorm
2052 3291 2113 3353 per
2139 3291 2273 3336 murum
2298 3269 2386 3336 aaa
2474 3259 2475 3288 ³

396 3381 496 3425 manu
523 3381 582 3426 sua
610 3369 643 3426 et
670 3359 822 3444 imperio:
845 3359 958 3442 quales
985 3377 1073 3424 nuno
1102 3370 1179 3424 sunt
1208 3357 1366 3440 oapitanei
1418 3356 1471 3422 sui
1494 3353 1739 3434 Hodutemitue,
1760 3359 1796 3418 ut
1811 3361 1931 3439 euperet
1946 3357 2067 3440 pipuus
2088 3377 2104 3420 e
2121 3374 2220 3423 mauu
2236 3357 2384 3432 mulieris,

305 3514 310 3525 ,
395 3445 570 3526 eustodiae,
598 3445 626 3511 si
654 3446 794 3511 alterum
823 3465 942 3510 munus
965 3444 1145 3526 ooniungas
1167 3442 1252 3527 quod
1274 3463 1366 3509 exer·
1419 3441 1476 3524 qui
1501 3460 1563 3505 noo
1587 3442 1703 3506 euenit
1721 3460 1798 3505 eum.
1853 3443 1905 3507 21.
1928 3441 1972 3505 Et
1992 3442 2195 3526 interrogovit
2221 3443 2308 3507 veros
2334 3441 2387 3505 toci

394 3539 472 3598 eent
493 3532 649 3615 praefecti
667 3531 809 3616 hospitii.
840 3531 927 3598 Nam
943 3529 978 3595 id
999 3551 1042 3596 ex
1064 3529 1106 3595 39
1124 3551 1192 3614 oap.
1215 3529 1368 3613 colligere
1418 3526 1516 3604 iltius,
1538 3526 1683 3593 deuito:
1711 3524 1770 3593 Ubi
1791 3529 1992 3594 estmeretrie
2009 3527 2068 3592 tua
2089 3529 2124 3593 ie
2141 3527 2281 3595 Heueim
2303 3527 2386 3592 uerte

393 3616 512 3684 lioebit.
1419 3611 1531 3678 emm?
1553 3611 1597 3678 at
1618 3612 1781 3678 iimmot:
1804 3611 1877 3680 Non
1895 3613 1960 3695 fuit
1979 3613 2030 3679 bie
2051 3614 2210 3679 urum.
2254 3614 2306 3679 22.
2331 3611 2385 3676 ee-
2474 3615 2475 3672 t

1419 3717 1529 3763 versus
1548 3704 1594 3763 est
1614 3718 1684 3782 erpo
1706 3700 1749 3765 ert
1761 3699 1911 3773 Iebudetu
1931 3703 1959 3763 et
1975 3699 2073 3764 dixit:
2096 3699 2169 3764 Nou
2184 3701 2292 3764 aveat
2308 3717 2387 3764 eom:

1419 3790 1447 3848 et
1469 3783 1562 3848 etiem
1581 3784 1646 3848 oiri
1666 3783 1756 3850 iltius
1776 3785 1834 3850 loei
1855 3785 2018 3850 stiterunt:
2048 3785 2122 3850 Nou
2139 3784 2205 3866 fuit
2229 3785 2278 3851 trie
2300 3803 2389 3850 mere

1419 3870 1494 3934 trie.
1527 3863 1586 3934 23!
1602 3869 1646 3934 Et
1667 3869 1750 3935 elisit
1771 3869 1932 3936 Iebudub:
1956 3868 2070 3952 Capiat
2090 3869 2161 3950 sibi,
2184 3871 2325 3953 referte
2345 3869 2386 3934 si-

693 3957 845 4025 OAPU‘I'
866 3956 1069 4024 XXXVIII.
1419 3975 1490 4020 mus
1517 3958 1553 4020 ie
1569 3956 1731 4036 probrum,
1758 3975 1822 4022 eree
1849 3956 1925 4020 misi
1952 3955 2082 4020 Medera
2109 3956 2200 4037 tuae,
2229 3963 2257 4021 a
2274 3962 2311 4021 tu
2332 3975 2387 4020 eoa

1419 4041 1566 4106 invenisti
1585 4061 1662 4106 euru.
1712 4041 1764 4107 24.
1786 4038 1830 4105 Et
1849 4042 1921 4124 fuit,
1942 4041 2064 4108 circiter
2087 4047 2159 4124 post
2178 4048 2242 4107 tres
2261 4061 2387 4117 merses,

483 4131 511 4194 1.
538 4128 618 4195 Fuit
640 4133 744 4194 autem
765 4134 898 4210 ternpore
926 4119 985 4193 reo*
1003 4128 1162 4194 deseendit
1184 4127 1327 4194 Ieiudub
1348 4150 1369 4193 a
1420 4128 1603 4193 numatam
1628 4126 1694 4210 luit
1717 4127 1780 4209 ipsi
1803 4126 1952 4205 lebadea
1981 4128 2125 4193 durato·
2148 4127 2319 4195 Fomieutu
2348 4130 2388 4190 est

394 4217 549 4299 fratribus
575 4216 660 4292 suis,
689 4221 716 4279 et
737 4214 902 4281 destinauit
924 4215 966 4279 oet
994 4216 1099 4278 virum
1122 4213 1369 4279 Hoduttomitem
1424 4212 1566 4277 Ttomur
1586 4233 1688 4298 eurus
1703 4219 1768 4291 tue,
1790 4219 1819 4278 et
1839 4214 1935 4277 etiem
1954 4232 2028 4288 eece,
2051 4218 2095 4278 est
2109 4215 2245 4297 prouida
2266 4233 2307 4278 ex
2327 4213 2388 4296 [or-

396 4307 424 4366 et
443 4321 554 4366 nomeu
574 4303 643 4366 eius
667 4296 781 4366 Hirab.
825 4302 855 4365 2.
879 4300 924 4364 Et
943 4300 1023 4365 vidit
1040 4300 1087 4364 ibi
1104 4299 1247 4365 Ieiurtete
1266 4299 1369 4381 titium
1419 4298 1634 4364 summitas.
1669 4297 1714 4362 Et
1734 4299 1817 4363 dixit
1839 4295 2141 4364 estpotestate
2162 4320 2240 4380 eom,
2261 4305 2291 4364 et
2313 4317 2386 4362 eenr-

395 4389 458 4453 oiri
484 4385 698 4452 Gbenuauoei:
720 4393 748 4450 et
763 4406 874 4452 romeu
891 4387 961 4450 ures
973 4384 1077 4450 Suet:
1094 4387 1150 4466 qui
1167 4387 1283 4467 ueeepit
1299 4406 1368 4451 eom
1419 4385 1558 4450 burutm.
1584 4383 1635 4449 25.
1660 4386 1748 4468 Ipse,
1767 4405 1863 4466 quera
1878 4385 2064 4464 educeretur,
2086 4386 2174 4450 misit
2194 4387 2237 4451 ed
2252 4403 2389 4452 socerum

395 4479 422 4538 et
441 4474 603 4557 inpressas
624 4478 669 4536 est
689 4473 731 4536 oet
754 4493 831 4537 eom.
881 4471 911 4536 3.
937 4472 1024 4552 Quae
1044 4472 1184 4550 eoeeepit,
1207 4477 1235 4534 et
1247 4473 1369 4552 peperit
1419 4490 1521 4548 mum,
1543 4471 1688 4536 duodo:
1708 4469 1759 4536 De
1775 4472 1844 4536 viro
1860 4471 1950 4535 etue
1965 4470 2041 4536 bueo
2060 4477 2136 4536 arat
2155 4491 2227 4536 sum
2245 4470 2389 4555 prouida

393 4560 507 4640 titium,
530 4559 695 4624 avocavit
713 4578 822 4623 nomeu
844 4558 912 4622 eius
935 4557 1011 4622 Her.
1044 4557 1075 4621 4.
1098 4557 1142 4621 Er
1157 4558 1294 4638 eoneepit
1311 4557 1363 4621 urt-
1420 4557 1465 4620 Et
1485 4557 1584 4622 dixit.-
1606 4557 1747 4640 Apaosee
1767 4576 1880 4637 quaeso
1908 4557 2001 4622 euius
2021 4557 2084 4621 siut
2105 4557 2253 4639 sipittum,
2277 4562 2307 4622 et
2324 4554 2391 4638 pot

396 4645 463 4722 bue,
491 4649 519 4710 et
543 4646 663 4726 peperit
690 4643 802 4724 fitium,
832 4648 859 4707 et
887 4643 1005 4707 vereat
1032 4663 1142 4708 nomeu
1163 4643 1232 4708 eius
1256 4642 1367 4708 Onam.
1419 4643 1508 4720 tium,
1537 4646 1565 4706 et
1591 4644 1681 4725 oirpu
1709 4641 1832 4708 isthaec.
1883 4642 1934 4706 26.
1958 4638 2003 4706 at
2029 4643 2153 4724 wopau
2175 4643 2338 4720 Iebudeb,
2366 4645 2390 4702 et

396 4730 426 4795 5.
445 4729 489 4794 Et
504 4730 628 4795 addidit
647 4729 756 4808 adhue,
778 4735 805 4794 et
816 4731 939 4810 peperit
954 4727 1065 4810 fitium,
1085 4733 1111 4793 et
1127 4729 1245 4793 voeeoit
1260 4749 1367 4793 nomeu
1419 4729 1661 4794 dieit:“1ustior
1688 4749 1736 4792 me
1757 4733 1816 4792 est:
1852 4729 1965 4794 ideireo
1986 4729 2070 4793 euim
2097 4728 2177 4794 haee
2207 4727 2284 4793 feeit
2314 4725 2391 4809 queat

396 4818 464 4880 eius
488 4814 599 4894 Solet,
630 4821 696 4880 erut
721 4820 823 4880 eutem
851 4817 886 4879 io
910 4813 1029 4892 euzo,
1051 4815 1175 4896 quoodo
1195 4813 1275 4880 tuae
1296 4816 1369 4895 ipso
1419 4835 1481 4879 aaa
1508 4815 1582 4880 dedi
1610 4833 1679 4878 eom
1703 4813 1797 4878 setae
1821 4814 1889 4896 pilio
1915 4833 1989 4878 meo
2041 4813 2156 4880 Verum
2183 4834 2244 4879 nou
2265 4811 2391 4878 addidet

391 4901 519 4983 peperit.
565 4902 594 4965 6.
619 4900 663 4965 Et
684 4903 797 4982 eoepit
819 4900 958 4966 Iebuetob
980 4921 1109 4966 uxorem
1127 4901 1192 4982 ipsi
1215 4900 1282 4964 Her
1295 4901 1367 4982 pri-
1420 4898 1521 4965 adbuc
1547 4919 1721 4983 eopuoseere
1747 4919 1825 4965 eum.
1867 4900 1917 4964 27.
1942 4899 1986 4964 et
2011 4900 2083 4980 fuit,
2114 4901 2147 4964 iu
2176 4905 2390 4980 temporeque

395 4987 545 5070 mopeuito
554 5006 621 5065 sue,
631 4993 658 5051 et
670 5007 777 5051 tumea
788 4989 857 5052 eius
870 4987 1018 5052 Thamar.
1050 4987 1078 5051 t.
1099 4986 1212 5051 Verum
1222 4991 1290 5050 eret
1302 4985 1369 5051 Her
1393 4981 1397 5060 Ι
1415 4987 1612 5068 parturiebat
1633 4988 1714 5067 ipsu,
1737 5005 1807 5062 eece,
1828 4985 1945 5066 pemiui
1965 4990 2055 5051 erum
2075 4987 2112 5049 iu
2129 4991 2215 5050 utero
2236 4987 2318 5050 uus.
2343 4984 2389 5046 28.

390 5073 621 5154 primopeeitus
634 5073 775 5139 tebudab-
792 5073 895 5138 matus
914 5073 948 5136 iu
964 5072 1061 5136 oeulis
1074 5072 1221 5151 Iettooae,
1236 5072 1303 5136 ideo
1322 5073 1369 5135 io-
1422 5071 1499 5136 Fuit
1519 5077 1629 5150 erubet,
1659 5093 1696 5137 ee
1712 5072 1861 5151 periente,
1889 5092 1975 5136 anus
1996 5071 2082 5136 dedit
2102 5091 2239 5148 meeum,
2263 5077 2295 5134 et
2315 5089 2391 5135 acre-

396 5159 514 5223 teremit
529 5179 598 5222 eum
611 5157 733 5224 Ietrooa.
762 5160 790 5224 8.
807 5159 850 5222 Et
860 5159 942 5222 dixit
953 5157 1095 5223 Iebueteb
1118 5158 1159 5222 ort
1175 5158 1292 5222 Onam:
1314 5157 1369 5220 Iu-
1415 5158 1467 5238 pit
1487 5158 1639 5236 obstetrio,
1668 5165 1696 5222 et
1717 5158 1826 5239 tipuvit
1846 5157 1890 5222 ae
1910 5177 2039 5222 meeum
2060 5157 2129 5221 eius
2150 5159 2318 5234 mertuum,
2349 5157 2391 5220 di·

394 5245 712 5326 predereodueorem
721 5245 836 5325 fratris
846 5246 902 5322 tui,
914 5249 940 5308 et
951 5244 1137 5326 affinitatem
1148 5243 1289 5308 coutrebe
1299 5263 1369 5309 eum
1420 5244 1595 5308 conuerso
1615 5263 1755 5326 opressus
1778 5249 1823 5307 est
1837 5244 1938 5322 prior.
1970 5243 2020 5307 29.
2033 5241 2160 5325 Etfuit,
2173 5261 2269 5324 quum
2293 5247 2390 5306 retra·

398 5351 443 5408 ee,
455 5337 482 5394 et
492 5333 610 5396 suscito
621 5351 723 5396 semea
732 5331 829 5412 tratri
839 5335 898 5395 tuo.
932 5330 961 5394 9.
974 5329 1018 5394 Et
1030 5331 1166 5415 copnoeit
1180 5329 1279 5395 Ouum
1290 5329 1370 5412 quod
1422 5328 1505 5393 beret
1525 5349 1651 5393 manum
1673 5349 1781 5408 suam,
1810 5348 1880 5404 ecee,
1908 5349 2049 5412 opressus
2076 5335 2121 5394 est
2140 5330 2239 5412 freter
2261 5328 2393 5404 eiuset
