4988 6192
374 425 442 492 aaa
1038 419 1409 488 conturbamus
1431 421 1480 486 nv
1500 421 1713 489 curnam.
2308 426 2369 492 ato

375 613 424 678 tui
444 634 465 678 a
481 607 624 693 parite
644 611 751 673 matra
772 612 800 671 ct
820 627 920 706 usquo
940 627 1031 688 auno,
1053 609 1233 687 etiamssaos,
1255 609 1348 674 diam
1402 609 1480 675 tuit:
1500 611 1555 692 qui¹
1576 609 1671 694 signa
1688 609 1826 676 arbitrie
1845 610 2016 678 hominum
2033 612 2172 678 condeta
2189 611 2364 680 obtrudunt

372 703 480 782 putres
500 693 616 762 matri:
644 699 678 758 ut
705 692 849 760 tueris
869 713 904 757 aa
925 697 1009 760 terra
1033 693 1150 760 Geren:
1182 694 1258 776 qaia
1278 694 1349 761 abo-
1401 694 1565 774 ecelesiae,
1594 695 1679 760 nihss
1707 695 1797 761 eliud
1824 715 1922 779 qnam
1951 698 2067 764 manas
2093 697 2222 781 profani
2251 698 2366 765 theatri

375 782 506 850 mauu
528 779 695 864 Aegyptiis
715 783 761 844 cat
780 780 881 844 anab
896 783 1010 862 postor
1028 780 1194 862 pecodum.
1400 801 1536 864 pompas
1557 789 1731 846 ostentant.
1778 780 1883 848 Sicuti
1903 783 1938 846 in
1966 790 2088 867 papatu
2108 803 2191 867 quae
2211 794 2365 850 vocantur

597 886 600 892 ·
1400 875 1604 932 sacramenta
1625 873 1772 932 mortuae
1793 875 1873 933 sunt
1893 867 2014 948 larvae,
2040 887 2122 952 quaa
2144 869 2280 935 miseras
2304 872 2366 935 oni·

462 952 491 1016 1.
524 951 569 1016 Et
592 951 752 1034 profectus
779 955 826 1014 cst
847 949 961 1016 Israel.
1008 947 1096 1031 Quia
1125 951 1238 1018 relicta
1259 959 1350 1018 tarra
1400 971 1470 1017 mas
1492 972 1512 1016 a
1534 972 1616 1018 vero
1629 951 1701 1018 Deo
1728 951 1904 1019 abducunt.
1948 954 2093 1020 Notatur
2117 953 2227 1038 itaqua
2256 963 2365 1021 mutua

377 1037 537 1104 Obanaan
560 1045 693 1102 sanctus
714 1037 767 1103 vir
790 1036 854 1101 alio
881 1036 1025 1119 migrare
1053 1035 1196 1120 cogitur,
1225 1039 1348 1104 sacriti-
1402 1036 1483 1103 haec
1504 1037 1630 1116 relatio,
1653 1037 1739 1120 quod
1760 1039 1842 1106 visio
1861 1039 2037 1123 praecedit,
2060 1061 2142 1122 quae
2157 1041 2240 1139 ‘plus
2264 1039 2366 1124 digni-
2484 1057 2485 1072 ¹

376 1124 463 1190 cium
484 1124 520 1188 in
542 1123 612 1207 ipso
634 1143 769 1207 agressu
790 1123 887 1187 offert
901 1122 1052 1202 Domino,
1074 1131 1112 1186 ut
1133 1123 1195 1188 sibi
1216 1124 1347 1189 firmum
1400 1123 1478 1188 tatis
1500 1123 1600 1188 verbo
1618 1124 1818 1205 conciliet,et
1835 1125 1973 1191 verbum
1993 1126 2086 1208 quasi
2104 1125 2240 1192 visionis
2262 1127 2367 1192 anima

293 1269 295 1274 ,
375 1217 410 1274 et
431 1215 542 1274 ratum
564 1229 635 1275 esse
657 1216 797 1274 testetur
818 1206 931 1273 foedus
953 1207 1041 1290 quod
1061 1205 1154 1274 Deus
1182 1209 1252 1292 ipsa
1274 1231 1348 1275 eum
1401 1209 1555 1273 continno
1585 1210 1741 1292 sequitur.
1785 1209 1855 1276 Neo
1880 1230 1958 1276 vero
1987 1209 2122 1276 dubium
2151 1221 2202 1277 est
2223 1213 2307 1294 quin
2332 1234 2366 1278 aa

376 1295 524 1378 patribus
543 1295 722 1378 pepigerat.
767 1293 853 1358 Nam
877 1315 977 1378 quum
999 1292 1118 1359 soleret
1139 1316 1174 1360 se
1196 1316 1348 1361 exercere
1401 1293 1499 1359 luerit
1519 1293 1657 1360 visibilis
1679 1295 1802 1378 gloriae
1827 1296 1891 1360 Dei
1913 1296 2051 1379 species,
2075 1317 2158 1379 quae
2179 1297 2280 1364 Iacob
2304 1317 2366 1363 sus·

376 1384 411 1446 iu
435 1388 573 1446 externo
595 1381 659 1444 Dei
687 1379 788 1458 cultu,
812 1379 962 1463 specialis
984 1378 1143 1462 quaedam
1164 1379 1230 1444 fuit
1251 1381 1349 1448 huius
1400 1400 1541 1462 pansum
1570 1400 1607 1445 ao
1643 1380 1851 1446 vacillantem
1881 1401 1947 1446 non
1976 1381 2191 1464 relinqueret,
2227 1382 2289 1447 sed
2317 1405 2368 1448 ex·

376 1465 527 1532 sacrificii
549 1466 643 1532 ratio.
673 1465 718 1530 Et
739 1471 826 1531 certe
847 1465 980 1530 fulturis
1002 1473 1082 1532 tunc
1101 1467 1244 1532 maxime
1266 1487 1349 1550 opus
1402 1471 1512 1547 empta
1539 1465 1741 1532 dubitatione
1770 1466 1873 1532 solida
1900 1487 1974 1532 aum
2003 1467 2151 1548 fulciret,
2173 1489 2237 1554 quo
2260 1489 2369 1535 secure

377 1552 493 1618 babuit
521 1573 563 1616 na
595 1550 776 1618 labasceret
807 1551 877 1618 eius
904 1550 993 1617 fides.
1039 1551 1227 1618 Privandus
1260 1553 1349 1618 enim
1401 1558 1509 1634 posset
1532 1551 1684 1634 amplecti
1706 1553 1884 1618 oraculum.

375 1645 448 1703 erat
469 1636 671 1703 haereditata
695 1637 759 1702 sibi
787 1639 960 1720 promissa,
984 1644 1016 1702 et
1044 1638 1115 1702 eius
1137 1645 1245 1704 terrae
1272 1658 1348 1703 con-
1487 1637 1517 1702 3.
1553 1637 1698 1716 Iahecob,
1721 1638 1865 1705 Iubucob.
1908 1637 1983 1705 Huc
2005 1646 2129 1721 spectat
2151 1639 2316 1724 repetitio,
2335 1647 2367 1704 ut
2484 1651 2485 1662 ¹

377 1731 501 1808 spectu,
525 1743 607 1805 quae
625 1723 773 1788 coelestis
795 1723 920 1806 patriae
942 1723 1050 1807 imago
1072 1737 1143 1788 erat
1165 1731 1198 1788 et
1220 1725 1347 1807 pignus.
1402 1723 1508 1806 magis
1541 1730 1686 1790 attentus
1718 1723 1884 1790 reddatur.
1940 1723 2026 1790 Nam
2057 1745 2131 1790 eum
2167 1725 2370 1790 familiariter
2484 1763 2485 1810 ς

378 1813 501 1874 Αιιιιοιι
522 1809 638 1875 venire
665 1809 702 1872 in
724 1819 867 1873 mantem
889 1809 995 1891 potuit
1023 1829 1058 1873 se
1081 1809 1240 1876 hactenus
1262 1831 1350 1875 vana
1402 1807 1710 1893 compellansDeus,
1723 1831 1758 1876 se
1776 1809 1892 1875 melius
1910 1809 2056 1876 insinuat
2072 1812 2107 1875 iu
2125 1810 2195 1876 aius
2213 1812 2369 1877 animum:

377 1917 435 1979 spe
453 1895 555 1960 fuisse
576 1893 734 1959 delusum.
765 1894 855 1978 Ergo
878 1894 1070 1958 memoriam
1088 1893 1193 1959 divini
1210 1895 1350 1961 foederis
1402 1895 1499 1959 sicuti
1516 1894 1616 1958 etium
1636 1895 1671 1958 in
1694 1895 1858 1978 scriptura
1879 1896 2014 1961 comiter
2036 1917 2095 1961 nos
2112 1896 2228 1976 allicit,
2253 1907 2295 1961 ιιι
2316 1896 2370 1962 sibi

377 2001 552 2060 renovans,
575 1988 794 2063 opportunum
817 1978 1000 2045 remedium
1021 1979 1162 2057 adhibet,
1182 2003 1224 2047 ua
1246 2002 1265 2046 a
1286 1980 1350 2046 fide
1403 1979 1578 2063 discipulos
1589 1988 1770 2063 praeparat.
1798 1980 1958 2048 Docilitas
1976 1982 2074 2046 stiam
2092 1983 2198 2047 sancti
2215 1982 2286 2047 viri
2302 1982 2369 2048 inda

377 2065 523 2144 excidat:
557 2065 693 2148 ideoque
722 2066 883 2131 sacrificat
912 2066 945 2130 in
973 2067 1053 2149 ipsis
1083 2075 1191 2132 terrae
1219 2067 1349 2146 linibus,
1402 2073 1502 2148 patet,
1524 2065 1609 2148 quod
1632 2067 1730 2131 simul
1752 2085 1790 2132 ae
1811 2087 1989 2148 persuasus
2011 2075 2061 2132 est
2081 2067 2192 2133 Deum
2213 2067 2320 2151 loqui,
2340 2088 2371 2133 se
2484 2069 2485 2132 i

377 2152 601 2234 sieuti'nuper
622 2150 707 2216 dixi:
731 2158 769 2216 ιιι
790 2152 931 2216 sciamus
953 2151 1075 2234 aliquid
1096 2152 1196 2218 fuisse
1220 2161 1351 2235 praeter
1403 2159 1532 2234 praesto
1562 2172 1631 2217 assa
1660 2151 1843 2234 respondet.
1887 2154 2014 2236 Nempe
2041 2160 2080 2218 ιιι
2108 2163 2300 2220 reverenter
2321 2175 2370 2218 ex·

377 2245 571 2304 consuetum
602 2258 735 2302 morem.
780 2238 825 2302 Et
853 2237 940 2302 bunc
969 2237 1093 2304 cultum
1122 2239 1256 2304 exhibet
1276 2237 1350 2304 Deo
1403 2237 1502 2320 cipiet
1524 2236 1679 2320 quidquid
1709 2238 1830 2304 dictum
1860 2239 1975 2317 luerit,
1997 2247 2154 2322 sequatur
2183 2259 2372 2322 quocunque

376 2323 480 2408 patris
502 2324 562 2401 sui,
582 2330 618 2386 ut
636 2331 783 2402 testetur,
799 2323 953 2405 quamvis
970 2322 1011 2388 ab
1033 2345 1072 2388 ea
1090 2331 1178 2389 terra
1195 2323 1349 2404 discedat,
1402 2322 1502 2388 luerit
1518 2332 1669 2402 vocatus,
1692 2323 1910 2407 mandataque
1932 2323 2041 2389 omnia
2063 2333 2219 2408 capessat.
2268 2323 2371 2391 Subii-

376 2412 412 2474 in
441 2429 539 2492 quam
569 2417 704 2474 vocatus
731 2409 838 2476 fuerat
865 2408 1052 2486 Abraham,
1082 2417 1285 2475 nontamen
1315 2431 1350 2476 se
1403 2410 1487 2474 citur
1515 2407 1633 2474 deinde
1661 2409 1848 2493 promissio,
1872 2430 1937 2493 qua
1964 2410 2054 2476 Deus
2082 2410 2171 2476 servi
2197 2411 2251 2476 sui
2281 2409 2372 2476 fidem

379 2494 556 2560 desciscere
575 2493 677 2559 aDao
699 2494 756 2559 illo
774 2495 809 2558 in
832 2495 925 2559 cuius
946 2495 1036 2561 uultu
1054 2495 1161 2560 iuerat
1182 2493 1349 2562 educatus.
1403 2495 1577 2560 confirmat
1598 2501 1630 2561 et
1652 2502 1786 2562 recreat.
1818 2492 1905 2576 Quia
1924 2495 2029 2561 tristis
2050 2505 2121 2562 arat
2137 2497 2173 2561 iu
2186 2499 2371 2580 Aegyptum

378 2579 526 2662 Insignis
548 2600 627 2644 eane
644 2581 836 2660 constantia,
855 2579 940 2665 quod
962 2578 1040 2645 dum
1062 2581 1147 2644 fama
1165 2581 1293 2646 eiicitur
1314 2582 1350 2645 iu
1403 2579 1589 2659 descensus,
1608 2579 1692 2646 bono
1709 2589 1743 2645 et
1765 2581 1865 2646 alacri
1887 2582 1996 2647 animo
2018 2582 2211 2661 assolebat,
2234 2603 2277 2647 ao
2294 2581 2371 2665 quod

379 2667 521 2732 alienam
538 2665 764 2748 regionem,ut
781 2687 822 2730 ue
839 2667 1042 2749 peregrinari
1059 2666 1190 2748 quidam
1209 2668 1244 2731 in
1262 2674 1351 2732 terra
1404 2686 1534 2748 semper
1563 2667 1692 2732 loturus
1721 2668 1767 2732 sit
1792 2667 1863 2733 eius
1892 2673 2014 2732 eustos:
2045 2677 2078 2732 et
2106 2677 2282 2752 postquam
2310 2667 2371 2732 illic

379 2751 578 2817 liceatouius
601 2750 768 2835 legitimus
787 2761 858 2815 erat
870 2750 1033 2817 dominus:
1056 2751 1138 2816 iuris
1153 2761 1262 2818 umen
1280 2752 1351 2818 aba·
1404 2771 1479 2817 eum
1503 2753 1633 2816 auxerit
1653 2752 1690 2815 in
1711 2759 1843 2836 gentem
1865 2771 2029 2836 magnam,
2052 2754 2174 2819 iterum
2195 2755 2240 2819 sit
2264 2751 2370 2819 redue-

379 2836 503 2904 oouditi
537 2856 629 2918 spem
665 2837 773 2902 animo
803 2836 963 2901 inclusam
993 2836 1122 2902 retinet.
1178 2838 1252 2902 Nou
1282 2839 1351 2904 sine
1404 2844 1500 2902 turus
1522 2836 1719 2904 undecune
1746 2837 1836 2904 exire
1865 2857 1921 2904 coe
1945 2838 1980 2903 it.
2024 2839 2074 2905 Aa
2102 2841 2282 2924 praecipua
2306 2839 2371 2922 qui·

272 3005 274 3008 ι
379 2921 507 2988 invidia
526 2923 670 3006 patrium
681 2923 790 2988 Deum
812 2921 956 3001 colando,
971 2921 1141 2988 dissidium
1164 2923 1271 3006 palam
1293 2922 1352 2988 ha·
1405 2922 1478 2988 dem
1501 2922 1678 2989 consolatio
1706 2923 1744 2988 in
1765 2923 1826 2990 boa
1855 2944 1910 2990 car
1936 2926 1987 2989 'ne
2009 2935 2176 3004 versatur,
2199 2924 2289 3008 quod
2310 2943 2371 2988 non

379 3007 478 3073 bebat
500 3028 520 3074 a
541 3007 674 3090 reliquis
695 3008 857 3092 gentibus.
889 3004 978 3088 Quid
999 3017 1110 3074 autem
1121 3009 1274 3092 proderat
1285 3007 1352 3073 dis·
1405 3016 1562 3092 perpetuo
1591 3009 1765 3093 vagabitur
1787 3009 1821 3074 iu
1843 3009 1981 3076 diversis
2003 3011 2140 3090 exsiliis,
2163 3009 2221 3075 sed
2244 3010 2372 3075 tandem

381 3094 485 3160 tincta
512 3094 553 3158 ab
585 3093 737 3159 omnibus
766 3091 902 3178 religio?
942 3092 1037 3174 Quod
1067 3113 1145 3177 ergo
1182 3116 1256 3162 eum
1287 3115 1352 3160 non
1405 3095 1532 3159 fruetur
1552 3104 1682 3176 sperata
1703 3093 1913 3161 haereditate.
1958 3095 2043 3160 Nam
2065 3097 2142 3179 quia
2163 3094 2269 3162 divini
2291 3116 2372 3160 amo·

380 3179 526 3263 poenitat
546 3176 684 3244 coluisse
696 3177 807 3244 Deum
828 3181 932 3264 patris
953 3180 1014 3257 sui,
1033 3187 1067 3245 et
1088 3182 1124 3243 in
1145 3182 1215 3248 eius
1236 3182 1353 3246 timore
1406 3181 1467 3257 ris,
1500 3178 1660 3245 bonorum
1692 3179 1929 3263 spiritualium,
1962 3188 1995 3244 at
2025 3179 2191 3248 felicitatis
2224 3191 2372 3246 aeternae

381 3286 420 3332 ao
442 3263 626 3332 reverentia
647 3283 734 3329 nunc
755 3285 881 3348 quoque
903 3271 1044 3348 perstat:
1070 3265 1147 3333 binc
1169 3266 1352 3350 colligimus
1405 3263 1590 3349 symbolum
1611 3272 1684 3330 erat
1703 3266 1862 3348 possessio
1879 3273 1986 3332 terrae
1997 3265 2166 3345 Obanaan,
2186 3266 2214 3332 si
2231 3287 2273 3332 ea
2289 3269 2371 3331 frau-

381 3371 479 3434 quam
498 3349 582 3415 altas
599 3350 640 3413 iu
656 3371 737 3415 vera
752 3351 873 3435 pietate
891 3351 1015 3418 radices
1038 3351 1172 3436 egisset:
1195 3353 1353 3419 sacrificio
1404 3351 1500 3417 datus
1521 3359 1607 3417 esset
1625 3357 1757 3418 sanctus
1768 3350 1874 3430 Iacob,
1896 3351 1981 3416 nihil
2000 3360 2057 3416 aut
2075 3352 2254 3419 minimmn
2271 3351 2371 3418 iuvis-

381 3444 494 3502 autem
517 3457 552 3502 se
573 3437 753 3514 confirmat,
774 3445 809 3500 at
830 3436 927 3502 fidem
949 3458 1042 3502 suam
1064 3439 1253 3520 profitetur:
1277 3437 1354 3522 quia
1405 3445 1455 3502 set
1477 3435 1616 3518 divitiis,
1645 3438 1797 3521 omniqua
1825 3438 1985 3503 bonorum
2009 3445 2045 3504 et
2071 3459 2170 3522 opum
2199 3460 2321 3522 genere
2341 3437 2372 3500 in

380 3523 459 3590 licet
479 3523 584 3605 pietas
606 3523 750 3587 externis
778 3523 936 3606 symbolis
959 3523 1093 3607 alligata
1117 3545 1182 3589 non
1212 3525 1271 3590 sit:
1295 3545 1353 3590 no·
1404 3523 1557 3608 Aegypto
1579 3523 1746 3588 cumulari.
1789 3521 1929 3590 Reditus
1950 3530 2060 3588 autem
2088 3525 2145 3608 qui
2173 3525 2372 3608 promittitur

381 3610 445 3674 luit
465 3616 576 3674 tamen
593 3629 632 3673 aa
651 3607 795 3674 subsidia
817 3608 993 3693 negligere,
1011 3629 1151 3691 quorum
1174 3631 1270 3675 usum
1292 3608 1353 3675 mi·
1405 3629 1471 3673 non
1492 3607 1587 3672 debet
1609 3609 1749 3692 intelligi
1772 3608 1812 3674 de
1834 3609 1904 3674 eius
1925 3628 2072 3691 persona,
2090 3609 2147 3674 sed
2170 3608 2212 3674 ad
2230 3618 2371 3693 posteros

381 3696 471 3760 nime
495 3714 734 3778 supervacuum
757 3703 1004 3779 essenerpertus
1026 3703 1105 3760 erat.
1405 3701 1539 3777 spectet.
1586 3692 1691 3760 Sicuti
1709 3701 1818 3760 autem
1840 3694 1938 3760 Iacob
1955 3696 2169 3776 promissione
2192 3695 2309 3775 iratus,
2330 3695 2373 3758 iu

467 3780 497 3844 2.
528 3779 573 3844 Et
600 3781 683 3845 dixit
703 3779 795 3845 Deae
821 3781 864 3844 od
892 3780 1006 3846 Israel.
1052 3781 1124 3845 Hoc
1155 3779 1250 3845 modo
1279 3801 1354 3862 pro·
1405 3778 1529 3862 trepide
1559 3778 1754 3845 descendere
1782 3779 1816 3844 in
1844 3781 2032 3864 Aegyptum
2054 3781 2202 3846 iubetur:
2232 3781 2282 3847 ita
2310 3781 2374 3863 pio·

381 3866 471 3933 bavit
482 3867 573 3931 Deus
590 3866 654 3930 sibi
674 3865 804 3948 plaeere
820 3866 1016 3932 sacrificium
1028 3864 1135 3944 Iacob,
1154 3874 1187 3930 at
1210 3866 1354 3933 vicissim
1405 3886 1480 3930 rum
1502 3865 1648 3930 omnium
1671 3873 1722 3931 est
1742 3865 1830 3931 illius
1852 3865 2001 3948 exemplo
2023 3867 2110 3932 viras
2132 3867 2252 3932 exDai
2274 3865 2373 3952 gratia

384 3972 519 4018 manum
549 3951 597 4015 illi
630 3953 793 4034 porrexit,
822 3961 859 4016 ut
887 3950 927 4016 de
955 3953 1083 4037 integro
1114 3949 1228 4017 foedus
1258 3972 1355 4016 suum
1405 3949 1575 4034 colligare,
1604 3960 1641 4015 ut
1662 3972 1698 4017 aa
1718 3950 1759 4016 ad
1778 3950 1957 4034 parendum
1986 3952 2055 4016 eius
2083 3949 2248 4018 mandatis
2272 3950 2372 4018 acciu

384 4037 535 4103 sanciret
580 4037 674 4102 Visio
707 4044 867 4102 nocturna
895 4036 1023 4104 adhoc
1053 4036 1159 4102 valuit
1185 4045 1223 4102 ut
1251 4037 1355 4102 maior
1406 4042 1494 4121 gant.
1523 4036 1678 4120 Elegium
1701 4057 1765 4120 quo
1786 4036 1926 4103 saDeus
1947 4037 2091 4122 insignit,
2114 4039 2288 4121 superiore
2309 4055 2373 4102 ora

384 4131 550 4189 constaret
568 4121 699 4187 oraculo
722 4123 885 4190 maiestas.
918 4123 1014 4189 Iacob
1037 4122 1168 4206 quidem
1186 4131 1225 4188 ut
1242 4122 1356 4188 docilis
1406 4121 1480 4187 cula
1507 4121 1658 4207 obsignat
1686 4141 1769 4206 quae
1798 4143 1856 4206 par
1884 4143 2002 4188 manus
2031 4131 2202 4206 acceperat
2229 4123 2330 4190 Iacob
2356 4142 2374 4186 a

384 4217 457 4274 erat
475 4217 509 4272 et
529 4215 700 4291 promptus
729 4205 771 4273 ad
793 4209 857 4274 Dei
884 4209 1091 4292 obsequium,
1122 4209 1155 4274 vi
1177 4223 1210 4274 et
1232 4216 1357 4275 terrore
1406 4207 1563 4292 patribus.
1608 4209 1679 4274 (lur
1699 4209 1788 4274 enim
1818 4229 1884 4273 non
1912 4229 1947 4274 se
1969 4209 2078 4291 potius
2104 4208 2185 4275 coeli
2209 4219 2242 4274 at
2271 4219 2374 4274 tarrae

384 4293 521 4360 minime
542 4292 708 4377 cogendus
723 4293 803 4359 fuit:
823 4294 899 4379 quia
921 4303 1032 4360 tamen
1046 4294 1144 4360 bomo
1167 4303 1237 4359 erat
1258 4315 1357 4361 earne
1407 4295 1556 4379 opificem
1579 4301 1747 4378 nuncupat
1764 4314 1862 4379 quam
1883 4293 1992 4360 Deum
2014 4295 2118 4379 Isaac,
2140 4294 2195 4360 val
2212 4295 2372 4370 Abrahae,

385 4377 623 4468 circumdatus,
653 4379 735 4445 utile
764 4379 828 4444 fuit
855 4382 948 4463 quasi
969 4382 1134 4464 praesenti
1160 4378 1224 4446 Dei
1253 4380 1357 4464 gloria
1407 4381 1472 4445 nisi
1505 4382 1580 4462 quia
1612 4401 1652 4445 ex
1692 4381 1799 4465 primo
1832 4379 1963 4446 foedere
2002 4378 2165 4465 dependat
2195 4381 2374 4447 dominium

384 4465 482 4544 affici,
502 4473 540 4529 ut
566 4466 703 4530 verbum
725 4465 887 4532 efficacius
915 4466 950 4530 in
980 4487 1034 4532 cor
1062 4468 1133 4532 eius
1160 4475 1355 4550 penetrarat.
1407 4475 1514 4531 tarrae
1526 4465 1691 4547 Chauaan,
1710 4465 1795 4550 quod
1816 4467 1932 4531 iterato
1954 4487 2043 4534 nunc
2063 4467 2248 4550 promittit?
2271 4463 2375 4533 Simul

385 4550 563 4617 (laetarum
596 4551 754 4617 memoria
786 4559 932 4636 repetere
964 4553 1119 4618 convenit
1146 4551 1232 4634 quod
1264 4551 1357 4634 prius
1406 4551 1505 4616 etiam
1528 4551 1712 4618 domesticis
1730 4553 1889 4635 exemplis
1910 4553 2036 4618 animat
2052 4572 2184 4619 servum
2206 4575 2315 4634 suum,
2338 4573 2374 4619 na

384 4636 490 4718 docui,
511 4656 678 4701 annexum
699 4635 801 4704 fuisse
822 4637 975 4704 verbum:
998 4639 1075 4721 quia
1096 4638 1196 4716 nihil,
1217 4638 1272 4703 vel
1299 4658 1356 4720 pa·
1407 4639 1442 4702 iu
1468 4659 1529 4703 sua
1550 4641 1722 4705 vocatione
1749 4647 1938 4704 constanter
1962 4658 2100 4722 pergere
2129 4637 2269 4705 desinat.
2315 4639 2374 4706 Mt-

385 4743 460 4786 rum
488 4722 661 4805 profuisset
687 4732 780 4788 muta
806 4723 895 4790 visio.
947 4722 1076 4790 Scimus
1101 4733 1140 4788 ut
1167 4723 1355 4807 superstitio
1407 4724 1495 4789 nime
1517 4725 1605 4789 enim
1628 4723 1779 4803 decebat,
1809 4744 1910 4807 quum
1938 4731 2065 4806 patrem
2087 4743 2184 4790 suum
2207 4725 2304 4791 Isaac
2329 4725 2375 4792 vi·

385 4807 526 4874 libenter
555 4808 644 4874 nuda
676 4818 805 4891 spectra
837 4809 986 4892 arripiat:
1017 4831 1082 4894 quo
1116 4811 1152 4875 lit
1180 4819 1219 4874 ut
1247 4809 1355 4874 Deum
1407 4810 1516 4889 disset,
1541 4830 1639 4876 avum
1664 4831 1789 4894 quoque
1811 4809 1969 4888 audisset,
1993 4810 2144 4893 quamvis
2166 4811 2223 4876 diu
2247 4833 2308 4894 per
2329 4812 2373 4874 iu·

385 4895 604 4960 transformet
649 4893 735 4974 Quia
757 4903 865 4961 autem
891 4897 962 4962 sina
984 4896 1083 4962 verbo
1105 4894 1196 4960 nulla
1225 4903 1355 4962 exstare
1406 4903 1521 4980 gentes
1551 4897 1714 4964 molestias
1743 4896 1929 4962 circumacti
1958 4903 2081 4975 esseut,
2105 4891 2206 4961 nullis
2231 4915 2374 4980 unquam

385 4987 494 5063 potest
515 4981 592 5046 viva
613 4979 678 5044 Dei
698 4981 832 5068 efligies,
855 4982 982 5065 quoties
1004 4983 1155 5065 apparuit
1172 4982 1264 5047 Deus
1287 5002 1354 5047 ser·
1406 4983 1641 5048 tentationibus
1663 4983 1808 5061 cessisse,
1831 4982 1937 5064 ipsum
1958 4981 1993 5046 in
2016 4980 2129 5046 eodem
2151 4980 2259 5047 stadio
2288 4983 2374 5047 lassi·

386 5066 437 5132 vis
466 5066 551 5150 suis,
581 5065 678 5132 simul
707 5067 859 5150 loquutus
889 5077 946 5134 est.
998 5068 1111 5149 Quare
1140 5069 1176 5133 in
1204 5067 1355 5134 omnibus
1407 5065 1519 5133 tudine
1548 5068 1674 5133 coulici:
1705 5068 1897 5152 praesertim
1922 5088 2023 5149 quum
2051 5067 2141 5132 iuter
2161 5067 2374 5146 moriendum,

385 5152 490 5236 siguis
511 5171 639 5235 semper
660 5155 776 5219 attenti
793 5154 896 5220 simus
917 5153 959 5218 ad
981 5155 1051 5219 aius
1072 5174 1194 5231 vocem,
1217 5153 1281 5220 nisi
1303 5174 1356 5218 ve·
1406 5152 1527 5219 tradita
1548 5153 1686 5237 posteris
1708 5154 1776 5219 suis
1795 5151 1952 5235 lampade,
1966 5151 2041 5218 lidei
2059 5151 2165 5218 lucam
2189 5152 2280 5220 domi
2301 5173 2374 5219 suae

385 5237 485 5303 limus
506 5235 648 5304 Satanm
666 5241 850 5324 praestigiis
878 5238 998 5305 deludi.
1043 5238 1141 5320 Quod
1164 5239 1192 5305 si
1214 5239 1355 5305 visiones
1406 5241 1614 5322 superstitem
1637 5238 1820 5322 relinquere
1837 5237 1950 5305 sedulo
1971 5247 2147 5304 curassent.
2180 5239 2220 5304 In
2240 5257 2376 5317 summo,

385 5324 422 5388 in
443 5324 560 5408 quibus
577 5323 707 5390 relulsit
717 5326 781 5390 Dei
798 5325 960 5406 maiestas,
979 5325 1079 5394 verbo
1097 5325 1237 5394 animari
1258 5345 1354 5408 opor·
1406 5335 1559 5392 monetur
1585 5325 1698 5406 Iacob,
1720 5326 1829 5391 Deum
1857 5323 1921 5390 sibi
1947 5344 2006 5408 per
2033 5323 2182 5407 obliquos
2207 5330 2241 5389 et
2268 5325 2375 5391 multi·
2482 5403 2483 5410 ἵ
