5000 6208
361 415 426 484 215
1027 419 1399 489 COMMENTARIUS
1421 419 1472 487 IN
1495 417 1709 504 GENDSIN.
2307 423 2363 488 216

360 605 530 694 pergendo
556 606 731 691 responde,
761 615 795 674 et
822 607 923 674 fidem
954 615 1086 675 tuama
1115 609 1275 695 principio
1297 609 1338 675 ad
1477 610 1507 675 9.
1533 609 1726 710 Tollcnibs‘
1754 609 1894 676 adelmo
1940 610 2007 675 Alii
2030 632 2089 696 pro
2118 610 2222 710 vitula
2249 610 2363 676 trienni

361 697 463 761 finem
492 715 594 777 usque
621 691 795 760 consolida.
840 693 913 760 Imo
937 715 1003 760 non
1032 695 1132 761 solius
1154 697 1265 762 Abrae
1287 717 1339 762 re·
1392 701 1527 762 vertunt
1548 694 1763 781 triplrcatam:
1787 703 1820 759 et
1842 696 1877 760 in
1899 716 2094 780 unaquaque
2116 717 2223 782 specie
2246 695 2362 762 anima

361 790 473 866 spectu
496 780 557 846 hoc
576 779 700 844 dictum
722 789 782 858 est,
803 786 840 845 ut
852 781 915 846 Dei
935 781 1177 863 promissiones,
1196 802 1215 846 a
1233 782 1340 866 prima
1391 781 1490 861 lium,
1522 802 1696 847 numerum
1726 782 1907 848 ternarium
1935 783 2159 848 consumunt:
2183 782 2290 867 magis
2320 793 2362 850 tc·
2479 789 2480 826 l

221 939 236 966 ⁹
359 867 437 933 fidei
459 885 537 930 suae
558 865 686 950 origine
714 865 887 950 colligens,
916 887 1033 950 eorpus
1054 888 1157 933 unum
1180 869 1338 935 efficeret:
1390 888 1466 932 men
1488 875 1619 951 recepte
1639 877 1691 934 cst
1712 888 1826 934 eorum
1851 867 2018 934 sententia
2046 869 2103 952 qui
2125 867 2167 934 de
2189 878 2297 934 aetate
2316 889 2362 934 ac-

361 952 419 1019 sed
441 959 478 1016 ut
499 951 627 1018 discant
648 971 762 1017 omnes
783 953 828 1036 pii
858 953 1036 1019 vocationis
1059 974 1137 1019 suae
1166 953 1338 1020 exordium
1390 953 1526 1036 cipiunt.
1571 954 1676 1019 Porro
1706 954 1769 1020 etsi
1790 952 1883 1020 Deus
1912 975 2034 1038 negare
2056 975 2152 1021 servo
2175 975 2235 1020 suo
2264 953 2363 1020 noluit

361 1038 402 1138 ab
424 1039 496 1121 ipso
518 1058 621 1120 usque
643 1036 768 1138 Abram
791 1039 960 1104 communi
981 1047 1075 1123 patre
1090 1041 1212 1138 duero:
1240 1052 1339 1139 atque
1390 1038 1476 1187 quod
1499 1039 1639 1122 petebat,
1662 1039 1798 1138 minime
1812 1048 1930 1140 ¹tamen
1949 1039 2162 1140 quodearnis
2180 1048 2257 1106 voto
2276 1042 2363 1108 satie

359 1135 408 1191 rta
430 1143 504 1188 oum
526 1124 631 1190 Paulo
653 1122 696 1209 (2.
720 1125 803 1189 Tim.
827 1124 857 1203 2,
880 1123 933 1211 12)
956 1145 1069 1190 secure
1088 1134 1225 1203 ructent,
1254 1148 1339 1192 serre
1404 1131 1512 1191 aceret
1540 1133 1707 1191 concessit.
1753 1123 1842 1207 Quid
1866 1147 1952 1191 emm
1975 1147 2016 1191 ex
2046 1147 2219 1206 ruvencae,
2251 1134 2286 1190 et
2315 1149 2362 1193 ca

361 1232 396 1277 se
418 1211 470 1275 cui
493 1208 703 1290 crediderint,
733 1229 770 1275 ac
791 1209 901 1275 Deum
931 1210 1043 1292 quiin
1065 1209 1174 1276 Abrae
1200 1232 1339 1295 persone
1390 1230 1482 1292 pree,
1516 1219 1550 1276 et
1582 1211 1695 1276 arietis
1734 1211 1930 1277 mactatione
1963 1211 2172 1278 certitudinis
2211 1210 2360 1278 accedet?
2480 1271 2481 1282 .

360 1296 424 1363 sibi
446 1295 616 1362 ecelesiam
645 1295 848 1380 segregavit,
877 1294 980 1361 fidum
1008 1295 1173 1379 depositae
1194 1296 1281 1381 apud
1303 1319 1338 1363 se
1388 1295 1476 1361 Nam
1499 1297 1648 1362 sacrificii
1671 1297 1789 1374 exitus,
1812 1295 1852 1361 de
1875 1317 1938 1382 quo
1961 1297 2152 1396 paulopost
2174 1297 2361 1378 videbimus,

361 1381 475 1450 salutis
498 1384 566 1447 fore
595 1379 773 1447 custodem.
818 1379 916 1462 Quod
938 1390 1047 1449 autem
1070 1382 1106 1447 in
1127 1381 1216 1448 hunc
1238 1385 1336 1450 linem
1389 1381 1495 1449 adhuc
1517 1382 1639 1448 latebat
1659 1383 1794 1448 Abram.
1831 1380 1926 1464 Quod
1950 1403 2029 1467 ergo
2051 1405 2123 1450 erue
2145 1386 2363 1450 controversia
2480 1443 2481 1456 .

360 1474 594 1535 commemorat
616 1468 781 1532 Dominus
802 1487 838 1533 se
859 1468 960 1534 fuisse
989 1469 1196 1534 liberatorem
1219 1469 1337 1548 Abrae,
1388 1467 1542 1534 mandato
1565 1468 1628 1534 Dei
1651 1469 1863 1552 obtemperat,
1885 1469 1977 1535 cuiue
2000 1479 2111 1534 tamen
2132 1469 2247 1536 nullus
2269 1490 2363 1554 appa·

358 1553 437 1620 inde
457 1561 549 1637 patet
572 1552 656 1636 quod
680 1553 945 1638 promissionem,
967 1575 1066 1638 quam
1090 1575 1178 1620 nuno
1200 1554 1337 1621 daturus
1389 1561 1439 1618 ret
1464 1554 1645 1638 profectus,
1673 1553 1749 1620 inde
1778 1553 1856 1619 fidei
1883 1575 1962 1620 suae
1990 1555 2208 1621 obedientiam
2242 1556 2361 1640 probat,

359 1646 418 1719 eat,
441 1640 567 1724 primae
584 1638 804 1722 redemptioni
821 1640 979 1706 annectit:
1003 1659 1041 1705 ac
1058 1641 1085 1706 si
1105 1639 1239 1706 diceret:
1261 1640 1337 1708 Non
1388 1661 1448 1706 nec
1470 1661 1567 1705 suum
1596 1648 1708 1707 votum
1732 1640 1795 1706 alic
1822 1649 1987 1723 spectasse
2014 1662 2113 1724 quam
2134 1653 2171 1707 ut
2200 1642 2361 1708 obstaculo

358 1725 482 1811 incipio
505 1747 593 1792 nunc
620 1725 762 1808 primum
793 1735 914 1790 terram
937 1727 1022 1792 hanc
1046 1725 1105 1791 tibi
1134 1726 1336 1811 promittere.
1389 1724 1533 1804 sublato,
1566 1735 1766 1806 reverenter,
1799 1734 1837 1791 ut
1868 1747 1928 1811 par
1960 1733 2044 1807 erat,
2078 1729 2299 1810 acquiesceret
2329 1730 2362 1793 in

358 1811 444 1878 Nam
473 1811 535 1878 hac
557 1808 597 1876 de
626 1830 724 1876 causa
745 1819 778 1877 te
807 1831 848 1877 ex
876 1813 983 1894 patria
1010 1811 1124 1891 eduxi,
1155 1819 1191 1877 nt
1211 1821 1247 1878 te
1268 1813 1338 1878 eius
1389 1811 1488 1878 verbo
1517 1810 1659 1876 Domini.
1704 1809 1880 1877 Discamus
1909 1833 1987 1897 ergo
2016 1833 2099 1894 quae
2125 1814 2217 1879 Deus
2246 1815 2361 1880 confir·

359 1897 528 1963 dominum
547 1905 580 1962 et
596 1896 771 1962 haeredem
790 1897 1032 1963 constituerem.
1068 1897 1166 1963 Nunc
1182 1897 1285 1982 igitur
1301 1899 1337 1963 in
1389 1896 1528 1963 mendae
1554 1897 1630 1964 fidei
1658 1905 1789 1963 cosmae
1822 1897 1917 1963 offert
1950 1897 2109 1977 subsidia,
2142 1899 2269 1982 placide
2298 1920 2362 1964 em-

247 1981 251 1989 ’
357 1982 496 2050 eandem
516 1982 653 2048 formam
675 1992 784 2048 tecum
805 1983 960 2066 paciscor,
984 2004 1025 2048 nc
1048 1991 1080 2049 te
1101 1983 1202 2050 fuisse
1224 1982 1338 2068 decep·
1387 1982 1495 2067 plecti,
1518 1983 1647 2050 etiamsi
1669 1983 1787 2050 iudicio
1809 1991 1921 2048 nostro
1944 2005 2010 2050 non
2032 1984 2262 2068 respondeant,
2287 1987 2362 2068 quin

357 2081 439 2147 tum,
458 2069 510 2134 vel
523 2069 676 2134 inanibus
695 2066 802 2135 verbis
813 2068 970 2135 lactatum
982 2077 1094 2154 putes:
1114 2079 1147 2134 et
1158 2091 1336 2136 memorem
1387 2069 1496 2154 potius
1527 2066 1653 2136 ludicra
1685 2089 1757 2134 esse
1788 2067 1981 2134 videantur:
2022 2070 2124 2137 donee
2157 2071 2292 2137 tandmn
2325 2093 2363 2137 ex

355 2164 390 2222 tc
403 2155 502 2240 primi
521 2155 608 2237 pacti
625 2174 696 2220 esse
715 2153 819 2234 iubeo,
837 2175 901 2237 quo
918 2154 1052 2221 meliore
1070 2155 1196 2221 fultura
1212 2156 1337 2222 nitetur
1387 2155 1505 2222 effectu
1526 2155 1635 2238 palam
1649 2157 1717 2221 'fiat
1737 2175 1813 2220 eum
1834 2153 1920 2220 nihil
1941 2155 2052 2222 miuus
2072 2177 2171 2239 qnam
2193 2158 2322 2224 lusisse.

356 2261 444 2308 nova
461 2240 634 2324 promissio
651 2260 749 2324 quam
767 2261 856 2307 nunc
875 2241 988 2306 miultis
1005 2249 1079 2324 post
1096 2243 1192 2306 aunis
1213 2251 1335 2325 repeto.
1474 2241 1524 2306 10.
1555 2239 1600 2306 Et
1632 2240 1743 2306 diuisit
1772 2261 1810 2306 eo
1831 2261 1892 2322 per
1923 2242 2068 2307 mediam.
2113 2241 2164 2308 Ne
2193 2264 2257 2327 qua
2291 2265 2363 2326 pars

444 2327 474 2393 8.
501 2326 612 2392 chcea
641 2326 732 2392 Deua
758 2327 794 2391 iu
822 2345 882 2409 quo
910 2346 1096 2411 mustacem.
1145 2326 1336 2394 Absurdum
1385 2326 1483 2392 huius
1506 2327 1659 2392 sacrificii
1680 2336 1790 2393 careat
1812 2328 1984 2412 mysterio,
2007 2327 2202 2394 fabricandis
2226 2329 2362 2414 argutiis

357 2434 430 2480 esse
458 2412 588 2478 videtur
616 2411 702 2496 quod
725 2412 860 2492 Abram,
888 2414 944 2496 qui
977 2413 1116 2496 simplici
1143 2413 1209 2478 Dei
1236 2414 1335 2482 verbo
1387 2412 1528 2479 multum
1556 2412 1713 2478 insudant
1741 2412 1873 2496 quidam
1903 2413 2116 2496 interpretes:
2145 2414 2203 2480 sed
2229 2414 2363 2482 colenda

356 2497 456 2566 fidem
479 2500 573 2581 prius
590 2496 747 2576 habebat,
771 2519 831 2565 nec
853 2499 1077 2581 quaestionem
1099 2499 1202 2564 ullam
1225 2521 1334 2566 move-
1386 2496 1480 2564 nobis
1502 2506 1552 2563 est
1574 2497 1748 2576 sobrietas,
1778 2506 1817 2563 ut
1838 2499 1905 2563 iam
1934 2498 2104 2582 aliquoties
2130 2501 2251 2566 monui.
2299 2501 2363 2567 Cur

355 2585 414 2652 bat
436 2583 476 2649 de
498 2583 766 2667 promissionibus
788 2584 850 2651 sibi
870 2582 963 2664 detis,
991 2606 1078 2652 nnnc
1098 2584 1259 2669 disceptat
1278 2608 1334 2652 ve·
1388 2586 1488 2649 trium
1505 2603 1663 2668 generum
1682 2584 1835 2649 animalia
1852 2591 1984 2668 practer
2005 2605 2083 2652 aves
2105 2607 2234 2652 sumere
2256 2587 2362 2653 iussus

357 2691 475 2737 rumne
497 2670 543 2734 sit
570 2668 654 2753 quod
682 2669 775 2735 audit
800 2691 841 2735 ex
863 2690 920 2736 ore
940 2671 1014 2736 Dei.
1059 2669 1188 2737 Deinde
1216 2693 1333 2755 parum
1387 2669 1505 2754 fuerit,
1527 2690 1581 2734 me
1602 2670 1730 2736 nescire
1750 2669 1864 2748 fateor,
1888 2669 1951 2738 nisi
1974 2678 2011 2734 ut
2033 2671 2105 2754 ipse
2122 2673 2282 2738 varietate
2301 2682 2363 2739 tes·
2482 2665 2483 2724 ἓ

357 2756 493 2822 honoris
519 2754 636 2820 tribuit
656 2755 745 2834 Deo,
779 2756 924 2840 quinon
951 2763 1080 2823 tantum
1108 2756 1256 2840 loquenti
1277 2757 1333 2842 ob-
1388 2763 1496 2822 tatum
1527 2757 1621 2821 fieret
1660 2776 1774 2823 omnes
1806 2757 1917 2822 Abrae
1949 2765 2108 2839 posteros,
2142 2758 2362 2843 cuiuscunque

355 2850 552 2922 murmurat,
575 2840 632 2906 sed
655 2839 787 2907 aliunde
809 2841 1019 2926 sponsionem
1043 2842 1106 2909 sibi
1129 2841 1199 2908 dari
1220 2844 1333 2928 exigit.
1388 2848 1498 2909 essent
1517 2839 1656 2921 ordinis,
1678 2841 1714 2906 in
1736 2841 1931 2909 sacrificium
1953 2842 2135 2909 offerendos
2156 2865 2237 2923 esse,
2265 2853 2303 2910 nt
2324 2866 2362 2910 ex

357 2928 411 2996 Ad
433 2926 515 2994 haee
536 2926 626 2993 unde
647 2924 724 2992 fidei
750 2927 886 2994 scientia
907 2928 970 2994 nisi
992 2949 1034 2994 ex
1063 2927 1184 2995 verbo?
1212 2930 1335 2996 frustra
1387 2936 1455 2993 toto
1477 2925 1612 3012 populo,
1640 2935 1673 2992 et
1694 2927 1835 3012 singulis
1863 2927 2020 3010 partibus,
2043 2929 2238 2996 sacrificium
2263 2952 2363 2996 unum

355 3015 461 3101 igitur
482 3013 623 3093 Abram,
646 3013 723 3079 dum
746 3012 787 3079 ab
808 3035 864 3078 ore
885 3012 952 3078 Dei
973 3035 1038 3081 non
1062 3014 1198 3098 pendet,
1221 3015 1261 3082 de
1280 3016 1333 3081 fn·
1386 3015 1489 3080 fieret.
1535 3011 1622 3079 Sunt
1643 3013 1742 3080 etiam
1764 3013 1873 3098 aliqua
1894 3033 2034 3097 quorum
2056 3014 2218 3082 rationem
2242 3016 2363 3100 siquis

356 3107 432 3168 tura
455 3107 561 3166 terrae
582 3098 786 3182 possessione
807 3100 926 3166 certior
947 3101 1018 3166 fieri
1040 3101 1139 3184 cupit.
1184 3101 1334 3186 Respon-
1388 3100 1516 3166 curiose
1538 3099 1699 3182 exquirat,
1723 3099 1945 3184 ignorantiam
1968 3119 2075 3166 meam
2097 3101 2193 3167 lateri
2215 3122 2283 3168 non
2306 3124 2363 3186 pu·
2472 3135 2475 3147 ⁴

357 3186 434 3267 deo,
457 3186 638 3251 Dominum
664 3184 733 3262 hoo,
754 3185 918 3252 interdum
948 3185 1125 3253 concedere
1153 3186 1228 3254 filiis
1257 3187 1335 3267 suis,
1388 3185 1493 3252 debit:
1513 3185 1590 3268 quia
1607 3206 1666 3269 per
1683 3186 1825 3252 incertas
1844 3185 2083 3269 speculationes
2096 3185 2281 3253 discurrere
2299 3209 2363 3253 non
2483 3253 2484 3268 ,

356 3280 396 3338 ut
411 3271 513 3338 libere
535 3271 689 3337 obiiciant
710 3292 794 3355 quae
819 3271 960 3338 venidnt
976 3272 1010 3337 in
1033 3281 1186 3338 mentem.
1220 3273 1336 3358 Neque
1388 3271 1475 3338 libet.
1520 3271 1624 3336 Porro
1653 3273 1734 3337 haec
1761 3292 1891 3338 summa
1919 3279 1970 3338 est
1991 3269 2077 3358 (meo
2098 3272 2248 3361 iudicio):
2280 3273 2364 3357 quod
2483 3283 2484 3320 ³

357 3359 447 3426 enim
469 3357 550 3424 adeo
571 3357 716 3440 praecise
737 3378 813 3424 cum
835 3357 915 3440 ipsis
937 3357 1014 3442 agit,
1036 3359 1117 3442 quin
1138 3360 1336 3444 patieturne
1387 3357 1492 3424 occidi
1503 3357 1595 3422 Deus
1611 3355 1702 3422 iubet
1719 3357 1882 3436 animalia,
1902 3355 2008 3440 qualis
2027 3359 2137 3424 futura
2148 3361 2192 3424 sit
2209 3359 2364 3426 ecclesiae

357 3445 476 3529 rogari.
507 3444 580 3509 Imo
602 3464 667 3527 qao
690 3443 812 3510 certius
834 3464 1011 3528 persuasus
1040 3452 1110 3511 erat
1132 3445 1242 3512 Deum
1264 3466 1336 3511 esse
1387 3441 1531 3511 conditio
1559 3442 1713 3510 ostendit.
1759 3441 1906 3526 Optabat
1934 3443 2054 3510 certior
2083 3444 2154 3511 fieri
2176 3445 2302 3512 Abram
2325 3445 2363 3511 de

358 3551 520 3610 veracem,
546 3536 580 3596 et
602 3529 672 3597 cius
695 3529 792 3596 verbo
814 3530 920 3614 magis
941 3529 1107 3610 addictus,
1136 3551 1174 3596 eo
1196 3531 1336 3596 familie·
1387 3530 1547 3680 promissa
1569 3536 1677 3595 terrae
1698 3528 1915 3595 haereditate:
1942 3551 2030 3596 nunc
2053 3530 2183 3597 initiam
2211 3551 2231 3595 a
2259 3539 2364 3597 morte

358 3618 429 3684 rius
446 3636 543 3684 curas
562 3635 638 3681 suas
659 3615 695 3680 in
713 3616 783 3682 eius
800 3616 908 3682 sinum
931 3625 1098 3682 exonerat.
1135 3615 1230 3683 Adde
1251 3615 1338 3700 quod
1402 3637 1459 3681 ore
1477 3613 1624 3682 docetur:
1643 3614 1706 3681 hoc
1725 3621 1784 3696 est,
1803 3613 1865 3681 sibi
1884 3623 1917 3681 et
1933 3616 2002 3682 suis
2022 3616 2114 3700 prius
2137 3637 2208 3683 esee
2226 3617 2364 3683 morien·

359 3704 490 3788 longior
511 3722 603 3767 mora
624 3720 692 3766 non
713 3721 855 3785 parvum
884 3709 955 3768 erat
984 3701 1197 3769 obstaculum.
1242 3704 1338 3769 Post·
1388 3700 1467 3767 dum
1506 3721 1604 3784 quam
1644 3709 1681 3765 ut
1718 3700 1874 3766 fruantur
1912 3709 2018 3767 terrae
2057 3701 2211 3768 dominio.
2269 3702 2364 3782 Quod

359 3810 458 3874 quam
488 3808 610 3872 magna
638 3788 727 3853 vitae
755 3796 848 3870 parte
880 3808 1075 3871 suspensum
1103 3789 1210 3856 tenuit
1234 3787 1338 3869 Deus,
1389 3795 1533 3856 mactata
1565 3785 1721 3853 animalia
1743 3786 1779 3850 in
1807 3796 1918 3870 partes
1944 3786 2049 3853 secari
2078 3788 2182 3869 iubet,
2210 3787 2365 3856 credibile

361 3894 451 3940 nunc
481 3874 573 3939 senio
607 3873 792 3940 coniectum
824 3879 857 3939 ct
888 3873 973 3940 nihil
1007 3894 1105 3958 quam
1138 3881 1277 3940 mortem
1306 3881 1340 3940 et
1391 3881 1440 3939 est
1462 3873 1552 3940 hunc
1573 3879 1741 3938 vetustum
1764 3871 1865 3938 fuisse
1886 3872 1987 3939 ritum
2008 3873 2043 3939 iu
2071 3872 2260 3940 foederibus
2284 3896 2366 3958 pau·

363 3959 573 4044 sepulchrum
595 3967 671 4024 ante
699 3959 810 4026 oculos
840 3959 1032 4040 habentem,
1062 3959 1102 4026 de
1123 3961 1252 4045 integro
1274 3969 1339 4027 ter·
1391 3958 1522 4060 gaudis,
1551 3958 1607 4042 qui
1635 3956 1753 4024 deinde
1775 3958 1816 4024 ad
1843 3966 1958 4043 gentes
1979 3980 2106 4043 quoque
2126 3961 2273 4041 transiit,
2296 3962 2367 4028 sive

363 4067 420 4112 rae
442 4044 611 4110 dominum
634 4045 703 4111 fore
724 4045 930 4130 pronunciat.
974 4045 1089 4129 Neque
1110 4053 1220 4112 tamen
1243 4068 1340 4131 prop·
1390 4043 1536 4110 meunda
1546 4052 1632 4111 esset
1650 4043 1759 4128 aliqua
1768 4045 1914 4123 comeus,
1933 4045 2002 4110 sive
2019 4046 2183 4112 exercitus
2194 4045 2367 4113 lustrandi.

363 4141 414 4198 ter
437 4131 662 4197 difficultatem
684 4132 812 4216 respuit
831 4131 917 4215 quod
947 4130 1052 4196 videri
1081 4139 1211 4214 poterat
1233 4133 1340 4200 incre·
1391 4131 1591 4197 'transibant
1617 4138 1729 4196 autem
1751 4151 1810 4215 per
1831 4129 1955 4197 medias
1982 4139 2109 4214 partes,
2138 4131 2192 4200 vel
2214 4133 2294 4198 socii
2317 4131 2368 4198 vel

364 4217 478 4288 dibile:
508 4216 622 4282 sedin
644 4215 790 4283 medium
819 4216 1032 4301 profertque
1058 4218 1222 4284 anxietate
1251 4219 1341 4284 intus
1392 4216 1530 4295 milites,
1559 4226 1597 4282 ut
1625 4216 1773 4283 sauctms
1801 4216 1837 4281 in
1867 4237 1970 4282 unum
1999 4237 2117 4301 corpus
2149 4218 2369 4284 coalescerent

363 4311 544 4388 prematur.
589 4306 699 4386 Atque
721 4303 783 4370 hoc
805 4300 882 4367 fidei
911 4303 1020 4387 potius
1046 4305 1269 4370 testimonium
1292 4311 1342 4370 est
1392 4302 1551 4370 sacrificio
1574 4301 1681 4367 simul
1713 4302 1841 4369 inclusi.
1886 4299 2016 4369 Iudaeis
2048 4301 2179 4386 quidem
2211 4305 2369 4372 usitatum

364 4410 462 4474 quam
485 4388 725 4456 incredulitatis
747 4389 890 4474 signum,
913 4389 998 4472 quod
1020 4389 1130 4454 Deum
1152 4390 1341 4475 interrogat.
1392 4389 1494 4456 fuisse
1523 4387 1613 4453 hunc
1641 4408 1765 4454 morem
1793 4395 1934 4454 testatur
1961 4387 2120 4454 Ieremias
2141 4411 2212 4473 cap.
2235 4391 2286 4469 34,
2312 4390 2369 4455 18:

363 4476 465 4558 Impii
486 4476 563 4559 qnia
584 4475 722 4542 diversis
751 4474 1001 4560 cogitationibus
1022 4475 1198 4560 implicitos
1219 4475 1344 4543 habent
1393 4475 1450 4542 ubi
1472 4475 1582 4540 Deum
1603 4473 1651 4541 ita
1672 4472 1859 4556 loquentem
1886 4473 2027 4540 inducit:
2051 4472 2231 4540 Violarunt
2254 4476 2370 4541 foedus

365 4563 506 4640 animos,
540 4561 772 4644 promissiones
804 4560 896 4626 nullo
928 4561 1025 4628 modo
1063 4561 1256 4628 admittunt:
1297 4562 1344 4647 pii
1393 4583 1504 4628 meum
1527 4581 1626 4644 quum
1650 4559 1791 4625 vitulum
1813 4559 2013 4626 conciderint
2034 4560 2071 4625 in
2093 4560 2175 4628 duas
2198 4569 2316 4645 partes,
2339 4567 2371 4627 et

365 4669 444 4715 vero
466 4647 522 4731 qui
545 4647 691 4712 cendunt
712 4648 746 4712 in
774 4668 872 4713 earne
900 4667 961 4713 sua
988 4646 1237 4730 impedimenta,
1265 4649 1343 4715 sub·
1395 4647 1587 4714 transierint
1607 4646 1694 4711 inter
1716 4645 1892 4712 divisiones
1914 4646 1983 4712 eius
2006 4653 2074 4713 tam
2100 4647 2263 4731 pnndpes
2283 4646 2371 4712 Inda

367 4744 517 4813 movent,
551 4755 592 4800 ne
625 4733 714 4798 viam
746 4732 919 4799 obstruant
948 4733 1050 4800 verbo
1072 4734 1151 4799 Dei:
1186 4742 1220 4799 et
1252 4735 1343 4801 vitiis
1416 4753 1491 4800 uam
1519 4751 1668 4816 proceres
1689 4730 1886 4812 Ierusalem,
1906 4739 1941 4797 et
1969 4739 2056 4797 totus
2085 4733 2226 4816 populus
2253 4741 2371 4799 terrae.

367 4841 507 4904 quorum
529 4819 590 4886 sibi
613 4819 733 4886 conscii
755 4826 834 4884 sunt
855 4817 1035 4884 remedium
1063 4826 1233 4903 quaerunt.
1276 4820 1345 4886 No·
1395 4755 1592 4902 Quanquam
1622 4817 1770 4901 specialis
1800 4818 1854 4883 hio
1881 4816 1964 4882 mihi
1992 4816 2125 4884 videtur
2152 4819 2252 4886 fuisso
2274 4819 2371 4900 ratio,

369 4905 506 4992 tandum
535 4913 662 4984 tamen,
696 4903 853 4990 speciales
883 4905 983 4972 luisse
1012 4905 1137 4989 aliquos
1166 4906 1201 4970 in
1222 4907 1347 4973 sanctis
1395 4903 1480 4990 quod
1519 4902 1641 4970 scilicet
1682 4901 1888 4970 admonuerit
1921 4901 2085 4969 Dominus
2123 4925 2229 4988 genus
2260 4903 2372 4970 Abrae

368 5001 486 5070 motus,
508 5011 588 5074 quos
610 5012 698 5058 nunc
719 4993 755 5060 in
776 4989 962 5075 exemplum
985 4990 1116 5058 trahere
1136 5013 1201 5057 non
1223 4992 1345 5060 liceret.
1396 5013 1462 5057 non
1502 4997 1632 5057 tantum
1672 4989 1779 5056 simile
1815 4989 1885 5057 iore
1924 4997 2056 5055 mortuo
2096 4988 2263 5070 cadaveri,
2314 4987 2372 5056 aed

367 5077 484 5160 Neque
501 5077 590 5142 enim
607 5079 683 5160 quia
699 5077 860 5144 Ezechias
877 5089 910 5142 et
929 5075 1065 5144 Gedeou
1082 5085 1172 5144 certa
1189 5078 1348 5146 miracula
1396 5078 1496 5143 etiam
1528 5077 1635 5143 lacero
1667 5084 1700 5142 et
1733 5075 1880 5142 dissecto.
1934 5075 2078 5142 Gravior
2109 5077 2199 5143 enim
2231 5075 2373 5161 simplici

368 5163 586 5248 postularunt,
608 5161 696 5230 idem
717 5163 810 5230 nobis
832 5161 929 5228 hodie
951 5162 1145 5229 tentandum
1167 5173 1231 5231 est:
1255 5164 1348 5231 auffi·
1397 5170 1500 5230 morte
1523 5162 1585 5228 fuit
1613 5162 1769 5246 servitus,
1800 5183 1866 5245 qua
1887 5162 1929 5228 ad
1950 5169 2080 5244 tempus
2108 5163 2255 5248 oppressi
2275 5170 2373 5228 sunt:

369 5249 434 5314 ciat
454 5249 735 5316 confirmationem
758 5256 877 5332 petere,
899 5269 996 5332 quam
1015 5249 1178 5316 Dominus
1198 5251 1270 5334 ipse
1286 5270 1346 5318 suc
1397 5251 1472 5334 qaia
1494 5256 1604 5315 tamen
1632 5249 1768 5315 offertur
1789 5247 1862 5314 Dec
1889 5247 2099 5328 sacrificium,
2129 5269 2219 5316 mors
2242 5248 2373 5332 ipsein

368 5333 505 5400 arbitrio
527 5333 710 5420 eligendam
731 5335 903 5403 censuerit.
1397 5355 1519 5403 novam
1541 5334 1644 5401 vitam
1666 5333 1777 5401 statim
1798 5335 2010 5402 convertitur.
2054 5335 2165 5418 Atque
2186 5334 2250 5401 buc
2267 5333 2376 5417 perti·
