4988 6192
356 406 425 474 395
1013 400 1457 473 comitatulum
1484 401 1698 470 oausam.
2289 399 2347 466 396

360 594 607 662 transmitteret.
652 591 742 675 Ergo
759 597 1008 656 monumentum
1024 590 1172 690 erigena,
1195 611 1331 656 nomen·
1382 589 1498 674 Neque
1526 591 1615 658 enim
1641 589 1753 656 statim
1782 588 1923 656 obtinuit
1943 590 2006 657 hoo
2033 590 2096 659 looi
2124 611 2244 657 nomen
2266 592 2348 675 quod

359 701 426 765 qus
446 680 516 746 loeo
533 679 719 761 imponens,
749 674 886 760 dignum
912 695 984 741 esse
1005 677 1169 760 signifieat
1190 683 1258 742 tam
1279 675 1331 740 in·
1382 675 1478 745 Iaoob
1510 677 1718 760 imposuerat,
1751 674 1809 742 sed
1839 674 1897 741 diu
1934 676 2097 760 sepultum
2136 676 2248 743 latuit:
2289 678 2349 745 imo
2482 735 2483 750 2

359 768 454 850 signe
471 764 536 831 Dei
563 763 756 830 benefieium
785 759 869 844 quod
899 761 1038 828 saeoulis
1067 760 1218 828 omnibus
1247 761 1331 829 eolo·
1405 781 1483 828 uum
1516 772 1628 845 postea
1655 761 1723 827 illie
1749 759 1916 828 eonditum
1945 769 2032 828 esset
2057 761 2229 846 oppidum,
2262 763 2350 829 nulla

361 852 483 919 beetur.
516 848 597 915 Ideo
614 847 778 932 seriptum
800 868 866 911 non
887 855 1018 912 tantum
1035 846 1147 914 fideles
1169 848 1259 914 iubet
1279 866 1332 913 oa-
1438 854 1472 913 ta
1489 856 1540 912 est
1556 847 1680 914 mentio
1698 845 1825 926 Bethel,
1849 867 1887 914 ao
1904 847 1933 912 ei
1954 868 2124 931 nunquam
2146 847 2222 914 illao
2243 855 2350 916 ιιιιιι-

360 958 440 1004 nere
451 938 521 1002 Deo
538 933 671 1001 laudem
687 935 774 998 inter
794 953 870 998 suos
887 933 1047 1015 aequales,
1071 932 1128 999 sed
1151 932 1215 1000 illis
1233 933 1333 999 etiam
1384 932 1478 998 iisset
1498 931 1606 999 Iaeob.
1641 932 1755 1016 Neque
1771 931 1859 998 enim
1881 930 2028 999 seiebant
2045 933 2171 1000 inuolae
2187 933 2267 1016 quid
2289 934 2351 1002 illio

360 1023 517 1109 praeeipit
530 1028 567 1087 at
583 1019 668 1086 filios
686 1018 727 1084 ad
744 1018 852 1084 offitia
868 1019 998 1101 pietatis
1011 1018 1173 1098 erudiant,
1191 1019 1333 1086 uultum·
1385 1027 1515 1102 gestum
1542 1025 1642 1084 esset:
1671 1039 1731 1084 suo
1757 1015 1859 1102 igitur
1887 1017 2021 1084 arbitrio
2047 1028 2209 1086 vorarunt
2239 1017 2352 1086 urbem
2482 1071 2483 1074 ,

358 1131 424 1195 que
442 1107 508 1173 Dei
528 1115 709 1191 promont
731 1103 771 1169 ad
794 1112 938 1187 nepotes·
1386 1103 1474 1170 Lus:
1496 1124 1579 1187 quae
1596 1123 1716 1170 nomen
1737 1102 1799 1170 hoo
1820 1103 2076 1202 retinuitusque
2097 1104 2353 1172 dumIsraelitae
2482 1107 2483 1140 ¹

448 1193 494 1260 st
509 1192 616 1275 possit
633 1211 703 1256 mm
721 1189 758 1255 iu
778 1195 923 1256 smitam.
962 1189 1039 1256 Non
1056 1189 1335 1276 intelligithloaes
1386 1198 1542 1272 oooupata
1563 1197 1659 1268 terra,
1682 1188 1775 1273 quasi
1795 1188 1995 1274 postliminio
2015 1190 2107 1275 prins
2127 1211 2249 1257 nomen
2271 1189 2353 1273 quod

358 1287 472 1348 aetum
496 1299 567 1345 esse
594 1298 635 1343 ex
660 1273 766 1359 lapide
795 1274 935 1356 idolum,
969 1275 1024 1341 sed
1053 1283 1091 1341 ut
1118 1275 1255 1344 visionis
1283 1275 1335 1340 in·
1387 1274 1545 1341 abolitum
1577 1275 1701 1353 fuerat,
1734 1275 1771 1340 in
1806 1293 2011 1341 eommunem
2051 1297 2148 1342 usum
2184 1284 2353 1344 vooarunt.
2482 1289 2483 1308 ¹

361 1366 456 1452 signe
472 1365 652 1446 parisienses
668 1362 759 1427 foret.
793 1359 907 1426 Utitur
920 1361 1056 1443 'quidem
1068 1362 1159 1428 Deus
1178 1360 1239 1427 hae
1257 1381 1335 1428 vooe
1387 1358 1576 1427 Notandum
1587 1368 1697 1426 autern
1709 1359 1856 1444 estquod
1867 1380 1968 1445 quum
1986 1362 2108 1445 posteri
2125 1361 2227 1428 stulta
2245 1381 2355 1428 aemu-

360 1465 461 1521 mro,
493 1470 596 1534 quum
625 1456 751 1514 statuas
776 1445 839 1512 sibi
866 1446 948 1530 erigi
976 1454 1075 1524 vetat,
1107 1447 1216 1512 Lavit.
1239 1445 1334 1525 26,1
1387 1445 1508 1512 latione
1519 1445 1628 1512 Deum
1638 1444 1784 1512 colerent
1794 1445 1829 1510 in
1841 1445 1969 1528 Bethel,
1985 1447 2062 1530 quia
2072 1446 2106 1512 id
2116 1448 2217 1514 fiebat
2227 1455 2355 1530 praeter
2482 1503 2483 1530 2

361 1539 440 1622 quia
461 1535 503 1601 ad
521 1533 764 1601 venerationem
781 1531 849 1598 fere
865 1531 1058 1615 prostabant
1075 1552 1189 1599 omnes
1206 1540 1336 1598 statuas
1387 1530 1452 1596 Dei
1474 1530 1675 1611 mandatum,
1696 1551 1810 1600 severe
1827 1532 1863 1596 in
1879 1531 1973 1597 illum
1991 1533 2116 1598 onltum
2138 1533 2265 1600 inveoti
2281 1540 2356 1600 sunt

363 1645 402 1690 ao
422 1623 451 1688 ei
469 1620 533 1687 Dei
554 1628 663 1686 essent
684 1617 860 1702 imagines:
894 1616 952 1683 sed
974 1616 1063 1682 aliud
1081 1619 1144 1683 fuit
1165 1617 1336 1684 eonsilium
1387 1616 1573 1700 prophetae,
1596 1625 1634 1683 ut
1654 1617 1761 1683 losum
1783 1617 1992 1682 nominarent
2012 1617 2195 1698 Bethaven,
2218 1617 2282 1684 hoo
2303 1626 2356 1698 est,

362 1710 477 1788 Iaoob,
504 1726 622 1789 nempe
649 1711 687 1769 ut
716 1703 941 1770 testimonium
969 1703 1168 1787 relinqueret
1202 1703 1336 1770 visionis
1389 1701 1522 1792 domum
1543 1702 1735 1786 iniquitatis.
1777 1701 1874 1769 Unde
1901 1702 2102 1786 subigimus,
2129 1724 2227 1787 quam
2249 1712 2358 1770 tutum

362 1794 427 1862 sibi
450 1791 633 1870 exhibitae,
665 1809 733 1855 non
761 1797 872 1854 autem
901 1797 940 1854 ut
961 1788 1071 1854 Deum
1102 1787 1251 1874 symbolo
1279 1789 1336 1855 illo
1389 1807 1456 1854 non
1488 1789 1532 1854 sit
1563 1788 1662 1853 inniti
1694 1798 1825 1871 patrum
1857 1789 2016 1872 exemplis
2047 1789 2119 1856 aine
2150 1789 2215 1856 Dei
2247 1791 2357 1857 verbo.

307 1951 312 1958 ,
363 1881 416 1948 vel
434 1881 540 1963 figura
559 1881 828 1960 repraesentaret.
872 1873 1047 1958 Non-ergo
1069 1875 1192 1957 positus
1213 1874 1276 1940 fuit
1296 1874 1337 1941 ab
1389 1873 1581 1940 Cavendum
1614 1893 1692 1957 ergo
1723 1893 1944 1957 summopere,
1977 1873 2034 1941 ubi
2061 1874 2171 1958 egitur
2199 1874 2241 1941 de
2269 1874 2358 1942 uultu

363 1987 403 2034 eo
421 1964 513 2049 lapis,
542 1963 632 2028 utin
655 1981 799 2028 orassem
821 1958 965 2042 aliquam
987 1959 1252 2042 superstitionem
1281 1957 1337 2025 de·
1389 1960 1469 2040 Dei,
1498 1981 1541 2024 ne
1569 1960 1605 2024 in
1631 1959 1738 2043 legem
1759 1957 1912 2024 trahatur
1932 1958 2018 2058 quod
2039 1959 2080 2026 ab
2102 1959 2294 2028 hominibus
2314 1981 2359 2028 se-

363 2051 522 2136 primsret
545 2047 715 2112 hominum
745 2053 888 2122 mentes,
919 2043 977 2110 sed
998 2045 1109 2128 potius
1138 2053 1177 2110 ut
1204 2063 1349 2112 sursum.
1389 2045 1454 2110 mel
1484 2044 1607 2110 laetum
1639 2052 1705 2111 est:
1740 2043 1798 2110 sed
1835 2044 2026 2111 inflexibilis
2063 2053 2197 2112 maneat
2233 2045 2360 2132 regula,

364 2139 513 2222 erigeret.
557 2130 678 2199 Oleum
703 2129 855 2196 adhibuit
882 2130 975 2213 quasi
996 2130 1249 2197 oonseoretiouis
1271 2131 1338 2216 eig—
1389 2149 1487 2213 quam
1504 2127 1597 2196 Deus
1618 2129 1689 2213 ipse
1712 2129 1810 2197 verbo
1827 2149 1887 2196 auo
1907 2131 2126 2215 praeseripsit.

362 2243 458 2290 uum:
480 2237 586 2303 neque
605 2216 781 2294 immerito,
810 2235 888 2280 nam
914 2235 1016 2298 quum
1044 2215 1079 2281 in
1107 2215 1232 2282 mundo
1253 2214 1339 2282 nihil
1474 2215 1526 2281 20.
1553 2214 1598 2280 Et
1624 2214 1705 2281 uouit
1731 2214 1867 2282 Iahaeob
1892 2220 2005 2282 edum.
2049 2217 2128 2282 Voti
2156 2216 2257 2284 huius
2286 2216 2361 2283 linis

361 2305 499 2376 sitnisi
530 2304 703 2389 profanum
734 2301 856 2384 absque
887 2299 1006 2385 spiritu
1038 2301 1119 2380 Dei,
1159 2301 1250 2368 nulla
1288 2307 1338 2368 est
1388 2301 1460 2381 fnit,
1481 2308 1519 2366 ut
1535 2320 1571 2367 se
1592 2309 1723 2385 gratum
1740 2309 1775 2366 et
1795 2320 1974 2366 memorem
1995 2300 2182 2368 ostenderet
2202 2301 2362 2384 Iaoob,si

362 2394 463 2460 etiam
482 2410 565 2475 pura
582 2389 705 2473 religio,
727 2387 790 2452 nisi
810 2406 906 2470 quam
924 2385 1072 2454 eoelestis
1090 2386 1200 2453 uuotio
1217 2387 1338 2454 saneti·
1388 2384 1500 2452 Deum
1531 2393 1685 2469 expertus
1717 2395 1804 2452 esset
1836 2387 2028 2454 benefieum.
2079 2385 2136 2454 Sio
2162 2387 2302 2471 paeifiea
2328 2389 2362 2454 in

362 2482 447 2547 fioat.
492 2479 602 2560 Atque
619 2474 684 2540 huo
705 2469 865 2556 speetavit
893 2471 1038 2538 solennis
1064 2472 1274 2540 oonseorsndi
1296 2472 1340 2538 ri-
1389 2471 1462 2556 legs
1483 2471 1681 2550 offerebant,
1714 2469 1756 2537 ad
1782 2471 1965 2538 testandam
1992 2491 2089 2539 suam
2115 2471 2361 2558 gratitudinem.

364 2573 427 2644 tus,
449 2582 546 2647 quem
564 2562 656 2627 Deus
676 2558 713 2624 iu
733 2557 806 2644 lege
827 2579 888 2624 sua
908 2557 1089 2641 praeoepit,
1118 2568 1156 2624 ut
1177 2557 1339 2624 disoerent
1390 2556 1504 2640 Quum
1526 2567 1635 2624 autem
1656 2557 1836 2641 gratiarum
1857 2557 1942 2623 aetio
1962 2557 2159 2626 eaemfioium
2181 2560 2225 2624 sit
2246 2559 2362 2643 optimi

363 2649 477 2718 fideles
495 2646 578 2713 nihil
600 2666 696 2713 suum
717 2644 848 2721 inferre,
879 2664 922 2709 ne
943 2643 1104 2726 templum
1127 2664 1164 2710 se
1185 2644 1248 2709 Dei
1271 2643 1340 2710 eul·
1390 2641 1514 2720 odoris,
1554 2663 1638 2726 quae
1670 2643 1735 2708 huo
1767 2642 1957 2726 speotabant
1988 2651 2068 2710 vota
2101 2645 2266 2711 Dominus
2301 2643 2361 2711 sibi

364 2744 436 2802 tum
453 2733 646 2818 polluerent.
696 2729 771 2795 Etsi
796 2735 908 2794 autem
936 2729 1027 2795 nulla
1055 2728 1162 2795 adhue
1193 2736 1340 2813 tempore
1390 2728 1519 2812 plaeere
1540 2728 1690 2796 ostendit.
1728 2727 1846 2812 Itaque
1868 2729 1933 2795 hue
1954 2750 2082 2814 quoque
2098 2728 2194 2797 nobis
2214 2739 2362 2816 spontan-

363 2821 461 2889 Iaoob
478 2817 582 2884 literis
603 2813 725 2881 tradita
746 2821 818 2881 erat
839 2813 996 2895 dootrina,
1017 2823 1143 2881 eertum
1162 2821 1273 2881 tamen
1291 2821 1341 2880 est
1392 2814 1471 2880 dum
1492 2822 1558 2893 est,
1585 2814 1642 2881 ubi
1664 2813 1833 2897 quaeritur
1853 2813 2009 2897 quidnam
2030 2822 2065 2881 et
2085 2814 2246 2899 quomodo
2268 2815 2363 2884 lineat

364 2908 421 2974 illo
438 2903 570 2990 pietatis
591 2900 753 2985 prinoipio
773 2900 874 2965 fuisse
895 2900 1060 2965 imbutum
1081 2898 1168 2983 quod
1185 2899 1278 2968 Deus
1299 2899 1339 2967 ab
1391 2898 1467 2965 Deo
1489 2919 1618 2967 vovere.
1653 2900 1765 2965 Nimia
1781 2900 1870 2965 enim
1887 2906 1939 2967 est
1958 2900 2164 2984 quorundam
2181 2902 2362 2979 morositas,

364 2994 460 3059 initio
477 2991 606 3074 piorum
627 2985 779 3054 eordibus
799 2983 928 3051 indidit.
970 2984 1082 3067 Quare
1111 3005 1178 3072 non
1206 2993 1259 3052 est
1284 3006 1339 3052 su·
1391 2985 1505 3068 quiin
1527 2993 1632 3051 totum
1660 2984 1818 3051 damnare
1846 2993 1925 3052 vota
1946 2985 2076 3054 malunt
2103 3007 2202 3070 quam
2228 2988 2362 3054 ianuam

364 3075 551 3163 perstitioni
573 3070 783 3140 tribuendum
810 3069 896 3153 quod
930 3070 1038 3137 oleum
1070 3091 1169 3154 super
1198 3070 1341 3155 lapidem
1392 3071 1519 3154 aperire
1557 3071 1854 3156 superstitionibus.
1879 3125 1886 3138 .
1911 3073 2014 3156 Atqui
2052 3073 2080 3138 ei
2119 3093 2278 3158 perversa
2316 3081 2365 3140 est

366 3161 499 3230 effudit:
524 3159 603 3244 quin
619 3157 730 3243 potius
752 3163 890 3222 testatus
912 3155 1070 3240 estquod
1097 3156 1183 3237 dixi,
1212 3158 1340 3223 nullum
1391 3176 1504 3222 eorum
1526 3157 1711 3236 temeritas,
1733 3157 1882 3242 quisine
1904 3156 2032 3226 deleotu
2053 3166 2132 3224 vota
2151 3159 2364 3243 profundunt,
2482 3207 2483 3222 .

365 3251 438 3317 sins
454 3245 710 3314 sanabilioatione
731 3243 866 3327 spiritus
887 3242 1016 3326 plaeere
1037 3242 1162 3310 oultum
1181 3243 1264 3323 Deo,
1285 3242 1341 3310 vel
1393 3240 1574 3310 osveudum
1604 3251 1655 3309 est
1685 3262 1729 3308 ne
1759 3242 1861 3310 simus
1892 3242 1959 3310 illis
1996 3243 2121 3310 similes
2149 3243 2186 3310 in
2225 3243 2366 3312 adversa

366 3354 488 3420 purum
509 3351 589 3398 esse.
630 3328 698 3396 Alii
719 3326 870 3394 subtilius
891 3327 1174 3413 philosophantur,
1197 3327 1341 3413 lapidem
1416 3335 1503 3407 arte,
1534 3334 1612 3394 vota
1642 3327 1753 3394 omnia
1782 3328 1965 3412 promiseue
1996 3328 2148 3396 tollendo.
2192 3329 2297 3398 Porro
2327 3337 2364 3396 ut

365 3419 552 3506 symbolum
570 3415 671 3482 fuisse
689 3412 825 3492 Ohristi,
853 3413 888 3478 in
910 3434 1007 3498 quem
1028 3415 1151 3481 effusae
1172 3422 1250 3480 sunt
1271 3434 1341 3480 om·
1392 3349 1415 3479 i

365 3527 425 3574 nes
445 3501 729 3656 spiritggdgratius,
751 3506 790 3565 ut
810 3498 851 3650 ‹11OE
872 3499 943 3600 eius
962 3497 1170 3651 ξιιῗιιιιὲιιιιο
1186 3499 1343 3652 hatturitaaaig
1393 3509 1443 3568 est
1463 3504 1502 3650 ott
1521 3498 1638 3650 ltlerstiut
1657 3500 1692 3566 in
1714 3500 1979 3653 neotumodflnem:
2005 3501 2122 3652 dtiiJnde
2143 3501 2287 3654 nebquid
2308 3523 2365 3571 vo·

366 3611 490 3761 iusti
510 3675 547 3740 s
568 3606 728 3771 meliis?
747 3604 990 3737 “haitais
1010 3604 1099 3756 iiie
1119 3606 1341 3757 {ilintate
1392 3604 1480 3755 {tta
1509 3605 2029 3740 rrtmttet¹thm¹ff⁶tt
2057 3607 2214 3741 titt.
2231 3594 2366 3742 h‘trii

367 3770 512 3829 ereetum
532 3759 633 3825 fuisse
649 3755 809 3841 laprdem,
837 3763 875 3822 ut
901 3757 996 3822 testis
1024 3766 1112 3823 esset
1139 3757 1191 3825 vel
1219 3778 1342 3824 memo·
1393 3756 1543 3841 singulae
1560 3756 1658 3823 huius
1675 3757 1878 3841 voti-partes,
1895 3758 2081 3826 videbimus
2098 3769 2249 3826 assotum
2267 3759 2366 3828 Iasob

366 3848 448 3916 riale
469 3845 521 3932 (ut
537 3841 729 3930 loquuntur)
758 3841 828 3908 eius
850 3840 1001 3920 visionis,
1026 3843 1118 3910 ouius
1147 3843 1271 3910 utilitas
1299 3843 1341 3908 ad
1392 3843 1439 3908 ita
1460 3840 1522 3908 eibi
1544 3843 1749 3910 moderatum
1771 3864 1857 3924 esse,
1886 3853 1924 3909 ut
1944 3844 2062 3910 horum
2084 3865 2168 3929 quae
2189 3844 2260 3912 dixi
2281 3846 2365 3912 nibil

366 3954 479 4001 omnes
516 3937 640 3997 aetates
673 3921 825 4013 pertinet.
887 3926 1069 4009 Quaeritur
1106 3927 1194 3994 unde
1231 3928 1340 3995 oleum
1392 3927 1565 3995 omitteret
1609 3929 1722 3996 Primo
1743 3929 1827 3995 nihil
1849 3929 1937 3996 aliud
1956 3933 1992 3995 in
2014 3930 2124 3998 animo
2144 3931 2246 3997 habet
2265 3952 2366 4017 quam

366 4027 478 4087 saneto
499 4017 572 4084 viro
595 4016 633 4081 in
661 4012 844 4081 solitudine.
885 4011 954 4095 Qui
981 4011 1178 4096 respondent
1199 4012 1241 4079 ab
1261 4012 1342 4081 urbe
1453 4012 1626 4081 titudinem
1656 4035 1748 4082 suam
1777 4016 1900 4082 testari
1952 4014 2083 4082 Deinde
2111 4014 2152 4082 ad
2180 4017 2365 4102 legitimum

365 4106 476 4172 vieina
492 4103 593 4169 fuisse
615 4107 771 4183 emptum,
792 4099 898 4182 longe,
920 4119 992 4164 meo
1013 4097 1149 4181 iudioio,
1171 4100 1340 4167 falluntur.
1426 4100 1456 4165 ei
1472 4101 1597 4166 oultum
1619 4100 1788 4185 restringit
1806 4100 1965 4186 quidquid
1980 4102 2127 4169 lauturus
2144 4110 2205 4170 est
2241 4103 2363 4184 Tertio,

1407 3413 1578 3498 egitimm
1599 3413 1643 3480 sit
1663 3421 1779 3481 votum
1796 3433 1835 3480 ao
1850 3413 1925 3482 Deo
1945 3415 2083 3498 plaoeat,
2104 3417 2212 3500 primo
2232 3435 2365 3484 neeewe
2482 3405 2483 3448 l

364 4192 477 4260 Iroous
497 4188 585 4254 enim
601 4193 680 4252 tuno
700 4205 824 4252 vaouus
844 4183 959 4251 ineolis
978 4184 1050 4262 fnit,
1072 4193 1109 4251 ut
1131 4206 1207 4252 mox
1224 4185 1340 4252 dioam.
1392 4205 1458 4251 non
1475 4184 1614 4270 superbe
1635 4186 1795 4270 promittit
1817 4207 1919 4270 supra
1934 4207 2033 4272 quam
2051 4187 2133 4253 data
2145 4195 2196 4253 est
2216 4189 2363 4267 leonitas,
2482 4187 2483 4212 ¹

365 4279 440 4362 Ego
467 4295 546 4342 vero
567 4273 679 4356 potius
700 4270 853 4347 ooniioio,
881 4289 941 4353 pro
963 4270 1118 4354 temporis
1137 4272 1340 4351 neeessitate,
1392 4270 1450 4338 sed
1471 4271 1612 4338 deoimas
1633 4292 1766 4338 suorum
1788 4271 1944 4338 bonorum
1962 4273 1997 4338 in
2019 4293 2146 4340 saomm
2167 4275 2364 4342 oblationem

316 4405 331 4444 q
366 4360 530 4447 quodnon
549 4378 679 4441 semper
694 4364 904 4423 ooourrerent
921 4355 1071 4439 hospitia,
1090 4377 1199 4424 seeum
1217 4357 1339 4440 ahquid
1392 4357 1543 4423 destinat.
1580 4356 1692 4440 Quare
1708 4357 1803 4423 iaoile
1820 4358 1982 4424 refellitur
2002 4361 2207 4444 papistarum
2229 4361 2364 4440 iustitia,

365 4449 482 4516 tulisse
493 4443 614 4511 viatioi.
650 4443 752 4509 Porro
774 4441 851 4525 quia
871 4440 973 4507 soitnr
993 4441 1198 4525 frequentem
1218 4443 1255 4510 in
1275 4443 1341 4510 illis
1392 4443 1449 4526 qui
1469 4449 1507 4508 ut
1527 4444 1694 4509 oonlueam
1722 4450 1872 4510 votorum
1899 4464 2034 4510 suorum
2061 4445 2262 4531 iarmginem
2285 4465 2363 4530 pro·

365 4531 514 4620 partibus
530 4529 595 4596 olei
615 4549 715 4595 usum
735 4529 845 4608 luisse,
868 4526 953 4592 nihil
974 4527 1095 4594 mirum
1117 4528 1147 4594 si
1168 4528 1231 4594 olei
1252 4528 1340 4614 lage·
1392 4528 1485 4608 bant,
1518 4549 1621 4595 unum
1649 4527 1705 4594 vel
1732 4528 1873 4595 alterum
1898 4539 2013 4598 votum
2040 4530 2148 4597 sobrie
2169 4541 2364 4617 oonoeptum

365 4620 480 4687 nulam
501 4636 576 4683 oum
597 4634 681 4697 pane
701 4611 889 4697 gestaverit.
1392 4615 1567 4697 arripiunt:
1606 4635 1707 4698 quum
1746 4615 1878 4681 interim
1916 4635 2029 4681 eorum
2066 4616 2201 4684 lieentia
2235 4619 2363 4684 nullum

456 4703 505 4769 19.
527 4699 712 4767 noeoeane
732 4718 843 4766 mmet
863 4697 922 4764 loci
942 4697 1046 4780 aare
1065 4697 1184 4766 Rutu.
1215 4697 1340 4767 Absur·
1391 4698 1525 4766 modum
1545 4708 1666 4779 teneat,
1688 4697 1843 4783 quidquid
1863 4702 1898 4766 iu
1915 4700 2051 4767 buoeam
2070 4703 2177 4781 venit,
2198 4703 2282 4770 nihil
2299 4725 2363 4786 pu·

366 4791 445 4858 dum
466 4807 538 4854 esse
558 4784 700 4863 videtur,
722 4783 810 4870 quod
831 4783 938 4850 Moses
956 4782 1070 4850 urbem
1085 4783 1109 4872 ¹)
1129 4785 1231 4852 fuisse
1252 4806 1340 4853 oom-
1392 4785 1448 4852 det
1476 4806 1530 4852 eos
1557 4786 1630 4852 Deo
1655 4783 1845 4852 obtrudere:
1877 4784 1933 4851 hio
1961 4787 2022 4853 sibi
2049 4786 2175 4854 oultum
2204 4789 2296 4876 fingit
2323 4788 2361 4854 in

365 4880 534 4978 memorat,
555 4872 611 4939 ubi
631 4871 741 5022 paulo}1
750 4877 836 4972 ante·
848 4867 941 4948 dixit,
962 4869 1061 4938 Iaoob
1076 4869 1150 5022 subJ
1158 4871 1248 4938 ooolo
1269 4871 1341 4938 dor·
1391 4873 1500 4972 earnis
1520 4870 1732 5022 ⁸b⁸fi¹¹⁰¹¹iifr
1746 4956 1753 4971 .
1765 4871 1849 4937 altor
1875 4873 1916 4974 iu⁸
1939 4873 2220 4974 peregrinatione,
2251 4873 2303 4940 ille
2330 4874 2361 4940 si

366 4957 1141 5127 ttulittitmttththttu
1151 4957 1276 5110 “field
1289 4980 1340 5144 ,ii
1389 4956 1463 5110 itt
1478 4956 1936 5144 ttulitttttit?
1948 4959 2362 5130 ἕὲιῗιῗὲῗὲιξιῗιῖιῗ

367 5132 484 5200 solutio
513 5129 601 5214 quod
628 5129 707 5196 urbs
738 5127 884 5195 noudum
918 5135 1087 5194 emunata
1120 5138 1199 5197 tuno
1231 5130 1338 5196 luent.
1391 5137 1441 5230 est
1458 5150 1500 5195 ex
1515 5135 1663 5230 mortuis,
1686 5127 1867 5229 admittunt
1885 5128 1920 5194 in
1937 5130 2125 5232 sapietatem
2142 5130 2241 5231 huius
2257 5131 2360 5196 bono-

366 5251 653 5389 mam
667 5315 767 5388 lapitas·
782 5316 816 5372 ia
831 5315 996 5387 mundas
1012 5315 1103 5373 turo:
1121 5316 1241 5374 verbnm.
1390 5235 1469 5385 {illd
1489 5214 1881 5386 ffilffitlgrssoffigrgffi
1898 5214 2075 5369 ἳιῗὶξιοιῖαξὲῗ
2090 5216 2361 5388 gironem&
