<?xml version="1.0" encoding="UTF-8"?>
<!DOCTYPE html PUBLIC "-//W3C//DTD XHTML 1.0 Transitional//EN"
    "http://www.w3.org/TR/xhtml1/DTD/xhtml1-transitional.dtd">
<html xmlns="http://www.w3.org/1999/xhtml" xml:lang="en" lang="en">
 <head>
  <title>
</title>
<meta http-equiv="Content-Type" content="text/html;charset=utf-8" />
  <meta name='ocr-system' content='tesseract 3.04.00' />
  <meta name='ocr-capabilities' content='ocr_page ocr_carea ocr_par ocr_line ocrx_word'/>
</head>
<body>
  <div class='ocr_page' id='page_1' title='image "./ioanniscalvinio06reusgoog_0313.png"; bbox 0 0 4988 6192; ppageno 0'>
   <div class='ocr_carea' id='block_1_1' title="bbox 133 421 2135 502">
    <p class='ocr_par' dir='ltr' id='par_1_1' title="bbox 133 421 2135 502">
     <span class='ocr_line' id='line_1_1' title="bbox 133 421 2135 502; baseline -0.005 -7"><span class='ocrx_word' id='word_1_1' title='bbox 133 427 194 495; x_wconf 74' lang='grc'><strong>653</strong></span> <span class='ocrx_word' id='word_1_2' title='bbox 791 421 1162 493; x_wconf 68' lang='lat' dir='ltr'><strong>commandamus</strong></span> <span class='ocrx_word' id='word_1_3' title='bbox 1182 423 1233 490; x_wconf 86' lang='lat' dir='ltr'><strong>IN</strong></span> <span class='ocrx_word' id='word_1_4' title='bbox 1254 421 1468 490; x_wconf 79' lang='lat' dir='ltr'><strong>GENESIN.</strong></span> <span class='ocrx_word' id='word_1_5' title='bbox 2069 435 2135 502; x_wconf 81' lang='lat'><strong>554</strong></span> 
     </span>
    </p>
   </div>
   <div class='ocr_carea' id='block_1_2' title="bbox 132 611 2132 1650">
    <p class='ocr_par' dir='ltr' id='par_1_2' title="bbox 132 611 2132 1650">
     <span class='ocr_line' id='line_1_2' title="bbox 134 611 2131 702; baseline 0.008 -29"><span class='ocrx_word' id='word_1_6' title='bbox 134 617 261 702; x_wconf 73' lang='lat' dir='ltr'><strong>quietos</strong></span> <span class='ocrx_word' id='word_1_7' title='bbox 284 621 318 681; x_wconf 90' lang='lat' dir='ltr'><strong>et</strong></span> <span class='ocrx_word' id='word_1_8' title='bbox 335 615 458 683; x_wconf 81' lang='lat' dir='ltr'><strong>hilares</strong></span> <span class='ocrx_word' id='word_1_9' title='bbox 479 615 666 682; x_wconf 86' lang='lat' dir='ltr'><strong>reddiderit</strong></span> <span class='ocrx_word' id='word_1_10' title='bbox 696 613 770 696; x_wconf 77' lang='lat' dir='ltr'><strong>Quo</strong></span> <span class='ocrx_word' id='word_1_11' title='bbox 787 613 939 697; x_wconf 85' lang='lat' dir='ltr'><strong>exemplo</strong></span> <span class='ocrx_word' id='word_1_12' title='bbox 955 612 1111 678; x_wconf 87' lang='lat' dir='ltr'><strong>doeemur</strong></span> <span class='ocrx_word' id='word_1_13' title='bbox 1160 617 1316 695; x_wconf 83' lang='lat' dir='ltr'><strong>quantur.</strong></span> <span class='ocrx_word' id='word_1_14' title='bbox 1360 611 1463 694; x_wconf 82' lang='lat' dir='ltr'>Atqui</span> <span class='ocrx_word' id='word_1_15' title='bbox 1496 611 1625 677; x_wconf 88' lang='lat' dir='ltr'><strong>etiamsi</strong></span> <span class='ocrx_word' id='word_1_16' title='bbox 1656 612 1761 678; x_wconf 76' lang='lat' dir='ltr'><strong>refelli</strong></span> <span class='ocrx_word' id='word_1_17' title='bbox 1790 635 1857 681; x_wconf 94' lang='lat' dir='ltr'><strong>non</strong></span> <span class='ocrx_word' id='word_1_18' title='bbox 1890 627 2001 702; x_wconf 88' lang='lat' dir='ltr'><strong>posset</strong></span> <span class='ocrx_word' id='word_1_19' title='bbox 2032 623 2131 690; x_wconf 83' lang='lat' dir='ltr'><strong>saari-</strong></span> 
     </span>
     <span class='ocr_line' id='line_1_3' title="bbox 134 696 2131 782; baseline 0.004 -14"><span class='ocrx_word' id='word_1_20' title='bbox 134 701 319 769; x_wconf 83' lang='lat' dir='ltr'><strong>oavendum</strong></span> <span class='ocrx_word' id='word_1_21' title='bbox 335 701 430 768; x_wconf 92' lang='lat' dir='ltr'><strong>nobis</strong></span> <span class='ocrx_word' id='word_1_22' title='bbox 448 721 523 768; x_wconf 81' lang='lat' dir='ltr'><strong>esse</strong></span> <span class='ocrx_word' id='word_1_23' title='bbox 545 723 588 768; x_wconf 88' lang='lat' dir='ltr'><strong>ne</strong></span> <span class='ocrx_word' id='word_1_24' title='bbox 610 699 743 767; x_wconf 70' lang='lat' dir='ltr'><strong>tristitia</strong></span> <span class='ocrx_word' id='word_1_25' title='bbox 759 698 940 764; x_wconf 77' lang='lat' dir='ltr'><strong>obruantur</strong></span> <span class='ocrx_word' id='word_1_26' title='bbox 957 698 1015 782; x_wconf 85' lang='lat' dir='ltr'><strong>qui</strong></span> <span class='ocrx_word' id='word_1_27' title='bbox 1033 717 1111 764; x_wconf 91' lang='lat' dir='ltr'><strong>vere</strong></span> <span class='ocrx_word' id='word_1_28' title='bbox 1160 697 1253 782; x_wconf 82' lang='lat' dir='ltr'><strong>legns</strong></span> <span class='ocrx_word' id='word_1_29' title='bbox 1272 697 1330 762; x_wconf 90' lang='lat' dir='ltr'><strong>ille</strong></span> <span class='ocrx_word' id='word_1_30' title='bbox 1358 699 1456 777; x_wconf 81' lang='lat' dir='ltr'><strong>furor,</strong></span> <span class='ocrx_word' id='word_1_31' title='bbox 1476 696 1570 763; x_wconf 91' lang='lat' dir='ltr'><strong>nobis</strong></span> <span class='ocrx_word' id='word_1_32' title='bbox 1598 697 1740 764; x_wconf 85' lang='lat' dir='ltr'><strong>suffioiat</strong></span> <span class='ocrx_word' id='word_1_33' title='bbox 1767 721 1841 767; x_wconf 90' lang='lat' dir='ltr'><strong>eum</strong></span> <span class='ocrx_word' id='word_1_34' title='bbox 1870 700 2041 773; x_wconf 86' lang='lat' dir='ltr'><strong>detestari:</strong></span> <span class='ocrx_word' id='word_1_35' title='bbox 2079 709 2131 773; x_wconf 93' lang='lat' dir='ltr'><strong>in·</strong></span> 
     </span>
     <span class='ocr_line' id='line_1_4' title="bbox 134 781 2130 876; baseline 0.006 -29"><span class='ocrx_word' id='word_1_36' title='bbox 134 798 166 856; x_wconf 73' lang='lat' dir='ltr'><strong>et</strong></span> <span class='ocrx_word' id='word_1_37' title='bbox 182 789 269 855; x_wconf 84' lang='lat' dir='ltr'><strong>serio</strong></span> <span class='ocrx_word' id='word_1_38' title='bbox 290 787 415 872; x_wconf 92' lang='lat' dir='ltr'><strong>pudore</strong></span> <span class='ocrx_word' id='word_1_39' title='bbox 436 786 601 853; x_wconf 83' lang='lat' dir='ltr'><strong>humiliati</strong></span> <span class='ocrx_word' id='word_1_40' title='bbox 622 793 709 852; x_wconf 86' lang='lat' dir='ltr'><strong>sunt</strong></span> <span class='ocrx_word' id='word_1_41' title='bbox 748 782 917 868; x_wconf 75' lang='lat' dir='ltr'><strong>Quamdiu</strong></span> <span class='ocrx_word' id='word_1_42' title='bbox 938 783 979 848; x_wconf 89' lang='lat' dir='ltr'><strong>ad</strong></span> <span class='ocrx_word' id='word_1_43' title='bbox 1000 781 1110 848; x_wconf 88' lang='lat' dir='ltr'><strong>obiur·</strong></span> <span class='ocrx_word' id='word_1_44' title='bbox 1160 783 1257 849; x_wconf 90' lang='lat' dir='ltr'><strong>terim</strong></span> <span class='ocrx_word' id='word_1_45' title='bbox 1268 781 1353 866; x_wconf 89' lang='lat' dir='ltr'><strong>qnod</strong></span> <span class='ocrx_word' id='word_1_46' title='bbox 1376 782 1472 848; x_wconf 88' lang='lat' dir='ltr'><strong>oleris</strong></span> <span class='ocrx_word' id='word_1_47' title='bbox 1483 784 1663 867; x_wconf 78' lang='lat' dir='ltr'><strong>scripturae</strong></span> <span class='ocrx_word' id='word_1_48' title='bbox 1673 784 1870 853; x_wconf 90' lang='lat' dir='ltr'><strong>testimoniis</strong></span> <span class='ocrx_word' id='word_1_49' title='bbox 1882 791 2049 872; x_wconf 89' lang='lat' dir='ltr'><strong>proditum</strong></span> <span class='ocrx_word' id='word_1_50' title='bbox 2071 802 2130 876; x_wconf 90' lang='lat' dir='ltr'><strong>est,</strong></span> 
     </span>
     <span class='ocr_line' id='line_1_5' title="bbox 134 866 2132 965; baseline 0.006 -28"><span class='ocrx_word' id='word_1_51' title='bbox 134 874 285 960; x_wconf 83' lang='lat' dir='ltr'><strong>gatianes</strong></span> <span class='ocrx_word' id='word_1_52' title='bbox 307 872 429 939; x_wconf 87' lang='lat' dir='ltr'><strong>surdus</strong></span> <span class='ocrx_word' id='word_1_53' title='bbox 449 877 670 956; x_wconf 88' lang='lat' dir='ltr'><strong>estpeooator,</strong></span> <span class='ocrx_word' id='word_1_54' title='bbox 692 870 746 935; x_wconf 90' lang='lat' dir='ltr'><strong>vel</strong></span> <span class='ocrx_word' id='word_1_55' title='bbox 767 890 881 937; x_wconf 88' lang='lat' dir='ltr'><strong>seaure</strong></span> <span class='ocrx_word' id='word_1_56' title='bbox 902 868 964 936; x_wconf 90' lang='lat' dir='ltr'><strong>sibi</strong></span> <span class='ocrx_word' id='word_1_57' title='bbox 981 867 1109 937; x_wconf 88' lang='lat' dir='ltr'><strong>blandi·</strong></span> <span class='ocrx_word' id='word_1_58' title='bbox 1159 875 1271 934; x_wconf 89' lang='lat' dir='ltr'><strong>tenere</strong></span> <span class='ocrx_word' id='word_1_59' title='bbox 1307 869 1473 946; x_wconf 81' lang='lat' dir='ltr'><strong>usuvenit,</strong></span> <span class='ocrx_word' id='word_1_60' title='bbox 1510 866 1666 953; x_wconf 89' lang='lat' dir='ltr'><strong>quidquid</strong></span> <span class='ocrx_word' id='word_1_61' title='bbox 1708 872 1939 941; x_wconf 86' lang='lat' dir='ltr'><strong>maehinentur</strong></span> <span class='ocrx_word' id='word_1_62' title='bbox 1970 877 2132 965; x_wconf 89' lang='lat' dir='ltr'><strong>homines,</strong></span> 
     </span>
     <span class='ocr_line' id='line_1_6' title="bbox 135 952 2131 1042; baseline 0.005 -20"><span class='ocrx_word' id='word_1_63' title='bbox 135 973 198 1040; x_wconf 83' lang='lat' dir='ltr'><strong>tur,</strong></span> <span class='ocrx_word' id='word_1_64' title='bbox 222 957 435 1042; x_wconf 90' lang='lat' dir='ltr'><strong>velimprobe</strong></span> <span class='ocrx_word' id='word_1_65' title='bbox 456 956 738 1024; x_wconf 87' lang='lat' dir='ltr'><strong>etoontumaoiter</strong></span> <span class='ocrx_word' id='word_1_66' title='bbox 748 956 946 1022; x_wconf 88' lang='lat' dir='ltr'><strong>monitiones</strong></span> <span class='ocrx_word' id='word_1_67' title='bbox 968 974 1005 1018; x_wconf 89' lang='lat' dir='ltr'><strong>re</strong></span> <span class='ocrx_word' id='word_1_68' title='bbox 1028 953 1108 1031; x_wconf 80' lang='lat' dir='ltr'><strong>ellit,</strong></span> <span class='ocrx_word' id='word_1_69' title='bbox 1159 960 1270 1019; x_wconf 89' lang='lat' dir='ltr'><strong>tamen</strong></span> <span class='ocrx_word' id='word_1_70' title='bbox 1291 953 1379 1018; x_wconf 89' lang='lat' dir='ltr'><strong>inter</strong></span> <span class='ocrx_word' id='word_1_71' title='bbox 1399 952 1531 1019; x_wconf 90' lang='lat' dir='ltr'><strong>illorum</strong></span> <span class='ocrx_word' id='word_1_72' title='bbox 1558 956 1714 1038; x_wconf 86' lang='lat' dir='ltr'><strong>strepitus</strong></span> <span class='ocrx_word' id='word_1_73' title='bbox 1735 957 1844 1024; x_wconf 91' lang='lat' dir='ltr'><strong>Deum</strong></span> <span class='ocrx_word' id='word_1_74' title='bbox 1873 963 1999 1028; x_wconf 89' lang='lat' dir='ltr'><strong>eooelo</strong></span> <span class='ocrx_word' id='word_1_75' title='bbox 2020 965 2131 1032; x_wconf 90' lang='lat' dir='ltr'><strong>mode-</strong></span> 
     </span>
     <span class='ocr_line' id='line_1_7' title="bbox 135 975 2131 1132; baseline 0.007 -27"><span class='ocrx_word' id='word_1_76' title='bbox 135 1044 190 1112; x_wconf 82' lang='lat' dir='ltr'><strong>val</strong></span> <span class='ocrx_word' id='word_1_77' title='bbox 211 1067 272 1128; x_wconf 88' lang='lat' dir='ltr'><strong>per</strong></span> <span class='ocrx_word' id='word_1_78' title='bbox 293 1043 483 1130; x_wconf 77' lang='lat' dir='ltr'><strong>hypporisin</strong></span> <span class='ocrx_word' id='word_1_79' title='bbox 505 1063 541 1109; x_wconf 90' lang='lat' dir='ltr'><strong>se</strong></span> <span class='ocrx_word' id='word_1_80' title='bbox 562 1049 707 1118; x_wconf 86' lang='lat' dir='ltr'><strong>exousat‚</strong></span> <span class='ocrx_word' id='word_1_81' title='bbox 729 1043 835 1108; x_wconf 88' lang='lat' dir='ltr'><strong>maior</strong></span> <span class='ocrx_word' id='word_1_82' title='bbox 851 975 1036 1107; x_wconf 66' lang='lat' dir='ltr'><strong>adhibendi:</strong></span> <span class='ocrx_word' id='word_1_83' title='bbox 1058 1047 1109 1104; x_wconf 91' lang='lat' dir='ltr'><strong>est</strong></span> <span class='ocrx_word' id='word_1_84' title='bbox 1158 1041 1226 1104; x_wconf 89' lang='lat' dir='ltr'><strong>rari</strong></span> <span class='ocrx_word' id='word_1_85' title='bbox 1247 1059 1358 1104; x_wconf 90' lang='lat' dir='ltr'><strong>eorum</strong></span> <span class='ocrx_word' id='word_1_86' title='bbox 1378 1039 1513 1105; x_wconf 88' lang='lat' dir='ltr'><strong>oonsilia</strong></span> <span class='ocrx_word' id='word_1_87' title='bbox 1533 1045 1728 1108; x_wconf 88' lang='lat' dir='ltr'><strong>etoonatns:</strong></span> <span class='ocrx_word' id='word_1_88' title='bbox 1753 1042 1893 1128; x_wconf 90' lang='lat' dir='ltr'><strong>denique</strong></span> <span class='ocrx_word' id='word_1_89' title='bbox 1914 1049 2131 1132; x_wconf 89' lang='lat' dir='ltr'><strong>peripsorum</strong></span> 
     </span>
     <span class='ocr_line' id='line_1_8' title="bbox 134 1122 2130 1218; baseline 0.004 -21"><span class='ocrx_word' id='word_1_90' title='bbox 134 1131 313 1197; x_wconf 87' lang='lat' dir='ltr'><strong>severitas:</strong></span> <span class='ocrx_word' id='word_1_91' title='bbox 336 1128 395 1196; x_wconf 91' lang='lat' dir='ltr'><strong>sed</strong></span> <span class='ocrx_word' id='word_1_92' title='bbox 416 1131 517 1194; x_wconf 88' lang='lat' dir='ltr'><strong>finem</strong></span> <span class='ocrx_word' id='word_1_93' title='bbox 539 1126 658 1194; x_wconf 88' lang='lat' dir='ltr'><strong>habeat</strong></span> <span class='ocrx_word' id='word_1_94' title='bbox 679 1127 768 1211; x_wconf 76' lang='lat' dir='ltr'><strong>rigor</strong></span> <span class='ocrx_word' id='word_1_95' title='bbox 788 1134 925 1210; x_wconf 83' lang='lat' dir='ltr'><strong>oportet,</strong></span> <span class='ocrx_word' id='word_1_96' title='bbox 946 1122 1046 1192; x_wconf 89' lang='lat' dir='ltr'><strong>simul</strong></span> <span class='ocrx_word' id='word_1_97' title='bbox 1070 1143 1108 1189; x_wconf 85' lang='lat' dir='ltr'><strong>ao</strong></span> <span class='ocrx_word' id='word_1_98' title='bbox 1158 1143 1277 1190; x_wconf 89' lang='lat' dir='ltr'><strong>manus</strong></span> <span class='ocrx_word' id='word_1_99' title='bbox 1298 1145 1455 1210; x_wconf 86' lang='lat' dir='ltr'><strong>peragere</strong></span> <span class='ocrx_word' id='word_1_100' title='bbox 1476 1125 1561 1210; x_wconf 88' lang='lat' dir='ltr'><strong>qnod</strong></span> <span class='ocrx_word' id='word_1_101' title='bbox 1579 1125 1666 1210; x_wconf 86' lang='lat' dir='ltr'><strong>apud</strong></span> <span class='ocrx_word' id='word_1_102' title='bbox 1687 1147 1722 1193; x_wconf 90' lang='lat' dir='ltr'><strong>se</strong></span> <span class='ocrx_word' id='word_1_103' title='bbox 1746 1128 1900 1198; x_wconf 88' lang='lat' dir='ltr'><strong>deerevit.</strong></span> <span class='ocrx_word' id='word_1_104' title='bbox 1952 1133 2034 1200; x_wconf 91' lang='lat' dir='ltr'><strong>Boni</strong></span> <span class='ocrx_word' id='word_1_105' title='bbox 2056 1137 2130 1218; x_wconf 90' lang='lat' dir='ltr'><strong>viri,</strong></span> 
     </span>
     <span class='ocr_line' id='line_1_9' title="bbox 133 1208 2130 1302; baseline 0.004 -21"><span class='ocrx_word' id='word_1_106' title='bbox 133 1223 319 1301; x_wconf 87' lang='lat' dir='ltr'><strong>prostratus</strong></span> <span class='ocrx_word' id='word_1_107' title='bbox 340 1215 433 1294; x_wconf 87' lang='lat' dir='ltr'><strong>iaoet,</strong></span> <span class='ocrx_word' id='word_1_108' title='bbox 453 1213 642 1297; x_wconf 88' lang='lat' dir='ltr'><strong>peuoatique</strong></span> <span class='ocrx_word' id='word_1_109' title='bbox 664 1213 781 1278; x_wconf 87' lang='lat' dir='ltr'><strong>notitia</strong></span> <span class='ocrx_word' id='word_1_110' title='bbox 802 1210 958 1296; x_wconf 77' lang='lat' dir='ltr'><strong>trepidat:</strong></span> <span class='ocrx_word' id='word_1_111' title='bbox 990 1208 1106 1276; x_wconf 90' lang='lat' dir='ltr'><strong>saltem</strong></span> <span class='ocrx_word' id='word_1_112' title='bbox 1159 1210 1217 1294; x_wconf 84' lang='lat' dir='ltr'><strong>qni</strong></span> <span class='ocrx_word' id='word_1_113' title='bbox 1237 1209 1303 1276; x_wconf 92' lang='lat' dir='ltr'><strong>Dei</strong></span> <span class='ocrx_word' id='word_1_114' title='bbox 1323 1210 1483 1276; x_wconf 89' lang='lat' dir='ltr'><strong>iustitiam</strong></span> <span class='ocrx_word' id='word_1_115' title='bbox 1512 1230 1675 1295; x_wconf 82' lang='lat' dir='ltr'><strong>exponere</strong></span> <span class='ocrx_word' id='word_1_116' title='bbox 1698 1223 1855 1282; x_wconf 87' lang='lat' dir='ltr'><strong>verentur</strong></span> <span class='ocrx_word' id='word_1_117' title='bbox 1876 1219 2054 1302; x_wconf 90' lang='lat' dir='ltr'><strong>impiorum</strong></span> <span class='ocrx_word' id='word_1_118' title='bbox 2076 1241 2130 1289; x_wconf 86' lang='lat' dir='ltr'><strong>aa·</strong></span> 
     </span>
     <span class='ocr_line' id='line_1_10' title="bbox 133 1295 2130 1392; baseline 0.003 -22"><span class='ocrx_word' id='word_1_119' title='bbox 133 1300 290 1370; x_wconf 86' lang='lat' dir='ltr'><strong>suooedat</strong></span> <span class='ocrx_word' id='word_1_120' title='bbox 311 1299 491 1366; x_wconf 73' lang='lat' dir='ltr'><strong>moderatio</strong></span> <span class='ocrx_word' id='word_1_121' title='bbox 512 1319 595 1384; x_wconf 88' lang='lat' dir='ltr'><strong>quae</strong></span> <span class='ocrx_word' id='word_1_122' title='bbox 617 1318 674 1382; x_wconf 90' lang='lat' dir='ltr'><strong>spa</strong></span> <span class='ocrx_word' id='word_1_123' title='bbox 695 1298 813 1364; x_wconf 87' lang='lat' dir='ltr'><strong>veniae</strong></span> <span class='ocrx_word' id='word_1_124' title='bbox 827 1299 935 1381; x_wconf 81' lang='lat' dir='ltr'><strong>erigat</strong></span> <span class='ocrx_word' id='word_1_125' title='bbox 955 1296 1106 1362; x_wconf 88' lang='lat' dir='ltr'><strong>eieotum.</strong></span> <span class='ocrx_word' id='word_1_126' title='bbox 1157 1295 1301 1377; x_wconf 90' lang='lat' dir='ltr'><strong>lumniis,</strong></span> <span class='ocrx_word' id='word_1_127' title='bbox 1336 1295 1378 1362; x_wconf 90' lang='lat' dir='ltr'><strong>ad</strong></span> <span class='ocrx_word' id='word_1_128' title='bbox 1413 1295 1654 1363; x_wconf 74' lang='lat' dir='ltr'><strong>distinctionem</strong></span> <span class='ocrx_word' id='word_1_129' title='bbox 1680 1299 1778 1365; x_wconf 86' lang='lat' dir='ltr'><strong>istam</strong></span> <span class='ocrx_word' id='word_1_130' title='bbox 1805 1302 2015 1388; x_wconf 80' lang='lat' dir='ltr'><strong>ooniuginnt,</strong></span> <span class='ocrx_word' id='word_1_131' title='bbox 2044 1309 2130 1392; x_wconf 90' lang='lat' dir='ltr'><strong>quod</strong></span> 
     </span>
     <span class='ocr_line' id='line_1_11' title="bbox 132 1381 2129 1475; baseline 0.005 -25"><span class='ocrx_word' id='word_1_132' title='bbox 132 1389 226 1473; x_wconf 79' lang='lat' dir='ltr'><strong>Ergo</strong></span> <span class='ocrx_word' id='word_1_133' title='bbox 250 1391 287 1452; x_wconf 92' lang='grc' dir='ltr'><strong>ιιι</strong></span> <span class='ocrx_word' id='word_1_134' title='bbox 309 1393 398 1452; x_wconf 85' lang='lat' dir='ltr'><strong>reeta</strong></span> <span class='ocrx_word' id='word_1_135' title='bbox 418 1385 462 1452; x_wconf 90' lang='lat' dir='ltr'><strong>sit</strong></span> <span class='ocrx_word' id='word_1_136' title='bbox 484 1405 521 1452; x_wconf 86' lang='lat' dir='ltr'><strong>ao</strong></span> <span class='ocrx_word' id='word_1_137' title='bbox 543 1385 625 1450; x_wconf 89' lang='lat' dir='ltr'><strong>bene</strong></span> <span class='ocrx_word' id='word_1_138' title='bbox 654 1383 834 1467; x_wconf 88' lang='lat' dir='ltr'><strong>oomposita</strong></span> <span class='ocrx_word' id='word_1_139' title='bbox 855 1382 1029 1462; x_wconf 86' lang='lat' dir='ltr'><strong>severitas,</strong></span> <span class='ocrx_word' id='word_1_140' title='bbox 1055 1381 1107 1445; x_wconf 93' lang='lat' dir='ltr'><strong>in·</strong></span> <span class='ocrx_word' id='word_1_141' title='bbox 1158 1381 1250 1448; x_wconf 92' lang='lat' dir='ltr'><strong>Deus</strong></span> <span class='ocrx_word' id='word_1_142' title='bbox 1277 1381 1341 1446; x_wconf 86' lang='lat' dir='ltr'><strong>alia</strong></span> <span class='ocrx_word' id='word_1_143' title='bbox 1366 1382 1437 1447; x_wconf 86' lang='lat' dir='ltr'><strong>fieri</strong></span> <span class='ocrx_word' id='word_1_144' title='bbox 1465 1381 1562 1464; x_wconf 88' lang='lat' dir='ltr'><strong>velit,</strong></span> <span class='ocrx_word' id='word_1_145' title='bbox 1590 1383 1654 1450; x_wconf 92' lang='lat' dir='ltr'><strong>alia</strong></span> <span class='ocrx_word' id='word_1_146' title='bbox 1682 1386 1859 1468; x_wconf 86' lang='lat' dir='ltr'><strong>permittat.</strong></span> <span class='ocrx_word' id='word_1_147' title='bbox 1910 1390 2015 1473; x_wconf 79' lang='lat' dir='ltr'><strong>Quasi</strong></span> <span class='ocrx_word' id='word_1_148' title='bbox 2040 1416 2129 1475; x_wconf 90' lang='lat' dir='ltr'><strong>vero,</strong></span> 
     </span>
     <span class='ocr_line' id='line_1_12' title="bbox 133 1467 2129 1561; baseline 0.003 -21"><span class='ocrx_word' id='word_1_149' title='bbox 133 1472 288 1540; x_wconf 89' lang='lat' dir='ltr'><strong>dnendns</strong></span> <span class='ocrx_word' id='word_1_150' title='bbox 320 1482 371 1538; x_wconf 90' lang='lat' dir='ltr'><strong>est</strong></span> <span class='ocrx_word' id='word_1_151' title='bbox 400 1471 454 1538; x_wconf 87' lang='lat' dir='ltr'><strong>hio</strong></span> <span class='ocrx_word' id='word_1_152' title='bbox 482 1471 620 1536; x_wconf 87' lang='lat' dir='ltr'><strong>interior</strong></span> <span class='ocrx_word' id='word_1_153' title='bbox 649 1468 786 1536; x_wconf 79' lang='lat' dir='ltr'><strong>effeetus</strong></span> <span class='ocrx_word' id='word_1_154' title='bbox 812 1467 934 1552; x_wconf 89' lang='lat' dir='ltr'><strong>Ioseph</strong></span> <span class='ocrx_word' id='word_1_155' title='bbox 962 1467 1019 1551; x_wconf 90' lang='lat' dir='ltr'><strong>qui</strong></span> <span class='ocrx_word' id='word_1_156' title='bbox 1046 1485 1107 1532; x_wconf 89' lang='lat' dir='ltr'><strong>suo</strong></span> <span class='ocrx_word' id='word_1_157' title='bbox 1156 1467 1229 1550; x_wconf 89' lang='lat' dir='ltr'><strong>ipso</strong></span> <span class='ocrx_word' id='word_1_158' title='bbox 1250 1475 1407 1546; x_wconf 87' lang='lat' dir='ltr'><strong>oessante,</strong></span> <span class='ocrx_word' id='word_1_159' title='bbox 1429 1467 1559 1551; x_wconf 88' lang='lat' dir='ltr'><strong>quidvis</strong></span> <span class='ocrx_word' id='word_1_160' title='bbox 1588 1469 1706 1554; x_wconf 82' lang='lat' dir='ltr'><strong>agendi</strong></span> <span class='ocrx_word' id='word_1_161' title='bbox 1726 1471 1861 1540; x_wconf 87' lang='lat' dir='ltr'><strong>libertas</strong></span> <span class='ocrx_word' id='word_1_162' title='bbox 1882 1475 1926 1541; x_wconf 90' lang='lat' dir='ltr'><strong>sit</strong></span> <span class='ocrx_word' id='word_1_163' title='bbox 1946 1498 2049 1561; x_wconf 90' lang='lat' dir='ltr'><strong>penes</strong></span> <span class='ocrx_word' id='word_1_164' title='bbox 2070 1480 2129 1545; x_wconf 91' lang='lat' dir='ltr'><strong>ho·</strong></span> 
     </span>
     <span class='ocr_line' id='line_1_13' title="bbox 133 1553 2129 1650; baseline 0.025 -67"><span class='ocrx_word' id='word_1_165' title='bbox 133 1565 282 1642; x_wconf 55' lang='lat' dir='ltr'><strong>tempore</strong></span> <span class='ocrx_word' id='word_1_166' title='bbox 303 1565 458 1642; x_wconf 42' lang='lat' dir='ltr'><strong>emergat·</strong></span> <span class='ocrx_word' id='word_1_167' title='bbox 1156 1554 1271 1618; x_wconf 90' lang='lat' dir='ltr'><strong>mines.</strong></span> <span class='ocrx_word' id='word_1_168' title='bbox 1300 1553 1340 1620; x_wconf 83' lang='lat' dir='ltr'><strong>Si</strong></span> <span class='ocrx_word' id='word_1_169' title='bbox 1361 1561 1490 1618; x_wconf 87' lang='lat' dir='ltr'><strong>tantum</strong></span> <span class='ocrx_word' id='word_1_170' title='bbox 1511 1573 1628 1637; x_wconf 84' lang='lat' dir='ltr'><strong>passus</strong></span> <span class='ocrx_word' id='word_1_171' title='bbox 1642 1563 1728 1622; x_wconf 90' lang='lat' dir='ltr'><strong>esset</strong></span> <span class='ocrx_word' id='word_1_172' title='bbox 1748 1557 1869 1642; x_wconf 91' lang='lat' dir='ltr'><strong>Ioseph</strong></span> <span class='ocrx_word' id='word_1_173' title='bbox 1890 1561 1926 1626; x_wconf 88' lang='lat' dir='ltr'><strong>in</strong></span> <span class='ocrx_word' id='word_1_174' title='bbox 1939 1564 2129 1650; x_wconf 81' lang='lat' dir='ltr'><strong>Aegyptum</strong></span> 
     </span>
    </p>
   </div>
   <div class='ocr_carea' id='block_1_3' title="bbox 129 1637 2128 2306">
    <p class='ocr_par' dir='ltr' id='par_1_3' title="bbox 129 1637 2128 2306">
     <span class='ocr_line' id='line_1_14' title="bbox 221 1637 2128 1735; baseline 0.014 -43"><span class='ocrx_word' id='word_1_175' title='bbox 221 1645 252 1710; x_wconf 67' lang='grc'><strong>4,</strong></span> <span class='ocrx_word' id='word_1_176' title='bbox 276 1643 420 1710; x_wconf 61' lang='lat' dir='ltr'><strong>Amatae</strong></span> <span class='ocrx_word' id='word_1_177' title='bbox 440 1661 555 1726; x_wconf 72' lang='lat' dir='ltr'><strong>quaem</strong></span> <span class='ocrx_word' id='word_1_178' title='bbox 576 1641 619 1708; x_wconf 84' lang='lat' dir='ltr'><strong>od</strong></span> <span class='ocrx_word' id='word_1_179' title='bbox 639 1661 696 1706; x_wconf 88' lang='lat' dir='ltr'><strong>me.</strong></span> <span class='ocrx_word' id='word_1_180' title='bbox 740 1640 814 1707; x_wconf 89' lang='lat' dir='ltr'><strong>Hoo</strong></span> <span class='ocrx_word' id='word_1_181' title='bbox 836 1639 946 1707; x_wconf 83' lang='lat' dir='ltr'><strong>vorbis</strong></span> <span class='ocrx_word' id='word_1_182' title='bbox 974 1637 1107 1722; x_wconf 89' lang='lat' dir='ltr'><strong>quibus·</strong></span> <span class='ocrx_word' id='word_1_183' title='bbox 1157 1637 1284 1715; x_wconf 87' lang='lat' dir='ltr'><strong>dsdnei,</strong></span> <span class='ocrx_word' id='word_1_184' title='bbox 1305 1659 1373 1703; x_wconf 90' lang='lat' dir='ltr'><strong>non</strong></span> <span class='ocrx_word' id='word_1_185' title='bbox 1394 1659 1469 1704; x_wconf 91' lang='lat' dir='ltr'><strong>eum</strong></span> <span class='ocrx_word' id='word_1_186' title='bbox 1491 1639 1673 1707; x_wconf 80' lang='lat' dir='ltr'><strong>ordinasset</strong></span> <span class='ocrx_word' id='word_1_187' title='bbox 1694 1643 1810 1711; x_wconf 86' lang='lat' dir='ltr'><strong>salutis</strong></span> <span class='ocrx_word' id='word_1_188' title='bbox 1831 1647 2019 1715; x_wconf 88' lang='lat' dir='ltr'><strong>ministrum</strong></span> <span class='ocrx_word' id='word_1_189' title='bbox 2041 1653 2128 1735; x_wconf 85' lang='lat' dir='ltr'><strong>patri</strong></span> 
     </span>
     <span class='ocr_line' id='line_1_15' title="bbox 131 1723 2127 1810; baseline 0.005 -15"><span class='ocrx_word' id='word_1_190' title='bbox 131 1730 216 1797; x_wconf 88' lang='lat' dir='ltr'><strong>libet</strong></span> <span class='ocrx_word' id='word_1_191' title='bbox 237 1729 403 1795; x_wconf 83' lang='lat' dir='ltr'><strong>effioeoius</strong></span> <span class='ocrx_word' id='word_1_192' title='bbox 424 1735 490 1807; x_wconf 88' lang='lat' dir='ltr'><strong>est,</strong></span> <span class='ocrx_word' id='word_1_193' title='bbox 512 1727 600 1810; x_wconf 88' lang='lat' dir='ltr'><strong>quod</strong></span> <span class='ocrx_word' id='word_1_194' title='bbox 621 1745 676 1792; x_wconf 87' lang='lat' dir='ltr'><strong>eos</strong></span> <span class='ocrx_word' id='word_1_195' title='bbox 696 1726 733 1792; x_wconf 87' lang='lat' dir='ltr'><strong>in</strong></span> <span class='ocrx_word' id='word_1_196' title='bbox 754 1725 943 1810; x_wconf 83' lang='lat' dir='ltr'><strong>amplexum</strong></span> <span class='ocrx_word' id='word_1_197' title='bbox 970 1723 1106 1791; x_wconf 88' lang='lat' dir='ltr'><strong>oomiter</strong></span> <span class='ocrx_word' id='word_1_198' title='bbox 1155 1723 1262 1804; x_wconf 90' lang='lat' dir='ltr'><strong>Iaoob,</strong></span> <span class='ocrx_word' id='word_1_199' title='bbox 1286 1731 1319 1789; x_wconf 89' lang='lat' dir='ltr'><strong>et</strong></span> <span class='ocrx_word' id='word_1_200' title='bbox 1340 1725 1417 1790; x_wconf 89' lang='lat' dir='ltr'><strong>filiis</strong></span> <span class='ocrx_word' id='word_1_201' title='bbox 1439 1724 1526 1792; x_wconf 89' lang='lat' dir='ltr'><strong>eius:</strong></span> <span class='ocrx_word' id='word_1_202' title='bbox 1548 1727 1633 1809; x_wconf 89' lang='lat' dir='ltr'><strong>quod</strong></span> <span class='ocrx_word' id='word_1_203' title='bbox 1656 1749 1745 1794; x_wconf 91' lang='lat' dir='ltr'><strong>nuno</strong></span> <span class='ocrx_word' id='word_1_204' title='bbox 1766 1731 1797 1796; x_wconf 92' lang='lat' dir='ltr'><strong>ei</strong></span> <span class='ocrx_word' id='word_1_205' title='bbox 1819 1729 1939 1799; x_wconf 86' lang='lat' dir='ltr'><strong>diserte</strong></span> <span class='ocrx_word' id='word_1_206' title='bbox 1961 1735 2127 1804; x_wconf 88' lang='lat' dir='ltr'><strong>tribuitur.</strong></span> 
     </span>
     <span class='ocr_line' id='line_1_16' title="bbox 130 1808 2128 1903; baseline 0.018 -49"><span class='ocrx_word' id='word_1_207' title='bbox 130 1815 266 1882; x_wconf 49' lang='lat' dir='ltr'><strong>invitat,</strong></span> <span class='ocrx_word' id='word_1_208' title='bbox 310 1813 418 1881; x_wconf 72' lang='lat' dir='ltr'>simul</span> <span class='ocrx_word' id='word_1_209' title='bbox 440 1821 552 1880; x_wconf 58' lang='lat' dir='ltr'><strong>tamen</strong></span> <span class='ocrx_word' id='word_1_210' title='bbox 580 1832 772 1896; x_wconf 67' lang='lat' dir='ltr'><strong>quacunque</strong></span> <span class='ocrx_word' id='word_1_211' title='bbox 799 1818 908 1894; x_wconf 89' lang='lat' dir='ltr'><strong>potest</strong></span> <span class='ocrx_word' id='word_1_212' title='bbox 928 1808 1105 1876; x_wconf 87' lang='lat' dir='ltr'><strong>verborum</strong></span> <span class='ocrx_word' id='word_1_213' title='bbox 1155 1809 1312 1876; x_wconf 78' lang='lat' dir='ltr'><strong>Faoessat</strong></span> <span class='ocrx_word' id='word_1_214' title='bbox 1337 1811 1439 1894; x_wconf 82' lang='lat' dir='ltr'><strong>igitur</strong></span> <span class='ocrx_word' id='word_1_215' title='bbox 1465 1811 1564 1877; x_wconf 86' lang='lat' dir='ltr'><strong>inane</strong></span> <span class='ocrx_word' id='word_1_216' title='bbox 1589 1812 1670 1878; x_wconf 92' lang='lat' dir='ltr'><strong>illud</strong></span> <span class='ocrx_word' id='word_1_217' title='bbox 1693 1825 1923 1898; x_wconf 75' lang='lat' dir='ltr'><strong>commentum,</strong></span> <span class='ocrx_word' id='word_1_218' title='bbox 1954 1821 2040 1903; x_wconf 91' lang='lat' dir='ltr'><strong>quod</strong></span> <span class='ocrx_word' id='word_1_219' title='bbox 2062 1821 2128 1890; x_wconf 92' lang='lat' dir='ltr'><strong>Dei</strong></span> 
     </span>
     <span class='ocr_line' id='line_1_17' title="bbox 132 1893 2127 1990; baseline 0.032 -78"><span class='ocrx_word' id='word_1_220' title='bbox 132 1900 308 1968; x_wconf 62' lang='lat' dir='ltr'><strong>duloedim</strong></span> <span class='ocrx_word' id='word_1_221' title='bbox 329 1917 442 1966; x_wconf 52' lang='lat' dir='ltr'><strong>emm</strong></span> <span class='ocrx_word' id='word_1_222' title='bbox 464 1907 497 1964; x_wconf 58' lang='lat' dir='ltr'><strong>et</strong></span> <span class='ocrx_word' id='word_1_223' title='bbox 518 1900 669 1964; x_wconf 57' lang='lat' dir='ltr'><strong>timorem</strong></span> <span class='ocrx_word' id='word_1_224' title='bbox 697 1896 762 1964; x_wconf 54' lang='lat' dir='ltr'><strong>iffi,</strong></span> <span class='ocrx_word' id='word_1_225' title='bbox 784 1897 909 1963; x_wconf 46' lang='lat' dir='ltr'><strong>eximit·</strong></span> <span class='ocrx_word' id='word_1_226' title='bbox 954 1893 1012 1962; x_wconf 60' lang='lat' dir='ltr'><strong>Si„</strong></span> <span class='ocrx_word' id='word_1_227' title='bbox 1033 1895 1104 1978; x_wconf 72' lang='lat' dir='ltr'>qui.</span> <span class='ocrx_word' id='word_1_228' title='bbox 1155 1905 1285 1961; x_wconf 87' lang='lat' dir='ltr'><strong>tantum</strong></span> <span class='ocrx_word' id='word_1_229' title='bbox 1305 1897 1475 1979; x_wconf 88' lang='lat' dir='ltr'><strong>permissu,</strong></span> <span class='ocrx_word' id='word_1_230' title='bbox 1498 1918 1562 1962; x_wconf 92' lang='lat' dir='ltr'><strong>non</strong></span> <span class='ocrx_word' id='word_1_231' title='bbox 1585 1907 1696 1965; x_wconf 90' lang='lat' dir='ltr'><strong>autem</strong></span> <span class='ocrx_word' id='word_1_232' title='bbox 1716 1901 1851 1967; x_wconf 89' lang='lat' dir='ltr'><strong>oonsilio</strong></span> <span class='ocrx_word' id='word_1_233' title='bbox 1873 1913 1930 1970; x_wconf 88' lang='lat' dir='ltr'><strong>aut</strong></span> <span class='ocrx_word' id='word_1_234' title='bbox 1946 1907 2127 1990; x_wconf 87' lang='lat' dir='ltr'><strong>voluntate,</strong></span> 
     </span>
     <span class='ocr_line' id='line_1_18' title="bbox 130 1980 2128 2068; baseline 0.01 -27"><span class='ocrx_word' id='word_1_235' title='bbox 130 1987 209 2053; x_wconf 66' lang='lat' dir='ltr'><strong>dem</strong></span> <span class='ocrx_word' id='word_1_236' title='bbox 232 1991 393 2068; x_wconf 76' lang='lat' dir='ltr'><strong>temperat</strong></span> <span class='ocrx_word' id='word_1_237' title='bbox 413 2004 614 2064; x_wconf 89' lang='lat' dir='ltr'><strong>sermonem,</strong></span> <span class='ocrx_word' id='word_1_238' title='bbox 641 1990 680 2049; x_wconf 90' lang='lat' dir='ltr'><strong>ut</strong></span> <span class='ocrx_word' id='word_1_239' title='bbox 706 2003 762 2049; x_wconf 88' lang='lat' dir='ltr'><strong>eos</strong></span> <span class='ocrx_word' id='word_1_240' title='bbox 790 1980 938 2048; x_wconf 87' lang='lat' dir='ltr'><strong>modeste</strong></span> <span class='ocrx_word' id='word_1_241' title='bbox 966 1988 1104 2060; x_wconf 75' lang='lat' dir='ltr'><strong>mosset,</strong></span> <span class='ocrx_word' id='word_1_242' title='bbox 1154 1981 1243 2046; x_wconf 87' lang='lat' dir='ltr'><strong>mala</strong></span> <span class='ocrx_word' id='word_1_243' title='bbox 1263 1983 1353 2060; x_wconf 88' lang='lat' dir='ltr'><strong>fiant,</strong></span> <span class='ocrx_word' id='word_1_244' title='bbox 1383 2003 1464 2065; x_wconf 83' lang='lat' dir='ltr'><strong>qnae</strong></span> <span class='ocrx_word' id='word_1_245' title='bbox 1493 1982 1563 2066; x_wconf 89' lang='lat' dir='ltr'><strong>ipse</strong></span> <span class='ocrx_word' id='word_1_246' title='bbox 1584 1991 1696 2068; x_wconf 89' lang='lat' dir='ltr'><strong>postea</strong></span> <span class='ocrx_word' id='word_1_247' title='bbox 1723 1987 1759 2051; x_wconf 94' lang='lat' dir='ltr'><strong>in</strong></span> <span class='ocrx_word' id='word_1_248' title='bbox 1780 1988 1902 2055; x_wconf 92' lang='lat' dir='ltr'><strong>bonum</strong></span> <span class='ocrx_word' id='word_1_249' title='bbox 1931 1992 2030 2058; x_wconf 88' lang='lat' dir='ltr'><strong>finem</strong></span> <span class='ocrx_word' id='word_1_250' title='bbox 2052 2015 2128 2060; x_wconf 87' lang='lat' dir='ltr'><strong>oon-</strong></span> 
     </span>
     <span class='ocr_line' id='line_1_19' title="bbox 130 2065 2128 2162; baseline 0.007 -29"><span class='ocrx_word' id='word_1_251' title='bbox 130 2093 170 2139; x_wconf 85' lang='lat' dir='ltr'><strong>aa</strong></span> <span class='ocrx_word' id='word_1_252' title='bbox 192 2091 329 2136; x_wconf 86' lang='lat' dir='ltr'><strong>rursum</strong></span> <span class='ocrx_word' id='word_1_253' title='bbox 350 2069 488 2136; x_wconf 79' lang='lat' dir='ltr'><strong>soletur:</strong></span> <span class='ocrx_word' id='word_1_254' title='bbox 521 2067 619 2154; x_wconf 83' lang='lat' dir='ltr'><strong>longe</strong></span> <span class='ocrx_word' id='word_1_255' title='bbox 647 2077 758 2134; x_wconf 80' lang='lat' dir='ltr'><strong>tamen</strong></span> <span class='ocrx_word' id='word_1_256' title='bbox 779 2068 1002 2152; x_wconf 83' lang='lat' dir='ltr'><strong>supereminet</strong></span> <span class='ocrx_word' id='word_1_257' title='bbox 1027 2085 1103 2132; x_wconf 88' lang='lat' dir='ltr'><strong>oon·</strong></span> <span class='ocrx_word' id='word_1_258' title='bbox 1154 2068 1262 2132; x_wconf 88' lang='lat' dir='ltr'><strong>vertit.</strong></span> <span class='ocrx_word' id='word_1_259' title='bbox 1313 2065 1404 2132; x_wconf 85' lang='lat' dir='ltr'><strong>Mala</strong></span> <span class='ocrx_word' id='word_1_260' title='bbox 1437 2067 1585 2154; x_wconf 79' lang='lat' dir='ltr'><strong>intelligo</strong></span> <span class='ocrx_word' id='word_1_261' title='bbox 1614 2069 1785 2138; x_wconf 89' lang='lat' dir='ltr'><strong>hominum</strong></span> <span class='ocrx_word' id='word_1_262' title='bbox 1808 2085 1971 2158; x_wconf 78' lang='lat' dir='ltr'><strong>respectu,</strong></span> <span class='ocrx_word' id='word_1_263' title='bbox 2008 2080 2128 2162; x_wconf 88' lang='lat' dir='ltr'><strong>quibus</strong></span> 
     </span>
     <span class='ocr_line' id='line_1_20' title="bbox 129 2150 2126 2306; baseline 0.01 -92"><span class='ocrx_word' id='word_1_264' title='bbox 129 2157 258 2235; x_wconf 63' lang='lat' dir='ltr'><strong>solatio,</strong></span> <span class='ocrx_word' id='word_1_265' title='bbox 287 2155 363 2238; x_wconf 92' lang='lat' dir='ltr'><strong>quia</strong></span> <span class='ocrx_word' id='word_1_266' title='bbox 389 2155 609 2239; x_wconf 80' lang='lat' dir='ltr'><strong>desperationi</strong></span> <span class='ocrx_word' id='word_1_267' title='bbox 633 2155 834 2306; x_wconf 42' lang='lat' dir='ltr'><strong>propinquos</strong></span> <span class='ocrx_word' id='word_1_268' title='bbox 863 2173 934 2220; x_wconf 86' lang='lat' dir='ltr'><strong>esse</strong></span> <span class='ocrx_word' id='word_1_269' title='bbox 962 2150 1103 2229; x_wconf 87' lang='lat' dir='ltr'><strong>videbat,</strong></span> <span class='ocrx_word' id='word_1_270' title='bbox 1154 2151 1239 2218; x_wconf 90' lang='lat' dir='ltr'><strong>nihil</strong></span> <span class='ocrx_word' id='word_1_271' title='bbox 1273 2151 1362 2217; x_wconf 92' lang='lat' dir='ltr'><strong>aliud</strong></span> <span class='ocrx_word' id='word_1_272' title='bbox 1396 2154 1595 2238; x_wconf 89' lang='lat' dir='ltr'><strong>propositum</strong></span> <span class='ocrx_word' id='word_1_273' title='bbox 1630 2166 1680 2222; x_wconf 90' lang='lat' dir='ltr'><strong>est</strong></span> <span class='ocrx_word' id='word_1_274' title='bbox 1708 2177 1807 2241; x_wconf 88' lang='lat' dir='ltr'><strong>quam</strong></span> <span class='ocrx_word' id='word_1_275' title='bbox 1838 2181 1991 2244; x_wconf 89' lang='lat' dir='ltr'><strong>perverse</strong></span> <span class='ocrx_word' id='word_1_276' title='bbox 2019 2185 2126 2250; x_wconf 86' lang='lat' dir='ltr'><strong>agere.</strong></span> 
     </span>
    </p>
   </div>
   <div class='ocr_carea' id='block_1_4' title="bbox 113 2236 2127 5416">
    <p class='ocr_par' dir='ltr' id='par_1_4' title="bbox 125 2236 2127 3277">
     <span class='ocr_line' id='line_1_21' title="bbox 130 2236 2127 2336; baseline 0.005 -27"><span class='ocrx_word' id='word_1_277' title='bbox 130 2242 197 2309; x_wconf 89' lang='lat' dir='ltr'><strong>nisi</strong></span> <span class='ocrx_word' id='word_1_278' title='bbox 220 2249 353 2308; x_wconf 90' lang='lat' dir='ltr'><strong>mature</strong></span> <span class='ocrx_word' id='word_1_279' title='bbox 373 2247 588 2308; x_wconf 87' lang='lat' dir='ltr'><strong>suoourreret</strong></span> <span class='ocrx_word' id='word_1_280' title='bbox 663 2259 738 2305; x_wconf 91' lang='lat' dir='ltr'><strong>orro</strong></span> <span class='ocrx_word' id='word_1_281' title='bbox 765 2259 801 2306; x_wconf 89' lang='lat' dir='ltr'><strong>se</strong></span> <span class='ocrx_word' id='word_1_282' title='bbox 823 2238 993 2306; x_wconf 90' lang='lat' dir='ltr'><strong>venditum</strong></span> <span class='ocrx_word' id='word_1_283' title='bbox 1015 2257 1104 2302; x_wconf 89' lang='lat' dir='ltr'><strong>oom-</strong></span> <span class='ocrx_word' id='word_1_284' title='bbox 1154 2236 1262 2304; x_wconf 83' lang='lat' dir='ltr'><strong>Sionti</strong></span> <span class='ocrx_word' id='word_1_285' title='bbox 1272 2247 1381 2304; x_wconf 91' lang='lat' dir='ltr'><strong>autom</strong></span> <span class='ocrx_word' id='word_1_286' title='bbox 1399 2239 1434 2303; x_wconf 92' lang='lat' dir='ltr'><strong>in</strong></span> <span class='ocrx_word' id='word_1_287' title='bbox 1457 2239 1535 2322; x_wconf 90' lang='lat' dir='ltr'><strong>ipsis</strong></span> <span class='ocrx_word' id='word_1_288' title='bbox 1546 2239 1668 2307; x_wconf 88' lang='lat' dir='ltr'><strong>residet</strong></span> <span class='ocrx_word' id='word_1_289' title='bbox 1680 2242 1813 2312; x_wconf 75' lang='lat' dir='ltr'><strong>vidum:</strong></span> <span class='ocrx_word' id='word_1_290' title='bbox 1831 2245 1878 2312; x_wconf 86' lang='lat' dir='ltr'><strong>sia</strong></span> <span class='ocrx_word' id='word_1_291' title='bbox 1900 2255 1934 2313; x_wconf 91' lang='lat' dir='ltr'><strong>et</strong></span> <span class='ocrx_word' id='word_1_292' title='bbox 1952 2257 2019 2314; x_wconf 86' lang='lat' dir='ltr'><strong>tota</strong></span> <span class='ocrx_word' id='word_1_293' title='bbox 2030 2251 2127 2336; x_wconf 86' lang='lat' dir='ltr'><strong>eulpa</strong></span> 
     </span>
     <span class='ocr_line' id='line_1_22' title="bbox 129 2323 2126 2420; baseline 0.006 -27"><span class='ocrx_word' id='word_1_294' title='bbox 129 2347 330 2406; x_wconf 83' lang='lat' dir='ltr'><strong>memorans,</strong></span> <span class='ocrx_word' id='word_1_295' title='bbox 353 2347 419 2393; x_wconf 91' lang='lat' dir='ltr'><strong>non</strong></span> <span class='ocrx_word' id='word_1_296' title='bbox 440 2324 715 2392; x_wconf 85' lang='lat' dir='ltr'><strong>relriestsoeleris</strong></span> <span class='ocrx_word' id='word_1_297' title='bbox 737 2325 929 2390; x_wconf 89' lang='lat' dir='ltr'><strong>memoriam</strong></span> <span class='ocrx_word' id='word_1_298' title='bbox 950 2331 1103 2407; x_wconf 84' lang='lat' dir='ltr'><strong>expostu-</strong></span> <span class='ocrx_word' id='word_1_299' title='bbox 1152 2325 1188 2388; x_wconf 93' lang='lat' dir='ltr'><strong>in</strong></span> <span class='ocrx_word' id='word_1_300' title='bbox 1211 2345 1265 2389; x_wconf 91' lang='lat' dir='ltr'><strong>eos</strong></span> <span class='ocrx_word' id='word_1_301' title='bbox 1286 2323 1428 2390; x_wconf 84' lang='lat' dir='ltr'><strong>oonisrri</strong></span> <span class='ocrx_word' id='word_1_302' title='bbox 1449 2324 1552 2391; x_wconf 88' lang='lat' dir='ltr'><strong>debet.</strong></span> <span class='ocrx_word' id='word_1_303' title='bbox 1603 2327 1697 2393; x_wconf 89' lang='lat' dir='ltr'><strong>Deus</strong></span> <span class='ocrx_word' id='word_1_304' title='bbox 1719 2337 1829 2395; x_wconf 89' lang='lat' dir='ltr'><strong>autem</strong></span> <span class='ocrx_word' id='word_1_305' title='bbox 1854 2333 2046 2401; x_wconf 90' lang='lat' dir='ltr'><strong>mirabiliter</strong></span> <span class='ocrx_word' id='word_1_306' title='bbox 2066 2357 2126 2420; x_wconf 87' lang='lat' dir='ltr'><strong>per</strong></span> 
     </span>
     <span class='ocr_line' id='line_1_23' title="bbox 128 2407 2125 2502; baseline 0.004 -22"><span class='ocrx_word' id='word_1_307' title='bbox 128 2412 224 2480; x_wconf 85' lang='lat' dir='ltr'><strong>laudi</strong></span> <span class='ocrx_word' id='word_1_308' title='bbox 255 2412 380 2489; x_wconf 89' lang='lat' dir='ltr'><strong>animo,</strong></span> <span class='ocrx_word' id='word_1_309' title='bbox 413 2411 470 2478; x_wconf 93' lang='lat' dir='ltr'><strong>sed</strong></span> <span class='ocrx_word' id='word_1_310' title='bbox 502 2411 580 2494; x_wconf 90' lang='lat' dir='ltr'><strong>quia</strong></span> <span class='ocrx_word' id='word_1_311' title='bbox 611 2430 742 2494; x_wconf 88' lang='lat' dir='ltr'><strong>semper</strong></span> <span class='ocrx_word' id='word_1_312' title='bbox 768 2408 855 2477; x_wconf 85' lang='lat' dir='ltr'><strong>utile</strong></span> <span class='ocrx_word' id='word_1_313' title='bbox 885 2416 935 2476; x_wconf 91' lang='lat' dir='ltr'><strong>est</strong></span> <span class='ocrx_word' id='word_1_314' title='bbox 967 2409 1104 2474; x_wconf 88' lang='lat' dir='ltr'><strong>haerere</strong></span> <span class='ocrx_word' id='word_1_315' title='bbox 1154 2407 1227 2474; x_wconf 90' lang='lat' dir='ltr'><strong>illos</strong></span> <span class='ocrx_word' id='word_1_316' title='bbox 1249 2417 1412 2493; x_wconf 84' lang='lat' dir='ltr'><strong>operatur,</strong></span> <span class='ocrx_word' id='word_1_317' title='bbox 1434 2418 1470 2476; x_wconf 92' lang='lat' dir='ltr'><strong>ut</strong></span> <span class='ocrx_word' id='word_1_318' title='bbox 1492 2431 1534 2476; x_wconf 85' lang='lat' dir='ltr'><strong>ex</strong></span> <span class='ocrx_word' id='word_1_319' title='bbox 1555 2411 1694 2497; x_wconf 90' lang='lat' dir='ltr'><strong>impuris</strong></span> <span class='ocrx_word' id='word_1_320' title='bbox 1714 2413 1858 2482; x_wconf 82' lang='lat' dir='ltr'><strong>laeoibus</strong></span> <span class='ocrx_word' id='word_1_321' title='bbox 1880 2417 2036 2502; x_wconf 86' lang='lat' dir='ltr'><strong>liquidam</strong></span> <span class='ocrx_word' id='word_1_322' title='bbox 2059 2423 2125 2488; x_wconf 89' lang='lat' dir='ltr'><strong>ins·</strong></span> 
     </span>
     <span class='ocr_line' id='line_1_24' title="bbox 128 2493 2125 2585; baseline 0.005 -19"><span class='ocrx_word' id='word_1_323' title='bbox 128 2496 262 2582; x_wconf 75' lang='lat' dir='ltr'><strong>pensati</strong></span> <span class='ocrx_word' id='word_1_324' title='bbox 282 2497 426 2578; x_wconf 82' lang='lat' dir='ltr'><strong>sensum,</strong></span> <span class='ocrx_word' id='word_1_325' title='bbox 453 2496 549 2563; x_wconf 93' lang='lat' dir='ltr'><strong>modo</strong></span> <span class='ocrx_word' id='word_1_326' title='bbox 576 2516 619 2562; x_wconf 91' lang='lat' dir='ltr'><strong>ne</strong></span> <span class='ocrx_word' id='word_1_327' title='bbox 647 2495 842 2563; x_wconf 88' lang='lat' dir='ltr'><strong>immodious</strong></span> <span class='ocrx_word' id='word_1_328' title='bbox 875 2503 981 2562; x_wconf 89' lang='lat' dir='ltr'><strong>terror</strong></span> <span class='ocrx_word' id='word_1_329' title='bbox 1007 2493 1104 2560; x_wconf 89' lang='lat' dir='ltr'><strong>mise-</strong></span> <span class='ocrx_word' id='word_1_330' title='bbox 1154 2493 1261 2560; x_wconf 91' lang='lat' dir='ltr'><strong>titiam</strong></span> <span class='ocrx_word' id='word_1_331' title='bbox 1282 2495 1400 2562; x_wconf 85' lang='lat' dir='ltr'><strong>slioiat.</strong></span> <span class='ocrx_word' id='word_1_332' title='bbox 1430 2497 1561 2562; x_wconf 84' lang='lat' dir='ltr'><strong>Aroana</strong></span> <span class='ocrx_word' id='word_1_333' title='bbox 1581 2497 1663 2564; x_wconf 86' lang='lat' dir='ltr'><strong>haeo</strong></span> <span class='ocrx_word' id='word_1_334' title='bbox 1684 2499 1803 2583; x_wconf 80' lang='lat' dir='ltr'><strong>agendi</strong></span> <span class='ocrx_word' id='word_1_335' title='bbox 1824 2505 1908 2569; x_wconf 87' lang='lat' dir='ltr'><strong>ratio</strong></span> <span class='ocrx_word' id='word_1_336' title='bbox 1930 2516 1989 2585; x_wconf 90' lang='lat' dir='ltr'><strong>est,</strong></span> <span class='ocrx_word' id='word_1_337' title='bbox 2011 2528 2125 2574; x_wconf 91' lang='lat' dir='ltr'><strong>sensu·</strong></span> 
     </span>
     <span class='ocr_line' id='line_1_25' title="bbox 128 2577 2124 2668; baseline 0.004 -18"><span class='ocrx_word' id='word_1_338' title='bbox 128 2606 205 2650; x_wconf 87' lang='lat' dir='ltr'><strong>rum</strong></span> <span class='ocrx_word' id='word_1_339' title='bbox 224 2583 395 2651; x_wconf 90' lang='lat' dir='ltr'><strong>hominem</strong></span> <span class='ocrx_word' id='word_1_340' title='bbox 412 2591 486 2666; x_wconf 91' lang='lat' dir='ltr'><strong>post</strong></span> <span class='ocrx_word' id='word_1_341' title='bbox 497 2581 644 2668; x_wconf 77' lang='lat' dir='ltr'><strong>agnitam</strong></span> <span class='ocrx_word' id='word_1_342' title='bbox 654 2582 786 2666; x_wconf 89' lang='lat' dir='ltr'><strong>eulpam</strong></span> <span class='ocrx_word' id='word_1_343' title='bbox 801 2579 981 2647; x_wconf 88' lang='lat' dir='ltr'><strong>absorbeat.</strong></span> <span class='ocrx_word' id='word_1_344' title='bbox 1014 2577 1103 2662; x_wconf 78' lang='lat' dir='ltr'><strong>Quia</strong></span> <span class='ocrx_word' id='word_1_345' title='bbox 1154 2600 1217 2663; x_wconf 87' lang='lat' dir='ltr'><strong>que</strong></span> <span class='ocrx_word' id='word_1_346' title='bbox 1239 2589 1350 2646; x_wconf 88' lang='lat' dir='ltr'><strong>nostro</strong></span> <span class='ocrx_word' id='word_1_347' title='bbox 1372 2581 1468 2666; x_wconf 83' lang='lat' dir='ltr'><strong>longe</strong></span> <span class='ocrx_word' id='word_1_348' title='bbox 1489 2581 1594 2648; x_wconf 87' lang='lat' dir='ltr'><strong>altior.</strong></span> <span class='ocrx_word' id='word_1_349' title='bbox 1638 2584 1753 2668; x_wconf 85' lang='lat' dir='ltr'><strong>itaque</strong></span> <span class='ocrx_word' id='word_1_350' title='bbox 1774 2607 1841 2652; x_wconf 92' lang='lat' dir='ltr'><strong>non</strong></span> <span class='ocrx_word' id='word_1_351' title='bbox 1858 2589 1980 2655; x_wconf 90' lang='lat' dir='ltr'><strong>mirum</strong></span> <span class='ocrx_word' id='word_1_352' title='bbox 2002 2593 2030 2658; x_wconf 91' lang='lat' dir='ltr'><strong>si</strong></span> <span class='ocrx_word' id='word_1_353' title='bbox 2052 2615 2124 2660; x_wconf 87' lang='lat' dir='ltr'><strong>aar·</strong></span> 
     </span>
     <span class='ocr_line' id='line_1_26' title="bbox 129 2663 2123 2759; baseline 0.004 -23"><span class='ocrx_word' id='word_1_354' title='bbox 129 2677 246 2736; x_wconf 90' lang='lat' dir='ltr'><strong>autem</strong></span> <span class='ocrx_word' id='word_1_355' title='bbox 276 2667 352 2751; x_wconf 84' lang='lat' dir='ltr'><strong>plus</strong></span> <span class='ocrx_word' id='word_1_356' title='bbox 385 2669 466 2734; x_wconf 82' lang='grc' dir='ltr'><strong>ιιιιι</strong></span> <span class='ocrx_word' id='word_1_357' title='bbox 493 2667 602 2733; x_wconf 90' lang='lat' dir='ltr'><strong>territi</strong></span> <span class='ocrx_word' id='word_1_358' title='bbox 633 2675 730 2734; x_wconf 87' lang='lat' dir='ltr'><strong>erant</strong></span> <span class='ocrx_word' id='word_1_359' title='bbox 759 2667 878 2732; x_wconf 83' lang='lat' dir='ltr'><strong>iratres</strong></span> <span class='ocrx_word' id='word_1_360' title='bbox 899 2663 1033 2749; x_wconf 88' lang='lat' dir='ltr'><strong>loseph,</strong></span> <span class='ocrx_word' id='word_1_361' title='bbox 1065 2664 1102 2728; x_wconf 91' lang='lat' dir='ltr'><strong>in</strong></span> <span class='ocrx_word' id='word_1_362' title='bbox 1154 2666 1207 2732; x_wconf 90' lang='lat' dir='ltr'><strong>nis</strong></span> <span class='ocrx_word' id='word_1_363' title='bbox 1228 2666 1362 2732; x_wconf 85' lang='lat' dir='ltr'><strong>laseivia</strong></span> <span class='ocrx_word' id='word_1_364' title='bbox 1384 2677 1497 2734; x_wconf 78' lang='lat' dir='ltr'><strong>oontm</strong></span> <span class='ocrx_word' id='word_1_365' title='bbox 1517 2667 1678 2754; x_wconf 77' lang='lat' dir='ltr'><strong>insurget.</strong></span> <span class='ocrx_word' id='word_1_366' title='bbox 1709 2669 1777 2736; x_wconf 84' lang='lat' dir='ltr'><strong>Sed</strong></span> <span class='ocrx_word' id='word_1_367' title='bbox 1799 2694 1836 2739; x_wconf 94' lang='lat' dir='ltr'><strong>eo</strong></span> <span class='ocrx_word' id='word_1_368' title='bbox 1854 2673 2042 2759; x_wconf 83' lang='lat' dir='ltr'><strong>diligentius</strong></span> <span class='ocrx_word' id='word_1_369' title='bbox 2065 2701 2123 2744; x_wconf 87' lang='lat' dir='ltr'><strong>no-</strong></span> 
     </span>
     <span class='ocr_line' id='line_1_27' title="bbox 128 2750 2123 2838; baseline 0.005 -17"><span class='ocrx_word' id='word_1_370' title='bbox 128 2753 278 2822; x_wconf 87' lang='lat' dir='ltr'><strong>seonnda</strong></span> <span class='ocrx_word' id='word_1_371' title='bbox 298 2762 393 2838; x_wconf 87' lang='lat' dir='ltr'><strong>parte</strong></span> <span class='ocrx_word' id='word_1_372' title='bbox 414 2754 519 2838; x_wconf 76' lang='lat' dir='ltr'><strong>magis</strong></span> <span class='ocrx_word' id='word_1_373' title='bbox 541 2753 683 2834; x_wconf 89' lang='lat' dir='ltr'><strong>insistit,</strong></span> <span class='ocrx_word' id='word_1_374' title='bbox 705 2759 745 2818; x_wconf 91' lang='lat' dir='ltr'><strong>ut</strong></span> <span class='ocrx_word' id='word_1_375' title='bbox 765 2751 899 2819; x_wconf 87' lang='lat' dir='ltr'><strong>vulneri</strong></span> <span class='ocrx_word' id='word_1_376' title='bbox 920 2750 1101 2817; x_wconf 85' lang='lat' dir='ltr'><strong>medeatur.</strong></span> <span class='ocrx_word' id='word_1_377' title='bbox 1154 2751 1203 2818; x_wconf 88' lang='lat' dir='ltr'><strong>bis</strong></span> <span class='ocrx_word' id='word_1_378' title='bbox 1223 2753 1405 2818; x_wconf 86' lang='lat' dir='ltr'><strong>eavendum</strong></span> <span class='ocrx_word' id='word_1_379' title='bbox 1427 2761 1485 2834; x_wconf 81' lang='lat' dir='ltr'><strong>est,</strong></span> <span class='ocrx_word' id='word_1_380' title='bbox 1514 2775 1556 2819; x_wconf 90' lang='lat' dir='ltr'><strong>ne</strong></span> <span class='ocrx_word' id='word_1_381' title='bbox 1577 2755 1770 2822; x_wconf 88' lang='lat' dir='ltr'><strong>immensam</strong></span> <span class='ocrx_word' id='word_1_382' title='bbox 1794 2759 1893 2824; x_wconf 87' lang='lat' dir='ltr'><strong>istam</strong></span> <span class='ocrx_word' id='word_1_383' title='bbox 1916 2761 2123 2830; x_wconf 85' lang='lat' dir='ltr'><strong>altitudinem</strong></span> 
     </span>
     <span class='ocr_line' id='line_1_28' title="bbox 127 2836 2124 2925; baseline 0.005 -19"><span class='ocrx_word' id='word_1_384' title='bbox 127 2841 208 2908; x_wconf 90' lang='lat' dir='ltr'><strong>Huo</strong></span> <span class='ocrx_word' id='word_1_385' title='bbox 229 2839 375 2923; x_wconf 88' lang='lat' dir='ltr'><strong>pertinet</strong></span> <span class='ocrx_word' id='word_1_386' title='bbox 401 2839 466 2906; x_wconf 86' lang='lat' dir='ltr'><strong>ista</strong></span> <span class='ocrx_word' id='word_1_387' title='bbox 497 2839 663 2921; x_wconf 86' lang='lat' dir='ltr'><strong>repetitio,</strong></span> <span class='ocrx_word' id='word_1_388' title='bbox 696 2837 783 2922; x_wconf 86' lang='lat' dir='ltr'><strong>quod</strong></span> <span class='ocrx_word' id='word_1_389' title='bbox 803 2836 896 2904; x_wconf 88' lang='lat' dir='ltr'><strong>Deus</strong></span> <span class='ocrx_word' id='word_1_390' title='bbox 923 2838 959 2901; x_wconf 92' lang='lat' dir='ltr'><strong>in</strong></span> <span class='ocrx_word' id='word_1_391' title='bbox 988 2855 1102 2902; x_wconf 86' lang='lat' dir='ltr'><strong>eorum</strong></span> <span class='ocrx_word' id='word_1_392' title='bbox 1154 2839 1353 2921; x_wconf 81' lang='lat' dir='ltr'><strong>restringere</strong></span> <span class='ocrx_word' id='word_1_393' title='bbox 1381 2837 1423 2903; x_wconf 89' lang='lat' dir='ltr'><strong>ad</strong></span> <span class='ocrx_word' id='word_1_394' title='bbox 1452 2846 1580 2905; x_wconf 85' lang='lat' dir='ltr'><strong>nostras</strong></span> <span class='ocrx_word' id='word_1_395' title='bbox 1613 2843 1782 2925; x_wconf 80' lang='lat' dir='ltr'><strong>angustiae</strong></span> <span class='ocrx_word' id='word_1_396' title='bbox 1810 2851 1985 2914; x_wconf 89' lang='lat' dir='ltr'><strong>tentemus.</strong></span> <span class='ocrx_word' id='word_1_397' title='bbox 2037 2849 2124 2916; x_wconf 80' lang='lat' dir='ltr'><strong>Fixa</strong></span> 
     </span>
     <span class='ocr_line' id='line_1_29' title="bbox 126 2919 2123 3008; baseline 0.003 -14"><span class='ocrx_word' id='word_1_398' title='bbox 126 2927 275 2994; x_wconf 84' lang='lat' dir='ltr'><strong>salntem</strong></span> <span class='ocrx_word' id='word_1_399' title='bbox 296 2925 405 3008; x_wconf 90' lang='lat' dir='ltr'><strong>ipsum</strong></span> <span class='ocrx_word' id='word_1_400' title='bbox 425 2925 568 2990; x_wconf 87' lang='lat' dir='ltr'><strong>miserit:</strong></span> <span class='ocrx_word' id='word_1_401' title='bbox 597 2923 684 3007; x_wconf 90' lang='lat' dir='ltr'><strong>qnod</strong></span> <span class='ocrx_word' id='word_1_402' title='bbox 713 2921 858 2990; x_wconf 88' lang='lat' dir='ltr'><strong>eiusdem</strong></span> <span class='ocrx_word' id='word_1_403' title='bbox 879 2922 945 2989; x_wconf 93' lang='lat' dir='ltr'><strong>Dei</strong></span> <span class='ocrx_word' id='word_1_404' title='bbox 966 2919 1102 2989; x_wconf 76' lang='lat' dir='ltr'><strong>masilia</strong></span> <span class='ocrx_word' id='word_1_405' title='bbox 1152 2923 1253 3008; x_wconf 81' lang='lat' dir='ltr'><strong>igitur</strong></span> <span class='ocrx_word' id='word_1_406' title='bbox 1264 2930 1395 2990; x_wconf 87' lang='lat' dir='ltr'><strong>maneat</strong></span> <span class='ocrx_word' id='word_1_407' title='bbox 1413 2924 1677 3008; x_wconf 86' lang='lat' dir='ltr'><strong>sententiahaeo,</strong></span> <span class='ocrx_word' id='word_1_408' title='bbox 1695 2926 1774 2993; x_wconf 91' lang='lat' dir='ltr'><strong>dum</strong></span> <span class='ocrx_word' id='word_1_409' title='bbox 1791 2931 1935 2997; x_wconf 87' lang='lat' dir='ltr'><strong>exsultat</strong></span> <span class='ocrx_word' id='word_1_410' title='bbox 1952 2933 2123 3000; x_wconf 90' lang='lat' dir='ltr'><strong>hominnm</strong></span> 
     </span>
     <span class='ocr_line' id='line_1_30' title="bbox 125 3006 2123 3101; baseline 0.004 -22"><span class='ocrx_word' id='word_1_411' title='bbox 125 3011 335 3097; x_wconf 87' lang='lat' dir='ltr'><strong>praemissus</strong></span> <span class='ocrx_word' id='word_1_412' title='bbox 355 3011 509 3076; x_wconf 82' lang='lat' dir='ltr'><strong>fueritin</strong></span> <span class='ocrx_word' id='word_1_413' title='bbox 531 3012 735 3095; x_wconf 78' lang='lat' dir='ltr'><strong>Aegyptum,</strong></span> <span class='ocrx_word' id='word_1_414' title='bbox 759 3017 798 3075; x_wconf 90' lang='lat' dir='ltr'><strong>ut</strong></span> <span class='ocrx_word' id='word_1_415' title='bbox 825 3030 881 3075; x_wconf 92' lang='lat' dir='ltr'><strong>eos</strong></span> <span class='ocrx_word' id='word_1_416' title='bbox 907 3006 1101 3092; x_wconf 88' lang='lat' dir='ltr'><strong>superstites</strong></span> <span class='ocrx_word' id='word_1_417' title='bbox 1152 3007 1261 3088; x_wconf 90' lang='lat' dir='ltr'><strong>libido,</strong></span> <span class='ocrx_word' id='word_1_418' title='bbox 1295 3017 1329 3075; x_wconf 90' lang='grc' dir='ltr'><strong>ιι</strong></span> <span class='ocrx_word' id='word_1_419' title='bbox 1360 3029 1395 3074; x_wconf 91' lang='lat' dir='ltr'><strong>se</strong></span> <span class='ocrx_word' id='word_1_420' title='bbox 1427 3009 1684 3095; x_wconf 88' lang='lat' dir='ltr'><strong>intemperanter</strong></span> <span class='ocrx_word' id='word_1_421' title='bbox 1717 3013 1817 3080; x_wconf 88' lang='lat' dir='ltr'><strong>iaotat</strong></span> <span class='ocrx_word' id='word_1_422' title='bbox 1849 3015 1914 3084; x_wconf 88' lang='lat' dir='ltr'><strong>huo</strong></span> <span class='ocrx_word' id='word_1_423' title='bbox 1946 3019 2000 3085; x_wconf 92' lang='lat' dir='ltr'><strong>vel</strong></span> <span class='ocrx_word' id='word_1_424' title='bbox 2031 3020 2123 3101; x_wconf 86' lang='lat' dir='ltr'><strong>illus,</strong></span> 
     </span>
     <span class='ocr_line' id='line_1_31' title="bbox 126 3095 2122 3180; baseline 0.004 -15"><span class='ocrx_word' id='word_1_425' title='bbox 126 3106 358 3165; x_wconf 87' lang='lat' dir='ltr'><strong>ounservaret:</strong></span> <span class='ocrx_word' id='word_1_426' title='bbox 386 3095 472 3179; x_wconf 87' lang='lat' dir='ltr'><strong>quod</strong></span> <span class='ocrx_word' id='word_1_427' title='bbox 502 3095 641 3180; x_wconf 89' lang='lat' dir='ltr'><strong>denique</strong></span> <span class='ocrx_word' id='word_1_428' title='bbox 664 3116 729 3161; x_wconf 92' lang='lat' dir='ltr'><strong>non</strong></span> <span class='ocrx_word' id='word_1_429' title='bbox 758 3095 799 3162; x_wconf 91' lang='lat' dir='ltr'><strong>ab</strong></span> <span class='ocrx_word' id='word_1_430' title='bbox 828 3096 907 3178; x_wconf 88' lang='lat' dir='ltr'><strong>ipsis</strong></span> <span class='ocrx_word' id='word_1_431' title='bbox 937 3095 1100 3178; x_wconf 77' lang='lat' dir='ltr'><strong>relegatus</strong></span> <span class='ocrx_word' id='word_1_432' title='bbox 1152 3096 1261 3161; x_wconf 89' lang='lat' dir='ltr'><strong>Deum</strong></span> <span class='ocrx_word' id='word_1_433' title='bbox 1282 3115 1447 3178; x_wconf 88' lang='lat' dir='ltr'><strong>praeesse:</strong></span> <span class='ocrx_word' id='word_1_434' title='bbox 1471 3103 1633 3164; x_wconf 87' lang='lat' dir='ltr'><strong>etaruano</strong></span> <span class='ocrx_word' id='word_1_435' title='bbox 1653 3099 1764 3166; x_wconf 70' lang='lat' dir='ltr'><strong>baono</strong></span> <span class='ocrx_word' id='word_1_436' title='bbox 1785 3121 1899 3168; x_wconf 88' lang='lat' dir='ltr'><strong>eurum</strong></span> <span class='ocrx_word' id='word_1_437' title='bbox 1914 3115 2021 3172; x_wconf 91' lang='lat' dir='ltr'><strong>motus</strong></span> <span class='ocrx_word' id='word_1_438' title='bbox 2043 3106 2122 3172; x_wconf 92' lang='lat' dir='ltr'><strong>diri·</strong></span> 
     </span>
     <span class='ocr_line' id='line_1_32' title="bbox 125 3180 2123 3277; baseline 0.005 -27"><span class='ocrx_word' id='word_1_439' title='bbox 125 3185 232 3252; x_wconf 83' lang='lat' dir='ltr'><strong>fnerit</strong></span> <span class='ocrx_word' id='word_1_440' title='bbox 255 3182 290 3248; x_wconf 93' lang='lat' dir='ltr'><strong>in</strong></span> <span class='ocrx_word' id='word_1_441' title='bbox 312 3183 510 3267; x_wconf 73' lang='lat' dir='ltr'><strong>Aegyptum,</strong></span> <span class='ocrx_word' id='word_1_442' title='bbox 531 3180 588 3248; x_wconf 87' lang='lat' dir='ltr'><strong>sed</strong></span> <span class='ocrx_word' id='word_1_443' title='bbox 609 3181 769 3248; x_wconf 87' lang='lat' dir='ltr'><strong>adduotus</strong></span> <span class='ocrx_word' id='word_1_444' title='bbox 791 3181 854 3246; x_wconf 92' lang='lat' dir='ltr'><strong>Dei</strong></span> <span class='ocrx_word' id='word_1_445' title='bbox 875 3200 985 3246; x_wconf 88' lang='lat' dir='ltr'><strong>manu.</strong></span> <span class='ocrx_word' id='word_1_446' title='bbox 1152 3201 1230 3266; x_wconf 80' lang='lat' dir='ltr'><strong>gere</strong></span> <span class='ocrx_word' id='word_1_447' title='bbox 1248 3200 1439 3265; x_wconf 83' lang='lat' dir='ltr'><strong>quoeunque</strong></span> <span class='ocrx_word' id='word_1_448' title='bbox 1461 3181 1568 3248; x_wconf 80' lang='lat' dir='ltr'><strong>visum</strong></span> <span class='ocrx_word' id='word_1_449' title='bbox 1586 3191 1645 3248; x_wconf 89' lang='lat' dir='ltr'><strong>ast.</strong></span> <span class='ocrx_word' id='word_1_450' title='bbox 1696 3182 1806 3252; x_wconf 81' lang='lat' dir='ltr'><strong>Simul</strong></span> <span class='ocrx_word' id='word_1_451' title='bbox 1828 3195 1938 3254; x_wconf 89' lang='lat' dir='ltr'><strong>tamen</strong></span> <span class='ocrx_word' id='word_1_452' title='bbox 1955 3181 2023 3258; x_wconf 72' lang='lat' dir='ltr'><strong>⁸hoo</strong></span> <span class='ocrx_word' id='word_1_453' title='bbox 2044 3214 2123 3277; x_wconf 89' lang='lat' dir='ltr'><strong>quo·</strong></span> 
     </span>
    </p>

    <p class='ocr_par' dir='ltr' id='par_1_5' title="bbox 113 3262 2124 5416">
     <span class='ocr_line' id='line_1_33' title="bbox 217 3262 2124 3356; baseline 0.005 -21"><span class='ocrx_word' id='word_1_454' title='bbox 217 3269 250 3335; x_wconf 91' lang='lat'><strong>8.</strong></span> <span class='ocrx_word' id='word_1_455' title='bbox 276 3266 349 3334; x_wconf 80' lang='lat' dir='ltr'><strong>Nou</strong></span> <span class='ocrx_word' id='word_1_456' title='bbox 368 3289 422 3336; x_wconf 79' lang='lat' dir='ltr'><strong>uos</strong></span> <span class='ocrx_word' id='word_1_457' title='bbox 442 3268 577 3333; x_wconf 71' lang='lat' dir='ltr'><strong>massalis</strong></span> <span class='ocrx_word' id='word_1_458' title='bbox 593 3287 642 3333; x_wconf 82' lang='lat' dir='ltr'><strong>me</strong></span> <span class='ocrx_word' id='word_1_459' title='bbox 661 3267 729 3334; x_wconf 74' lang='grc' dir='ltr'><strong>ιιι.</strong></span> <span class='ocrx_word' id='word_1_460' title='bbox 763 3268 873 3334; x_wconf 85' lang='lat' dir='ltr'><strong>Loous</strong></span> <span class='ocrx_word' id='word_1_461' title='bbox 888 3266 941 3333; x_wconf 85' lang='lat' dir='ltr'><strong>hio</strong></span> <span class='ocrx_word' id='word_1_462' title='bbox 961 3262 1101 3348; x_wconf 74' lang='lat' dir='ltr'><strong>insignis</strong></span> <span class='ocrx_word' id='word_1_463' title='bbox 1152 3287 1214 3351; x_wconf 83' lang='lat' dir='ltr'><strong>que</strong></span> <span class='ocrx_word' id='word_1_464' title='bbox 1237 3264 1417 3333; x_wconf 89' lang='lat' dir='ltr'><strong>tenendum</strong></span> <span class='ocrx_word' id='word_1_465' title='bbox 1437 3275 1503 3346; x_wconf 91' lang='lat' dir='ltr'><strong>est,</strong></span> <span class='ocrx_word' id='word_1_466' title='bbox 1527 3267 1678 3336; x_wconf 86' lang='lat' dir='ltr'><strong>distinete</strong></span> <span class='ocrx_word' id='word_1_467' title='bbox 1705 3289 1803 3356; x_wconf 84' lang='lat' dir='ltr'><strong>agere</strong></span> <span class='ocrx_word' id='word_1_468' title='bbox 1824 3272 1943 3354; x_wconf 91' lang='lat' dir='ltr'><strong>Deum,</strong></span> <span class='ocrx_word' id='word_1_469' title='bbox 1972 3285 2010 3342; x_wconf 90' lang='lat' dir='ltr'><strong>ut</strong></span> <span class='ocrx_word' id='word_1_470' title='bbox 2038 3277 2124 3344; x_wconf 89' lang='lat' dir='ltr'><strong>nihil</strong></span> 
     </span>
     <span class='ocr_line' id='line_1_34' title="bbox 123 3348 2124 3440; baseline 0.003 -18"><span class='ocrx_word' id='word_1_471' title='bbox 123 3363 187 3438; x_wconf 90' lang='lat' dir='ltr'><strong>est,</strong></span> <span class='ocrx_word' id='word_1_472' title='bbox 211 3375 280 3440; x_wconf 84' lang='lat' dir='ltr'><strong>quo</strong></span> <span class='ocrx_word' id='word_1_473' title='bbox 291 3352 443 3420; x_wconf 84' lang='lat' dir='ltr'><strong>doeemur</strong></span> <span class='ocrx_word' id='word_1_474' title='bbox 457 3373 626 3436; x_wconf 88' lang='lat' dir='ltr'><strong>nunquam</strong></span> <span class='ocrx_word' id='word_1_475' title='bbox 648 3354 695 3420; x_wconf 91' lang='lat' dir='ltr'><strong>sio</strong></span> <span class='ocrx_word' id='word_1_476' title='bbox 716 3351 843 3420; x_wconf 82' lang='lat' dir='ltr'><strong>turbari</strong></span> <span class='ocrx_word' id='word_1_477' title='bbox 864 3359 991 3418; x_wconf 85' lang='lat' dir='ltr'><strong>reatum</strong></span> <span class='ocrx_word' id='word_1_478' title='bbox 1013 3348 1100 3415; x_wconf 92' lang='lat' dir='ltr'><strong>ordi·</strong></span> <span class='ocrx_word' id='word_1_479' title='bbox 1152 3352 1188 3417; x_wconf 95' lang='lat' dir='ltr'><strong>in</strong></span> <span class='ocrx_word' id='word_1_480' title='bbox 1210 3352 1282 3419; x_wconf 87' lang='lat' dir='ltr'><strong>eius</strong></span> <span class='ocrx_word' id='word_1_481' title='bbox 1303 3352 1509 3436; x_wconf 89' lang='lat' dir='ltr'><strong>providentia</strong></span> <span class='ocrx_word' id='word_1_482' title='bbox 1529 3354 1604 3419; x_wconf 87' lang='lat' dir='ltr'><strong>vitii</strong></span> <span class='ocrx_word' id='word_1_483' title='bbox 1623 3355 1772 3422; x_wconf 86' lang='lat' dir='ltr'><strong>haereat:</strong></span> <span class='ocrx_word' id='word_1_484' title='bbox 1796 3357 1880 3424; x_wconf 90' lang='lat' dir='ltr'><strong>nihil</strong></span> <span class='ocrx_word' id='word_1_485' title='bbox 1901 3360 1971 3426; x_wconf 87' lang='lat' dir='ltr'><strong>eius</strong></span> <span class='ocrx_word' id='word_1_486' title='bbox 1995 3361 2124 3429; x_wconf 90' lang='lat' dir='ltr'><strong>deoreta</strong></span> 
     </span>
     <span class='ocr_line' id='line_1_35' title="bbox 123 3437 2122 3530; baseline 0.004 -24"><span class='ocrx_word' id='word_1_487' title='bbox 123 3463 206 3508; x_wconf 91' lang='lat' dir='ltr'><strong>nem</strong></span> <span class='ocrx_word' id='word_1_488' title='bbox 229 3440 402 3506; x_wconf 90' lang='lat' dir='ltr'><strong>hominum</strong></span> <span class='ocrx_word' id='word_1_489' title='bbox 419 3439 584 3522; x_wconf 84' lang='lat' dir='ltr'><strong>pravitate</strong></span> <span class='ocrx_word' id='word_1_490' title='bbox 604 3446 640 3504; x_wconf 87' lang='lat' dir='ltr'><strong>et</strong></span> <span class='ocrx_word' id='word_1_491' title='bbox 661 3439 796 3518; x_wconf 88' lang='lat' dir='ltr'><strong>malitia,</strong></span> <span class='ocrx_word' id='word_1_492' title='bbox 818 3438 898 3523; x_wconf 90' lang='lat' dir='ltr'><strong>quin</strong></span> <span class='ocrx_word' id='word_1_493' title='bbox 909 3439 1002 3504; x_wconf 85' lang='lat' dir='ltr'><strong>Deus</strong></span> <span class='ocrx_word' id='word_1_494' title='bbox 1023 3454 1100 3501; x_wconf 87' lang='lat' dir='ltr'><strong>oon·</strong></span> <span class='ocrx_word' id='word_1_495' title='bbox 1151 3441 1249 3504; x_wconf 89' lang='lat' dir='ltr'><strong>affine</strong></span> <span class='ocrx_word' id='word_1_496' title='bbox 1266 3437 1406 3504; x_wconf 88' lang='lat' dir='ltr'><strong>habeant</strong></span> <span class='ocrx_word' id='word_1_497' title='bbox 1425 3438 1597 3505; x_wconf 91' lang='lat' dir='ltr'><strong>hominum</strong></span> <span class='ocrx_word' id='word_1_498' title='bbox 1617 3441 1715 3508; x_wconf 91' lang='lat' dir='ltr'><strong>vitiis.</strong></span> <span class='ocrx_word' id='word_1_499' title='bbox 1751 3441 1855 3510; x_wconf 83' lang='lat' dir='ltr'><strong>Ouiae</strong></span> <span class='ocrx_word' id='word_1_500' title='bbox 1872 3446 1920 3511; x_wconf 90' lang='lat' dir='ltr'><strong>rei</strong></span> <span class='ocrx_word' id='word_1_501' title='bbox 1937 3447 2122 3530; x_wconf 85' lang='lat' dir='ltr'><strong>puleherri·</strong></span> 
     </span>
     <span class='ocr_line' id='line_1_36' title="bbox 120 3522 2122 3608; baseline 0.002 -14"><span class='ocrx_word' id='word_1_502' title='bbox 120 3527 221 3594; x_wconf 83' lang='lat' dir='ltr'><strong>lusos</strong></span> <span class='ocrx_word' id='word_1_503' title='bbox 243 3532 278 3591; x_wconf 92' lang='lat' dir='ltr'><strong>et</strong></span> <span class='ocrx_word' id='word_1_504' title='bbox 298 3524 502 3592; x_wconf 87' lang='lat' dir='ltr'><strong>turbulentos</strong></span> <span class='ocrx_word' id='word_1_505' title='bbox 522 3544 635 3590; x_wconf 86' lang='lat' dir='ltr'><strong>eorum</strong></span> <span class='ocrx_word' id='word_1_506' title='bbox 651 3524 792 3608; x_wconf 88' lang='lat' dir='ltr'><strong>impetus</strong></span> <span class='ocrx_word' id='word_1_507' title='bbox 809 3525 843 3590; x_wconf 92' lang='lat' dir='ltr'><strong>in</strong></span> <span class='ocrx_word' id='word_1_508' title='bbox 861 3525 982 3590; x_wconf 92' lang='lat' dir='ltr'><strong>bonum</strong></span> <span class='ocrx_word' id='word_1_509' title='bbox 1001 3522 1100 3588; x_wconf 89' lang='lat' dir='ltr'><strong>linem</strong></span> <span class='ocrx_word' id='word_1_510' title='bbox 1150 3545 1241 3590; x_wconf 90' lang='lat' dir='ltr'><strong>mum</strong></span> <span class='ocrx_word' id='word_1_511' title='bbox 1263 3524 1431 3608; x_wconf 75' lang='lat' dir='ltr'><strong>speculum</strong></span> <span class='ocrx_word' id='word_1_512' title='bbox 1453 3527 1488 3590; x_wconf 94' lang='lat' dir='ltr'><strong>in</strong></span> <span class='ocrx_word' id='word_1_513' title='bbox 1509 3524 1571 3592; x_wconf 88' lang='lat' dir='ltr'><strong>hae</strong></span> <span class='ocrx_word' id='word_1_514' title='bbox 1596 3525 1735 3593; x_wconf 86' lang='lat' dir='ltr'><strong>historia</strong></span> <span class='ocrx_word' id='word_1_515' title='bbox 1755 3528 1858 3596; x_wconf 86' lang='lat' dir='ltr'><strong>oeulis</strong></span> <span class='ocrx_word' id='word_1_516' title='bbox 1879 3533 1999 3598; x_wconf 87' lang='lat' dir='ltr'><strong>nostris</strong></span> <span class='ocrx_word' id='word_1_517' title='bbox 2021 3531 2122 3599; x_wconf 88' lang='lat' dir='ltr'><strong>subii·</strong></span> 
     </span>
     <span class='ocr_line' id='line_1_37' title="bbox 122 3609 2120 3700; baseline 0.003 -21"><span class='ocrx_word' id='word_1_518' title='bbox 122 3612 265 3698; x_wconf 81' lang='lat' dir='ltr'><strong>dirigat.</strong></span> <span class='ocrx_word' id='word_1_519' title='bbox 299 3612 474 3678; x_wconf 86' lang='lat' dir='ltr'><strong>Monemur</strong></span> <span class='ocrx_word' id='word_1_520' title='bbox 496 3611 594 3676; x_wconf 87' lang='lat' dir='ltr'><strong>etiam</strong></span> <span class='ocrx_word' id='word_1_521' title='bbox 607 3610 766 3693; x_wconf 90' lang='lat' dir='ltr'><strong>quomodo</strong></span> <span class='ocrx_word' id='word_1_522' title='bbox 786 3617 820 3674; x_wconf 94' lang='grc' dir='ltr'><strong>ιι</strong></span> <span class='ocrx_word' id='word_1_523' title='bbox 840 3610 874 3674; x_wconf 93' lang='lat' dir='ltr'><strong>in</strong></span> <span class='ocrx_word' id='word_1_524' title='bbox 884 3630 981 3694; x_wconf 89' lang='lat' dir='ltr'><strong>quem</strong></span> <span class='ocrx_word' id='word_1_525' title='bbox 1003 3629 1101 3673; x_wconf 89' lang='lat' dir='ltr'><strong>nsum</strong></span> <span class='ocrx_word' id='word_1_526' title='bbox 1150 3611 1249 3678; x_wconf 87' lang='lat' dir='ltr'><strong>oitnr:</strong></span> <span class='ocrx_word' id='word_1_527' title='bbox 1281 3609 1446 3676; x_wconf 83' lang='lat' dir='ltr'><strong>Venditus</strong></span> <span class='ocrx_word' id='word_1_528' title='bbox 1473 3610 1536 3677; x_wconf 79' lang='lat' dir='ltr'><strong>luit</strong></span> <span class='ocrx_word' id='word_1_529' title='bbox 1560 3610 1679 3697; x_wconf 89' lang='lat' dir='ltr'><strong>Ioseph</strong></span> <span class='ocrx_word' id='word_1_530' title='bbox 1706 3633 1726 3679; x_wconf 93' lang='lat' dir='ltr'><strong>a</strong></span> <span class='ocrx_word' id='word_1_531' title='bbox 1752 3615 1922 3682; x_wconf 84' lang='lat' dir='ltr'><strong>iratribus:</strong></span> <span class='ocrx_word' id='word_1_532' title='bbox 1956 3637 2120 3700; x_wconf 86' lang='lat' dir='ltr'><strong>quorsum,</strong></span> 
     </span>
     <span class='ocr_line' id='line_1_38' title="bbox 121 3693 2120 3786; baseline 0.002 -20"><span class='ocrx_word' id='word_1_533' title='bbox 121 3699 226 3766; x_wconf 90' lang='lat' dir='ltr'><strong>nobis</strong></span> <span class='ocrx_word' id='word_1_534' title='bbox 249 3695 486 3762; x_wconf 76' lang='lat' dir='ltr'><strong>musiderenda</strong></span> <span class='ocrx_word' id='word_1_535' title='bbox 512 3696 555 3761; x_wconf 87' lang='lat' dir='ltr'><strong>sit</strong></span> <span class='ocrx_word' id='word_1_536' title='bbox 576 3695 642 3762; x_wconf 91' lang='lat' dir='ltr'><strong>Dei</strong></span> <span class='ocrx_word' id='word_1_537' title='bbox 669 3695 881 3780; x_wconf 89' lang='lat' dir='ltr'><strong>providentia.</strong></span> <span class='ocrx_word' id='word_1_538' title='bbox 925 3695 1037 3778; x_wconf 79' lang='lat' dir='ltr'><strong>Quum</strong></span> <span class='ocrx_word' id='word_1_539' title='bbox 1060 3693 1100 3758; x_wconf 87' lang='lat' dir='ltr'><strong>de</strong></span> <span class='ocrx_word' id='word_1_540' title='bbox 1148 3698 1213 3763; x_wconf 89' lang='lat' dir='ltr'><strong>nisi</strong></span> <span class='ocrx_word' id='word_1_541' title='bbox 1234 3696 1311 3781; x_wconf 89' lang='lat' dir='ltr'><strong>quia</strong></span> <span class='ocrx_word' id='word_1_542' title='bbox 1332 3695 1495 3780; x_wconf 89' lang='lat' dir='ltr'><strong>perditum</strong></span> <span class='ocrx_word' id='word_1_543' title='bbox 1515 3697 1633 3779; x_wconf 86' lang='lat' dir='ltr'><strong>quovis</strong></span> <span class='ocrx_word' id='word_1_544' title='bbox 1654 3697 1759 3778; x_wconf 90' lang='lat' dir='ltr'><strong>modo,</strong></span> <span class='ocrx_word' id='word_1_545' title='bbox 1781 3700 2042 3786; x_wconf 89' lang='lat' dir='ltr'><strong>exstinutumque</strong></span> <span class='ocrx_word' id='word_1_546' title='bbox 2063 3725 2120 3772; x_wconf 93' lang='lat' dir='ltr'><strong>vo-</strong></span> 
     </span>
     <span class='ocr_line' id='line_1_39' title="bbox 123 3779 2120 3873; baseline 0.001 -21"><span class='ocrx_word' id='word_1_547' title='bbox 123 3805 164 3852; x_wconf 85' lang='lat' dir='ltr'><strong>ea</strong></span> <span class='ocrx_word' id='word_1_548' title='bbox 187 3783 315 3851; x_wconf 87' lang='lat' dir='ltr'><strong>onrioei</strong></span> <span class='ocrx_word' id='word_1_549' title='bbox 332 3781 481 3848; x_wconf 90' lang='lat' dir='ltr'><strong>homines</strong></span> <span class='ocrx_word' id='word_1_550' title='bbox 502 3779 680 3865; x_wconf 88' lang='lat' dir='ltr'><strong>disputant,</strong></span> <span class='ocrx_word' id='word_1_551' title='bbox 708 3801 776 3848; x_wconf 92' lang='lat' dir='ltr'><strong>non</strong></span> <span class='ocrx_word' id='word_1_552' title='bbox 797 3781 892 3847; x_wconf 92' lang='lat' dir='ltr'><strong>modo</strong></span> <span class='ocrx_word' id='word_1_553' title='bbox 914 3779 1100 3864; x_wconf 88' lang='lat' dir='ltr'><strong>posthabito</strong></span> <span class='ocrx_word' id='word_1_554' title='bbox 1149 3781 1284 3850; x_wconf 84' lang='lat' dir='ltr'><strong>lebant?</strong></span> <span class='ocrx_word' id='word_1_555' title='bbox 1312 3781 1405 3848; x_wconf 89' lang='lat' dir='ltr'><strong>Idem</strong></span> <span class='ocrx_word' id='word_1_556' title='bbox 1434 3803 1515 3867; x_wconf 88' lang='lat' dir='ltr'><strong>opus</strong></span> <span class='ocrx_word' id='word_1_557' title='bbox 1537 3782 1608 3848; x_wconf 90' lang='lat' dir='ltr'><strong>Deo</strong></span> <span class='ocrx_word' id='word_1_558' title='bbox 1630 3783 1842 3852; x_wconf 89' lang='lat' dir='ltr'><strong>adsoribitur:</strong></span> <span class='ocrx_word' id='word_1_559' title='bbox 1873 3786 1931 3852; x_wconf 88' lang='lat' dir='ltr'><strong>sed</strong></span> <span class='ocrx_word' id='word_1_560' title='bbox 1951 3787 2048 3873; x_wconf 79' lang='lat' dir='ltr'><strong>longe</strong></span> <span class='ocrx_word' id='word_1_561' title='bbox 2070 3788 2120 3854; x_wconf 93' lang='lat' dir='ltr'><strong>di·</strong></span> 
     </span>
     <span class='ocr_line' id='line_1_40' title="bbox 121 3865 2120 3958; baseline 0.003 -22"><span class='ocrx_word' id='word_1_562' title='bbox 121 3873 194 3937; x_wconf 86' lang='lat' dir='ltr'><strong>line</strong></span> <span class='ocrx_word' id='word_1_563' title='bbox 218 3869 361 3936; x_wconf 87' lang='lat' dir='ltr'><strong>misoent</strong></span> <span class='ocrx_word' id='word_1_564' title='bbox 382 3887 421 3934; x_wconf 84' lang='lat' dir='ltr'><strong>uo</strong></span> <span class='ocrx_word' id='word_1_565' title='bbox 442 3874 636 3952; x_wconf 88' lang='lat' dir='ltr'><strong>pervertunt</strong></span> <span class='ocrx_word' id='word_1_566' title='bbox 657 3869 783 3948; x_wconf 88' lang='lat' dir='ltr'><strong>omnia,</strong></span> <span class='ocrx_word' id='word_1_567' title='bbox 810 3865 867 3934; x_wconf 90' lang='lat' dir='ltr'><strong>ssd</strong></span> <span class='ocrx_word' id='word_1_568' title='bbox 889 3884 1101 3950; x_wconf 86' lang='lat' dir='ltr'><strong>quaeeunque</strong></span> <span class='ocrx_word' id='word_1_569' title='bbox 1151 3889 1246 3935; x_wconf 88' lang='lat' dir='ltr'><strong>verso</strong></span> <span class='ocrx_word' id='word_1_570' title='bbox 1266 3869 1343 3947; x_wconf 90' lang='lat' dir='ltr'><strong>fine,</strong></span> <span class='ocrx_word' id='word_1_571' title='bbox 1365 3873 1402 3933; x_wconf 92' lang='lat' dir='ltr'><strong>ut</strong></span> <span class='ocrx_word' id='word_1_572' title='bbox 1418 3867 1542 3934; x_wconf 87' lang='lat' dir='ltr'><strong>soilioet</strong></span> <span class='ocrx_word' id='word_1_573' title='bbox 1559 3875 1625 3934; x_wconf 92' lang='lat' dir='ltr'><strong>tem</strong></span> <span class='ocrx_word' id='word_1_574' title='bbox 1650 3889 1706 3936; x_wconf 88' lang='lat' dir='ltr'><strong>ure</strong></span> <span class='ocrx_word' id='word_1_575' title='bbox 1723 3871 1818 3938; x_wconf 83' lang='lat' dir='ltr'><strong>famis</strong></span> <span class='ocrx_word' id='word_1_576' title='bbox 1836 3873 2008 3939; x_wconf 90' lang='lat' dir='ltr'><strong>nutritium</strong></span> <span class='ocrx_word' id='word_1_577' title='bbox 2025 3896 2120 3958; x_wconf 88' lang='lat' dir='ltr'><strong>prae·</strong></span> 
     </span>
     <span class='ocr_line' id='line_1_41' title="bbox 118 3950 2121 4043; baseline 0.002 -20"><span class='ocrx_word' id='word_1_578' title='bbox 118 3963 272 4042; x_wconf 88' lang='lat' dir='ltr'><strong>possunt</strong></span> <span class='ocrx_word' id='word_1_579' title='bbox 303 3953 445 4020; x_wconf 88' lang='lat' dir='ltr'><strong>absurda</strong></span> <span class='ocrx_word' id='word_1_580' title='bbox 482 3953 672 4038; x_wconf 81' lang='lat' dir='ltr'><strong>exoogitant</strong></span> <span class='ocrx_word' id='word_1_581' title='bbox 706 3953 748 4020; x_wconf 85' lang='lat' dir='ltr'><strong>ad</strong></span> <span class='ocrx_word' id='word_1_582' title='bbox 783 3952 1003 4038; x_wconf 82' lang='lat' dir='ltr'><strong>sugillandam</strong></span> <span class='ocrx_word' id='word_1_583' title='bbox 1034 3950 1100 4017; x_wconf 91' lang='lat' dir='ltr'><strong>Dei</strong></span> <span class='ocrx_word' id='word_1_584' title='bbox 1150 3962 1200 4020; x_wconf 88' lang='lat' dir='ltr'><strong>ter</strong></span> <span class='ocrx_word' id='word_1_585' title='bbox 1222 3975 1313 4039; x_wconf 89' lang='lat' dir='ltr'><strong>spem</strong></span> <span class='ocrx_word' id='word_1_586' title='bbox 1335 3953 1470 4020; x_wconf 90' lang='lat' dir='ltr'><strong>haberet</strong></span> <span class='ocrx_word' id='word_1_587' title='bbox 1490 3954 1607 4020; x_wconf 89' lang='lat' dir='ltr'><strong>domus</strong></span> <span class='ocrx_word' id='word_1_588' title='bbox 1667 3955 1734 4023; x_wconf 87' lang='lat' dir='ltr'><strong>oob.</strong></span> <span class='ocrx_word' id='word_1_589' title='bbox 1777 3957 1830 4023; x_wconf 89' lang='lat' dir='ltr'><strong>Ita</strong></span> <span class='ocrx_word' id='word_1_590' title='bbox 1852 3957 1942 4024; x_wconf 88' lang='lat' dir='ltr'><strong>brevi</strong></span> <span class='ocrx_word' id='word_1_591' title='bbox 1965 3961 2121 4043; x_wconf 86' lang='lat' dir='ltr'><strong>temporis</strong></span> 
     </span>
     <span class='ocr_line' id='line_1_42' title="bbox 119 4037 2120 4127; baseline 0.002 -19"><span class='ocrx_word' id='word_1_592' title='bbox 119 4041 303 4110; x_wconf 86' lang='lat' dir='ltr'><strong>iustitiam.</strong></span> <span class='ocrx_word' id='word_1_593' title='bbox 353 4041 461 4124; x_wconf 82' lang='lat' dir='ltr'><strong>Atque</strong></span> <span class='ocrx_word' id='word_1_594' title='bbox 489 4041 570 4106; x_wconf 90' lang='lat' dir='ltr'><strong>baso</strong></span> <span class='ocrx_word' id='word_1_595' title='bbox 597 4039 767 4124; x_wconf 80' lang='lat' dir='ltr'><strong>protervia</strong></span> <span class='ocrx_word' id='word_1_596' title='bbox 793 4037 873 4105; x_wconf 81' lang='lat' dir='ltr'><strong>lauit</strong></span> <span class='ocrx_word' id='word_1_597' title='bbox 900 4046 939 4104; x_wconf 88' lang='lat' dir='ltr'><strong>ut</strong></span> <span class='ocrx_word' id='word_1_598' title='bbox 965 4037 1100 4121; x_wconf 80' lang='lat' dir='ltr'><strong>eupiunt</strong></span> <span class='ocrx_word' id='word_1_599' title='bbox 1149 4041 1256 4126; x_wconf 88' lang='lat' dir='ltr'><strong>spatio</strong></span> <span class='ocrx_word' id='word_1_600' title='bbox 1278 4038 1382 4106; x_wconf 90' lang='lat' dir='ltr'><strong>voluit</strong></span> <span class='ocrx_word' id='word_1_601' title='bbox 1403 4039 1496 4124; x_wconf 86' lang='lat' dir='ltr'><strong>quasi</strong></span> <span class='ocrx_word' id='word_1_602' title='bbox 1512 4039 1653 4106; x_wconf 87' lang='lat' dir='ltr'><strong>oooisum</strong></span> <span class='ocrx_word' id='word_1_603' title='bbox 1675 4041 1804 4126; x_wconf 89' lang='lat' dir='ltr'><strong>Ioseph,</strong></span> <span class='ocrx_word' id='word_1_604' title='bbox 1827 4051 1865 4108; x_wconf 91' lang='lat' dir='ltr'><strong>nt</strong></span> <span class='ocrx_word' id='word_1_605' title='bbox 1881 4053 2014 4127; x_wconf 87' lang='lat' dir='ltr'><strong>repente</strong></span> <span class='ocrx_word' id='word_1_606' title='bbox 2032 4047 2120 4112; x_wconf 87' lang='lat' dir='ltr'><strong>vitae</strong></span> 
     </span>
     <span class='ocr_line' id='line_1_43' title="bbox 119 4123 2119 4216; baseline 0.002 -23"><span class='ocrx_word' id='word_1_607' title='bbox 119 4125 284 4195; x_wconf 92' lang='lat' dir='ltr'><strong>nonnulli</strong></span> <span class='ocrx_word' id='word_1_608' title='bbox 305 4124 351 4209; x_wconf 92' lang='lat' dir='ltr'><strong>pii</strong></span> <span class='ocrx_word' id='word_1_609' title='bbox 367 4133 402 4190; x_wconf 91' lang='lat' dir='ltr'><strong>at</strong></span> <span class='ocrx_word' id='word_1_610' title='bbox 418 4125 555 4192; x_wconf 88' lang='lat' dir='ltr'><strong>modesti</strong></span> <span class='ocrx_word' id='word_1_611' title='bbox 577 4124 725 4192; x_wconf 90' lang='lat' dir='ltr'><strong>homines</strong></span> <span class='ocrx_word' id='word_1_612' title='bbox 742 4123 906 4208; x_wconf 84' lang='lat' dir='ltr'><strong>sepultam</strong></span> <span class='ocrx_word' id='word_1_613' title='bbox 926 4145 997 4191; x_wconf 89' lang='lat' dir='ltr'><strong>esse</strong></span> <span class='ocrx_word' id='word_1_614' title='bbox 1013 4124 1099 4190; x_wconf 90' lang='lat' dir='ltr'><strong>hano</strong></span> <span class='ocrx_word' id='word_1_615' title='bbox 1148 4137 1295 4193; x_wconf 86' lang='lat' dir='ltr'><strong>autorem</strong></span> <span class='ocrx_word' id='word_1_616' title='bbox 1313 4148 1354 4192; x_wconf 87' lang='lat' dir='ltr'><strong>ex</strong></span> <span class='ocrx_word' id='word_1_617' title='bbox 1376 4125 1522 4209; x_wconf 87' lang='lat' dir='ltr'><strong>sepulero</strong></span> <span class='ocrx_word' id='word_1_618' title='bbox 1536 4125 1698 4192; x_wconf 83' lang='lat' dir='ltr'><strong>adnuerat.</strong></span> <span class='ocrx_word' id='word_1_619' title='bbox 1726 4127 1823 4196; x_wconf 88' lang='lat' dir='ltr'><strong>Unde</strong></span> <span class='ocrx_word' id='word_1_620' title='bbox 1840 4137 1984 4214; x_wconf 86' lang='lat' dir='ltr'><strong>apparet,</strong></span> <span class='ocrx_word' id='word_1_621' title='bbox 2006 4151 2119 4216; x_wconf 88' lang='lat' dir='ltr'><strong>quam·</strong></span> 
     </span>
     <span class='ocr_line' id='line_1_44' title="bbox 119 4209 2119 4298; baseline 0.002 -18"><span class='ocrx_word' id='word_1_622' title='bbox 119 4212 301 4282; x_wconf 83' lang='lat' dir='ltr'><strong>doetrinae</strong></span> <span class='ocrx_word' id='word_1_623' title='bbox 319 4218 456 4294; x_wconf 86' lang='lat' dir='ltr'><strong>partem.</strong></span> <span class='ocrx_word' id='word_1_624' title='bbox 489 4210 595 4277; x_wconf 79' lang='lat' dir='ltr'><strong>Simul</strong></span> <span class='ocrx_word' id='word_1_625' title='bbox 614 4209 884 4294; x_wconf 87' lang='lat' dir='ltr'><strong>animatquehoo</strong></span> <span class='ocrx_word' id='word_1_626' title='bbox 901 4210 935 4276; x_wconf 93' lang='lat' dir='ltr'><strong>in</strong></span> <span class='ocrx_word' id='word_1_627' title='bbox 953 4209 1099 4275; x_wconf 87' lang='lat' dir='ltr'><strong>medium</strong></span> <span class='ocrx_word' id='word_1_628' title='bbox 1149 4214 1201 4279; x_wconf 93' lang='lat' dir='ltr'><strong>vis</strong></span> <span class='ocrx_word' id='word_1_629' title='bbox 1222 4210 1309 4277; x_wconf 89' lang='lat' dir='ltr'><strong>idem</strong></span> <span class='ocrx_word' id='word_1_630' title='bbox 1341 4232 1414 4278; x_wconf 86' lang='lat' dir='ltr'><strong>oum</strong></span> <span class='ocrx_word' id='word_1_631' title='bbox 1437 4211 1592 4295; x_wconf 90' lang='lat' dir='ltr'><strong>improbis</strong></span> <span class='ocrx_word' id='word_1_632' title='bbox 1614 4212 1710 4278; x_wconf 93' lang='lat' dir='ltr'><strong>initio</strong></span> <span class='ocrx_word' id='word_1_633' title='bbox 1738 4234 1835 4298; x_wconf 80' lang='lat' dir='ltr'><strong>agere</strong></span> <span class='ocrx_word' id='word_1_634' title='bbox 1863 4215 2021 4297; x_wconf 88' lang='lat' dir='ltr'><strong>videatur,</strong></span> <span class='ocrx_word' id='word_1_635' title='bbox 2049 4218 2119 4284; x_wconf 93' lang='lat' dir='ltr'><strong>lon-</strong></span> 
     </span>
     <span class='ocr_line' id='line_1_45' title="bbox 117 4295 2120 4384; baseline 0.002 -20"><span class='ocrx_word' id='word_1_636' title='bbox 117 4299 311 4384; x_wconf 82' lang='lat' dir='ltr'><strong>profertur,</strong></span> <span class='ocrx_word' id='word_1_637' title='bbox 339 4298 451 4363; x_wconf 91' lang='lat' dir='ltr'><strong>Deum</strong></span> <span class='ocrx_word' id='word_1_638' title='bbox 476 4295 592 4362; x_wconf 89' lang='lat' dir='ltr'><strong>mnndi</strong></span> <span class='ocrx_word' id='word_1_639' title='bbox 613 4296 714 4362; x_wconf 86' lang='lat' dir='ltr'><strong>totius</strong></span> <span class='ocrx_word' id='word_1_640' title='bbox 735 4296 957 4381; x_wconf 77' lang='lat' dir='ltr'><strong>gubernaoula</strong></span> <span class='ocrx_word' id='word_1_641' title='bbox 978 4304 1099 4376; x_wconf 89' lang='lat' dir='ltr'><strong>tenere,</strong></span> <span class='ocrx_word' id='word_1_642' title='bbox 1149 4317 1227 4384; x_wconf 86' lang='lat' dir='ltr'><strong>gam</strong></span> <span class='ocrx_word' id='word_1_643' title='bbox 1248 4307 1360 4362; x_wconf 89' lang='lat' dir='ltr'><strong>tamen</strong></span> <span class='ocrx_word' id='word_1_644' title='bbox 1381 4316 1452 4362; x_wconf 86' lang='lat' dir='ltr'><strong>esse</strong></span> <span class='ocrx_word' id='word_1_645' title='bbox 1474 4297 1663 4362; x_wconf 87' lang='lat' dir='ltr'><strong>distantiam</strong></span> <span class='ocrx_word' id='word_1_646' title='bbox 1691 4299 1778 4365; x_wconf 90' lang='lat' dir='ltr'><strong>inter</strong></span> <span class='ocrx_word' id='word_1_647' title='bbox 1798 4299 1930 4364; x_wconf 90' lang='lat' dir='ltr'><strong>illorum</strong></span> <span class='ocrx_word' id='word_1_648' title='bbox 1958 4301 2064 4367; x_wconf 87' lang='lat' dir='ltr'><strong>eoelus</strong></span> <span class='ocrx_word' id='word_1_649' title='bbox 2086 4311 2120 4368; x_wconf 90' lang='lat' dir='ltr'><strong>et</strong></span> 
     </span>
     <span class='ocr_line' id='line_1_46' title="bbox 117 4381 2120 4486; baseline 0.001 -34"><span class='ocrx_word' id='word_1_650' title='bbox 117 4395 159 4452; x_wconf 91' lang='lat' dir='ltr'><strong>ut</strong></span> <span class='ocrx_word' id='word_1_651' title='bbox 191 4381 286 4448; x_wconf 90' lang='lat' dir='ltr'><strong>nihil</strong></span> <span class='ocrx_word' id='word_1_652' title='bbox 313 4383 380 4447; x_wconf 88' lang='lat' dir='ltr'><strong>nisi</strong></span> <span class='ocrx_word' id='word_1_653' title='bbox 409 4383 480 4449; x_wconf 86' lang='lat' dir='ltr'><strong>eius</strong></span> <span class='ocrx_word' id='word_1_654' title='bbox 508 4391 591 4450; x_wconf 85' lang='lat' dir='ltr'><strong>nutu</strong></span> <span class='ocrx_word' id='word_1_655' title='bbox 606 4391 658 4483; x_wconf 42' lang='lat' dir='ltr'><strong>&#39;et</strong></span> <span class='ocrx_word' id='word_1_656' title='bbox 692 4381 830 4466; x_wconf 91' lang='lat' dir='ltr'><strong>imperio</strong></span> <span class='ocrx_word' id='word_1_657' title='bbox 861 4387 1010 4484; x_wconf 77' lang='lat' dir='ltr'><strong>geratur:</strong></span> <span class='ocrx_word' id='word_1_658' title='bbox 1044 4382 1099 4484; x_wconf 83' lang='lat' dir='ltr'><strong>qui</strong></span> <span class='ocrx_word' id='word_1_659' title='bbox 1150 4382 1340 4449; x_wconf 89' lang='lat' dir='ltr'><strong>admirabile</strong></span> <span class='ocrx_word' id='word_1_660' title='bbox 1356 4383 1431 4482; x_wconf 35' lang='lat' dir='ltr'><strong>,eine</strong></span> <span class='ocrx_word' id='word_1_661' title='bbox 1450 4381 1618 4484; x_wconf 76' lang='lat' dir='ltr'><strong>indicium.</strong></span> <span class='ocrx_word' id='word_1_662' title='bbox 1662 4382 1759 4450; x_wconf 88' lang='lat' dir='ltr'><strong>Nune</strong></span> <span class='ocrx_word' id='word_1_663' title='bbox 1776 4384 1998 4486; x_wconf 76' lang='lat' dir='ltr'><strong>expendamus</strong></span> <span class='ocrx_word' id='word_1_664' title='bbox 2022 4389 2120 4454; x_wconf 89' lang='lat' dir='ltr'><strong>verba</strong></span> 
     </span>
     <span class='ocr_line' id='line_1_47' title="bbox 114 4467 2119 4640; baseline -0 -16"><span class='ocrx_word' id='word_1_665' title='bbox 114 4475 704 4637; x_wconf 57' lang='lat' dir='ltr'><strong>:ffitntttttt&#39;ntttttt</strong></span> <span class='ocrx_word' id='word_1_666' title='bbox 726 4468 791 4620; x_wconf 69' lang='lat' dir='ltr'><strong>ii„</strong></span> <span class='ocrx_word' id='word_1_667' title='bbox 811 4469 1099 4635; x_wconf 60' lang='lat' dir='ltr'><strong>diffidi:</strong></span> <span class='ocrx_word' id='word_1_668' title='bbox 1148 4467 2119 4640; x_wconf 45' lang='lat' dir='ltr'><strong>{tttlmltttttnittttltttt„:tlttt‘ttlr</strong></span> 
     </span>
     <span class='ocr_line' id='line_1_48' title="bbox 114 4638 2120 4738; baseline -0 -27"><span class='ocrx_word' id='word_1_669' title='bbox 114 4643 180 4712; x_wconf 86' lang='lat' dir='ltr'><strong>sed</strong></span> <span class='ocrx_word' id='word_1_670' title='bbox 214 4639 319 4706; x_wconf 83' lang='lat' dir='ltr'><strong>etism</strong></span> <span class='ocrx_word' id='word_1_671' title='bbox 348 4640 472 4706; x_wconf 87' lang='lat' dir='ltr'><strong>noxias.</strong></span> <span class='ocrx_word' id='word_1_672' title='bbox 521 4638 647 4706; x_wconf 88' lang='lat' dir='ltr'><strong>Verum</strong></span> <span class='ocrx_word' id='word_1_673' title='bbox 677 4647 714 4705; x_wconf 92' lang='grc' dir='ltr'><strong>ιιι</strong></span> <span class='ocrx_word' id='word_1_674' title='bbox 740 4639 921 4706; x_wconf 91' lang='lat' dir='ltr'><strong>oohibenda</strong></span> <span class='ocrx_word' id='word_1_675' title='bbox 948 4645 998 4705; x_wconf 88' lang='lat' dir='ltr'><strong>est</strong></span> <span class='ocrx_word' id='word_1_676' title='bbox 1023 4660 1098 4724; x_wconf 87' lang='lat' dir='ltr'><strong>pru·</strong></span> <span class='ocrx_word' id='word_1_677' title='bbox 1149 4647 1242 4707; x_wconf 87' lang='lat' dir='ltr'><strong>reatu</strong></span> <span class='ocrx_word' id='word_1_678' title='bbox 1263 4640 1422 4738; x_wconf 78' lang='lat' dir='ltr'><strong>homines,</strong></span> <span class='ocrx_word' id='word_1_679' title='bbox 1447 4640 1597 4724; x_wconf 89' lang='lat' dir='ltr'><strong>quemvis</strong></span> <span class='ocrx_word' id='word_1_680' title='bbox 1617 4641 1710 4706; x_wconf 88' lang='lat' dir='ltr'><strong>Deus</strong></span> <span class='ocrx_word' id='word_1_681' title='bbox 1740 4650 1869 4724; x_wconf 87' lang='lat' dir='ltr'><strong>praeter</strong></span> <span class='ocrx_word' id='word_1_682' title='bbox 1893 4664 1984 4726; x_wconf 86' lang='lat' dir='ltr'><strong>spem</strong></span> <span class='ocrx_word' id='word_1_683' title='bbox 2007 4644 2041 4707; x_wconf 94' lang='lat' dir='ltr'><strong>in</strong></span> <span class='ocrx_word' id='word_1_684' title='bbox 2064 4644 2120 4711; x_wconf 94' lang='lat' dir='ltr'><strong>bo-</strong></span> 
     </span>
     <span class='ocr_line' id='line_1_49' title="bbox 115 4724 2119 4814; baseline -0 -18"><span class='ocrx_word' id='word_1_685' title='bbox 115 4730 204 4796; x_wconf 84' lang='lat' dir='ltr'><strong>iana</strong></span> <span class='ocrx_word' id='word_1_686' title='bbox 228 4725 297 4792; x_wconf 87' lang='lat' dir='ltr'><strong>ista</strong></span> <span class='ocrx_word' id='word_1_687' title='bbox 316 4724 542 4808; x_wconf 88' lang='lat' dir='ltr'><strong>intemperies,</strong></span> <span class='ocrx_word' id='word_1_688' title='bbox 569 4725 617 4792; x_wconf 90' lang='lat' dir='ltr'><strong>ita</strong></span> <span class='ocrx_word' id='word_1_689' title='bbox 646 4725 762 4793; x_wconf 89' lang='lat' dir='ltr'><strong>modus</strong></span> <span class='ocrx_word' id='word_1_690' title='bbox 794 4725 954 4792; x_wconf 87' lang='lat' dir='ltr'><strong>tenendus</strong></span> <span class='ocrx_word' id='word_1_691' title='bbox 986 4734 1037 4792; x_wconf 90' lang='lat' dir='ltr'><strong>est</strong></span> <span class='ocrx_word' id='word_1_692' title='bbox 1058 4747 1099 4791; x_wconf 92' lang='lat' dir='ltr'><strong>ne</strong></span> <span class='ocrx_word' id='word_1_693' title='bbox 1150 4746 1229 4794; x_wconf 92' lang='lat' dir='ltr'><strong>num</strong></span> <span class='ocrx_word' id='word_1_694' title='bbox 1252 4734 1286 4790; x_wconf 87' lang='lat' dir='ltr'><strong>st</strong></span> <span class='ocrx_word' id='word_1_695' title='bbox 1304 4726 1432 4792; x_wconf 84' lang='lat' dir='ltr'><strong>felroem</strong></span> <span class='ocrx_word' id='word_1_696' title='bbox 1454 4726 1581 4790; x_wconf 86' lang='lat' dir='ltr'><strong>exitum</strong></span> <span class='ocrx_word' id='word_1_697' title='bbox 1604 4727 1779 4792; x_wconf 80' lang='lat' dir='ltr'><strong>transferat</strong></span> <span class='ocrx_word' id='word_1_698' title='bbox 1807 4726 1891 4811; x_wconf 90' lang='lat' dir='ltr'><strong>quod</strong></span> <span class='ocrx_word' id='word_1_699' title='bbox 1918 4729 1980 4810; x_wconf 89' lang='lat' dir='ltr'><strong>ipsi</strong></span> <span class='ocrx_word' id='word_1_700' title='bbox 2001 4751 2119 4814; x_wconf 89' lang='lat' dir='ltr'><strong>perpe·</strong></span> 
     </span>
     <span class='ocr_line' id='line_1_50' title="bbox 115 4810 2119 4898; baseline -0.001 -15"><span class='ocrx_word' id='word_1_701' title='bbox 115 4831 279 4884; x_wconf 79' lang='lat' dir='ltr'><strong>orassem</strong></span> <span class='ocrx_word' id='word_1_702' title='bbox 302 4819 494 4895; x_wconf 87' lang='lat' dir='ltr'><strong>appetamus</strong></span> <span class='ocrx_word' id='word_1_703' title='bbox 515 4811 734 4896; x_wconf 84' lang='lat' dir='ltr'><strong>ignorantiam</strong></span> <span class='ocrx_word' id='word_1_704' title='bbox 752 4831 865 4877; x_wconf 91' lang='lat' dir='ltr'><strong>earum</strong></span> <span class='ocrx_word' id='word_1_705' title='bbox 885 4831 996 4877; x_wconf 91' lang='lat' dir='ltr'><strong>rerum</strong></span> <span class='ocrx_word' id='word_1_706' title='bbox 1017 4833 1100 4895; x_wconf 89' lang='lat' dir='ltr'><strong>quae</strong></span> <span class='ocrx_word' id='word_1_707' title='bbox 1150 4834 1221 4878; x_wconf 85' lang='lat' dir='ltr'><strong>ram</strong></span> <span class='ocrx_word' id='word_1_708' title='bbox 1251 4817 1388 4877; x_wconf 88' lang='lat' dir='ltr'><strong>tentant.</strong></span> <span class='ocrx_word' id='word_1_709' title='bbox 1443 4810 1532 4892; x_wconf 79' lang='lat' dir='ltr'><strong>Quid</strong></span> <span class='ocrx_word' id='word_1_710' title='bbox 1563 4812 1651 4876; x_wconf 92' lang='lat' dir='ltr'><strong>enim</strong></span> <span class='ocrx_word' id='word_1_711' title='bbox 1675 4811 1779 4878; x_wconf 87' lang='lat' dir='ltr'><strong>Iudae</strong></span> <span class='ocrx_word' id='word_1_712' title='bbox 1806 4813 1932 4897; x_wconf 81' lang='lat' dir='ltr'><strong>profuit</strong></span> <span class='ocrx_word' id='word_1_713' title='bbox 1965 4814 2050 4898; x_wconf 88' lang='lat' dir='ltr'><strong>quod</strong></span> <span class='ocrx_word' id='word_1_714' title='bbox 2077 4837 2119 4881; x_wconf 86' lang='lat' dir='ltr'><strong>ox</strong></span> 
     </span>
     <span class='ocr_line' id='line_1_51' title="bbox 114 4895 2118 4984; baseline -0.002 -16"><span class='ocrx_word' id='word_1_715' title='bbox 114 4922 194 4968; x_wconf 90' lang='lat' dir='ltr'><strong>non</strong></span> <span class='ocrx_word' id='word_1_716' title='bbox 221 4905 355 4962; x_wconf 83' lang='lat' dir='ltr'><strong>tantum</strong></span> <span class='ocrx_word' id='word_1_717' title='bbox 367 4898 546 4981; x_wconf 85' lang='lat' dir='ltr'><strong>patefaotae</strong></span> <span class='ocrx_word' id='word_1_718' title='bbox 564 4905 645 4964; x_wconf 88' lang='lat' dir='ltr'><strong>sunt</strong></span> <span class='ocrx_word' id='word_1_719' title='bbox 666 4895 767 4965; x_wconf 92' lang='lat' dir='ltr'><strong>verbo</strong></span> <span class='ocrx_word' id='word_1_720' title='bbox 776 4896 851 4975; x_wconf 89' lang='lat' dir='ltr'><strong>Dei,</strong></span> <span class='ocrx_word' id='word_1_721' title='bbox 874 4897 931 4964; x_wconf 92' lang='lat' dir='ltr'><strong>sed</strong></span> <span class='ocrx_word' id='word_1_722' title='bbox 952 4897 1101 4982; x_wconf 82' lang='lat' dir='ltr'><strong>apprime</strong></span> <span class='ocrx_word' id='word_1_723' title='bbox 1150 4897 1309 4965; x_wconf 74' lang='lat' dir='ltr'><strong>scelerata</strong></span> <span class='ocrx_word' id='word_1_724' title='bbox 1343 4896 1413 4962; x_wconf 87' lang='lat' dir='ltr'><strong>eius</strong></span> <span class='ocrx_word' id='word_1_725' title='bbox 1447 4896 1582 4980; x_wconf 89' lang='lat' dir='ltr'><strong>perfidia</strong></span> <span class='ocrx_word' id='word_1_726' title='bbox 1616 4895 1736 4980; x_wconf 89' lang='lat' dir='ltr'><strong>prodiit</strong></span> <span class='ocrx_word' id='word_1_727' title='bbox 1763 4897 1879 4964; x_wconf 91' lang='lat' dir='ltr'><strong>mundi</strong></span> <span class='ocrx_word' id='word_1_728' title='bbox 1911 4899 2118 4984; x_wconf 84' lang='lat' dir='ltr'><strong>redemptio?</strong></span> 
     </span>
     <span class='ocr_line' id='line_1_52' title="bbox 113 4982 2120 5072; baseline 0 -24"><span class='ocrx_word' id='word_1_729' title='bbox 113 4985 268 5072; x_wconf 74' lang='lat' dir='ltr'><strong>sognitn</strong></span> <span class='ocrx_word' id='word_1_730' title='bbox 290 4991 370 5048; x_wconf 89' lang='lat' dir='ltr'><strong>sunt</strong></span> <span class='ocrx_word' id='word_1_731' title='bbox 390 4984 496 5050; x_wconf 88' lang='lat' dir='ltr'><strong>utiles.</strong></span> <span class='ocrx_word' id='word_1_732' title='bbox 531 4982 641 5049; x_wconf 90' lang='lat' dir='ltr'><strong>Pudet</strong></span> <span class='ocrx_word' id='word_1_733' title='bbox 660 4983 763 5050; x_wconf 87' lang='lat' dir='ltr'><strong>bonos</strong></span> <span class='ocrx_word' id='word_1_734' title='bbox 783 4983 871 5050; x_wconf 89' lang='lat' dir='ltr'><strong>viros</strong></span> <span class='ocrx_word' id='word_1_735' title='bbox 892 4983 997 5063; x_wconf 80' lang='lat' dir='ltr'><strong>lateri,</strong></span> <span class='ocrx_word' id='word_1_736' title='bbox 1017 5004 1100 5048; x_wconf 93' lang='lat' dir='ltr'><strong>non·</strong></span> <span class='ocrx_word' id='word_1_737' title='bbox 1150 4983 1218 5050; x_wconf 81' lang='lat' dir='ltr'><strong>Sed</strong></span> <span class='ocrx_word' id='word_1_738' title='bbox 1239 4982 1367 5066; x_wconf 88' lang='lat' dir='ltr'><strong>Ioseph,</strong></span> <span class='ocrx_word' id='word_1_739' title='bbox 1390 4984 1538 5065; x_wconf 90' lang='lat' dir='ltr'><strong>quamvis</strong></span> <span class='ocrx_word' id='word_1_740' title='bbox 1555 4983 1721 5066; x_wconf 89' lang='lat' dir='ltr'><strong>paulisper</strong></span> <span class='ocrx_word' id='word_1_741' title='bbox 1738 4983 1878 5050; x_wconf 78' lang='lat' dir='ltr'><strong>fratrum</strong></span> <span class='ocrx_word' id='word_1_742' title='bbox 1896 4992 2022 5052; x_wconf 89' lang='lat' dir='ltr'><strong>mentes</strong></span> <span class='ocrx_word' id='word_1_743' title='bbox 2043 4985 2120 5050; x_wconf 90' lang='lat' dir='ltr'><strong>sub-</strong></span> 
     </span>
     <span class='ocr_line' id='line_1_53' title="bbox 114 5067 2120 5153; baseline -0.001 -13"><span class='ocrx_word' id='word_1_744' title='bbox 114 5073 191 5140; x_wconf 90' lang='lat' dir='ltr'><strong>nisi</strong></span> <span class='ocrx_word' id='word_1_745' title='bbox 218 5067 354 5136; x_wconf 86' lang='lat' dir='ltr'><strong>volente</strong></span> <span class='ocrx_word' id='word_1_746' title='bbox 369 5069 442 5136; x_wconf 87' lang='lat' dir='ltr'><strong>Deo</strong></span> <span class='ocrx_word' id='word_1_747' title='bbox 464 5070 537 5135; x_wconf 88' lang='lat' dir='ltr'><strong>fieri</strong></span> <span class='ocrx_word' id='word_1_748' title='bbox 555 5068 711 5153; x_wconf 90' lang='lat' dir='ltr'><strong>quidquid</strong></span> <span class='ocrx_word' id='word_1_749' title='bbox 733 5069 915 5152; x_wconf 91' lang='lat' dir='ltr'><strong>snsoipiunt</strong></span> <span class='ocrx_word' id='word_1_750' title='bbox 934 5068 1099 5135; x_wconf 89' lang='lat' dir='ltr'><strong>homines:</strong></span> <span class='ocrx_word' id='word_1_751' title='bbox 1151 5070 1248 5136; x_wconf 88' lang='lat' dir='ltr'><strong>duoat</strong></span> <span class='ocrx_word' id='word_1_752' title='bbox 1277 5090 1297 5133; x_wconf 88' lang='lat' dir='ltr'><strong>a</strong></span> <span class='ocrx_word' id='word_1_753' title='bbox 1325 5069 1456 5134; x_wconf 85' lang='lat' dir='ltr'><strong>seeleris</strong></span> <span class='ocrx_word' id='word_1_754' title='bbox 1494 5069 1545 5133; x_wconf 91' lang='lat' dir='ltr'><strong>sui</strong></span> <span class='ocrx_word' id='word_1_755' title='bbox 1573 5069 1710 5150; x_wconf 88' lang='lat' dir='ltr'><strong>intuitu,</strong></span> <span class='ocrx_word' id='word_1_756' title='bbox 1744 5068 1843 5137; x_wconf 92' lang='lat' dir='ltr'><strong>doneo</strong></span> <span class='ocrx_word' id='word_1_757' title='bbox 1875 5070 1914 5135; x_wconf 84' lang='lat' dir='ltr'><strong>ab</strong></span> <span class='ocrx_word' id='word_1_758' title='bbox 1948 5071 2120 5137; x_wconf 88' lang='lat' dir='ltr'><strong>immodioo</strong></span> 
     </span>
     <span class='ocr_line' id='line_1_54' title="bbox 113 5153 2120 5240; baseline -0.003 -12"><span class='ocrx_word' id='word_1_759' title='bbox 113 5181 164 5228; x_wconf 91' lang='lat' dir='ltr'><strong>ne</strong></span> <span class='ocrx_word' id='word_1_760' title='bbox 189 5154 311 5223; x_wconf 84' lang='lat' dir='ltr'><strong>stetim</strong></span> <span class='ocrx_word' id='word_1_761' title='bbox 339 5153 529 5240; x_wconf 87' lang='lat' dir='ltr'><strong>obstrepant</strong></span> <span class='ocrx_word' id='word_1_762' title='bbox 557 5157 715 5221; x_wconf 79' lang='lat' dir='ltr'><strong>effraenes</strong></span> <span class='ocrx_word' id='word_1_763' title='bbox 738 5153 887 5238; x_wconf 81' lang='lat' dir='ltr'><strong>linguae,</strong></span> <span class='ocrx_word' id='word_1_764' title='bbox 915 5154 969 5219; x_wconf 88' lang='grc' dir='ltr'><strong>ιιι</strong></span> <span class='ocrx_word' id='word_1_765' title='bbox 990 5153 1101 5220; x_wconf 89' lang='lat' dir='ltr'><strong>Deum</strong></span> <span class='ocrx_word' id='word_1_766' title='bbox 1150 5174 1271 5240; x_wconf 87' lang='lat' dir='ltr'><strong>pavore</strong></span> <span class='ocrx_word' id='word_1_767' title='bbox 1292 5155 1468 5236; x_wconf 81' lang='lat' dir='ltr'><strong>respirent:</strong></span> <span class='ocrx_word' id='word_1_768' title='bbox 1492 5175 1557 5219; x_wconf 92' lang='lat' dir='ltr'><strong>non</strong></span> <span class='ocrx_word' id='word_1_769' title='bbox 1575 5161 1685 5220; x_wconf 90' lang='lat' dir='ltr'><strong>tamen</strong></span> <span class='ocrx_word' id='word_1_770' title='bbox 1702 5155 1832 5240; x_wconf 87' lang='lat' dir='ltr'><strong>eulpam</strong></span> <span class='ocrx_word' id='word_1_771' title='bbox 1853 5156 1889 5220; x_wconf 91' lang='lat' dir='ltr'><strong>in</strong></span> <span class='ocrx_word' id='word_1_772' title='bbox 1906 5155 2015 5222; x_wconf 89' lang='lat' dir='ltr'><strong>Deum</strong></span> <span class='ocrx_word' id='word_1_773' title='bbox 2033 5155 2120 5222; x_wconf 88' lang='lat' dir='ltr'><strong>deri-</strong></span> 
     </span>
     <span class='ocr_line' id='line_1_55' title="bbox 114 5238 2120 5324; baseline -0 -15"><span class='ocrx_word' id='word_1_774' title='bbox 114 5265 198 5314; x_wconf 84' lang='lat' dir='ltr'><strong>esse</strong></span> <span class='ocrx_word' id='word_1_775' title='bbox 238 5241 364 5324; x_wconf 80' lang='lat' dir='ltr'><strong>peceati</strong></span> <span class='ocrx_word' id='word_1_776' title='bbox 402 5250 566 5320; x_wconf 91' lang='lat' dir='ltr'><strong>autorem,</strong></span> <span class='ocrx_word' id='word_1_777' title='bbox 605 5241 656 5308; x_wconf 91' lang='lat' dir='ltr'><strong>vel</strong></span> <span class='ocrx_word' id='word_1_778' title='bbox 696 5261 760 5306; x_wconf 93' lang='lat' dir='ltr'><strong>non</strong></span> <span class='ocrx_word' id='word_1_779' title='bbox 798 5261 868 5306; x_wconf 89' lang='lat' dir='ltr'><strong>esse</strong></span> <span class='ocrx_word' id='word_1_780' title='bbox 906 5241 1100 5306; x_wconf 84' lang='lat' dir='ltr'><strong>vertendum</strong></span> <span class='ocrx_word' id='word_1_781' title='bbox 1151 5248 1217 5318; x_wconf 86' lang='grc' dir='ltr'><strong>ιιι,</strong></span> <span class='ocrx_word' id='word_1_782' title='bbox 1247 5239 1299 5306; x_wconf 90' lang='grc' dir='ltr'><strong>ιιι</strong></span> <span class='ocrx_word' id='word_1_783' title='bbox 1328 5240 1402 5306; x_wconf 86' lang='grc' dir='ltr'><strong>ιιιοι</strong></span> <span class='ocrx_word' id='word_1_784' title='bbox 1429 5238 1526 5324; x_wconf 89' lang='lat' dir='ltr'><strong>plane</strong></span> <span class='ocrx_word' id='word_1_785' title='bbox 1555 5241 1706 5307; x_wconf 87' lang='lat' dir='ltr'><strong>absolvit:</strong></span> <span class='ocrx_word' id='word_1_786' title='bbox 1737 5243 1832 5308; x_wconf 90' lang='lat' dir='ltr'><strong>siouti</strong></span> <span class='ocrx_word' id='word_1_787' title='bbox 1854 5241 1973 5308; x_wconf 85' lang='lat' dir='ltr'><strong>elarius</strong></span> <span class='ocrx_word' id='word_1_788' title='bbox 1995 5241 2120 5309; x_wconf 92' lang='lat' dir='ltr'><strong>videbi-</strong></span> 
     </span>
     <span class='ocr_line' id='line_1_56' title="bbox 113 5325 2121 5416; baseline -0.001 -20"><span class='ocrx_word' id='word_1_789' title='bbox 113 5327 248 5416; x_wconf 84' lang='lat' dir='ltr'><strong>impiie</strong></span> <span class='ocrx_word' id='word_1_790' title='bbox 281 5325 469 5395; x_wconf 88' lang='lat' dir='ltr'><strong>hominibus</strong></span> <span class='ocrx_word' id='word_1_791' title='bbox 501 5329 580 5395; x_wconf 91' lang='lat' dir='ltr'><strong>vitio</strong></span> <span class='ocrx_word' id='word_1_792' title='bbox 610 5326 696 5411; x_wconf 89' lang='lat' dir='ltr'><strong>quod</strong></span> <span class='ocrx_word' id='word_1_793' title='bbox 718 5325 782 5393; x_wconf 92' lang='lat' dir='ltr'><strong>Dei</strong></span> <span class='ocrx_word' id='word_1_794' title='bbox 814 5325 984 5392; x_wconf 85' lang='lat' dir='ltr'><strong>eonsilium</strong></span> <span class='ocrx_word' id='word_1_795' title='bbox 1006 5347 1100 5394; x_wconf 85' lang='lat' dir='ltr'><strong>exse·</strong></span> <span class='ocrx_word' id='word_1_796' title='bbox 1150 5349 1224 5393; x_wconf 90' lang='lat' dir='ltr'><strong>mus</strong></span> <span class='ocrx_word' id='word_1_797' title='bbox 1244 5327 1360 5391; x_wconf 90' lang='lat' dir='ltr'><strong>ultimo</strong></span> <span class='ocrx_word' id='word_1_798' title='bbox 1382 5327 1495 5410; x_wconf 83' lang='lat' dir='ltr'><strong>eapite.</strong></span> <span class='ocrx_word' id='word_1_799' title='bbox 1523 5327 1568 5391; x_wconf 81' lang='lat' dir='ltr'><strong>Et</strong></span> <span class='ocrx_word' id='word_1_800' title='bbox 1589 5337 1676 5394; x_wconf 85' lang='lat' dir='ltr'><strong>uerte</strong></span> <span class='ocrx_word' id='word_1_801' title='bbox 1698 5328 1744 5393; x_wconf 87' lang='lat' dir='ltr'><strong>ita</strong></span> <span class='ocrx_word' id='word_1_802' title='bbox 1766 5327 1952 5395; x_wconf 87' lang='lat' dir='ltr'><strong>habendum</strong></span> <span class='ocrx_word' id='word_1_803' title='bbox 1974 5335 2032 5409; x_wconf 90' lang='lat' dir='ltr'><strong>est,</strong></span> <span class='ocrx_word' id='word_1_804' title='bbox 2054 5351 2121 5395; x_wconf 92' lang='lat' dir='ltr'><strong>non</strong></span> 
     </span>
    </p>
   </div>
   <div class='ocr_carea' id='block_1_5' title="bbox 0 0 2498 6192">
    <p class='ocr_par' dir='ltr' id='par_1_6' title="bbox 0 0 2498 6192">
     <span class='ocr_line' id='line_1_57' title="bbox 0 0 2498 6192; baseline 0 7"><span class='ocrx_word' id='word_1_805' title='bbox 0 0 2498 6192; x_wconf 95' lang='lat' dir='ltr'><strong> </strong></span> 
     </span>
    </p>
   </div>
  </div>
 </body>
</html>
