5022 6192
179 475 239 540 149
828 463 1198 542 COMMENTARIUS
1220 471 1272 535 IN
1293 471 1509 541 annuant.
2109 474 2173 544 150

178 667 267 728 ficet:
297 661 568 744 quemadmodum
599 663 652 726 hic
672 661 835 727 Dominus
865 663 950 728 clare
973 662 1146 744 alloquitur
1284 659 1334 725 18.
1365 659 1470 725 Erant
1491 661 1554 741 filii
1590 661 1689 726 Noah.
1742 660 1846 726 Filios
1874 659 1966 727 Noah
1999 673 2172 732 enumerat

177 758 326 814 sanctum
344 747 449 827 Noah,
472 757 507 811 et
530 748 599 812 eius
618 748 711 824 filios,
730 747 847 811 deinde
865 748 1010 832 sigillum
1029 767 1146 812 annea·
1197 745 1306 811 Moses
1328 766 1393 810 non
1410 745 1506 811 modo
1527 745 1588 811 sibi
1611 747 1785 815 transitum
1807 748 1952 812 facturus
1973 748 2015 812 ad
2037 771 2173 833 sequen-

177 833 216 898 tit
237 832 442 898 certitudinis
464 854 572 898 causa.
608 832 719 914 Quare
741 835 768 898 si
787 834 940 898 avellitur
962 853 1146 897 sacramen·
1197 841 1264 894 tem
1286 831 1472 908 historiam,
1499 830 1555 898 sed
1577 842 1616 895 ut
1645 832 1711 898 rim
1740 831 1828 897 illius
1856 833 2080 917 promissionis
2101 857 2170 901 ma-

177 917 280 984 ttlma
298 919 406 994 verbo,
425 918 624 983 desinitessc
640 917 725 1000 quod
742 929 886 984 vocatur.
924 917 983 996 Sit,
1002 920 1145 1002 inquam,
1197 915 1248 999 gis
1270 916 1428 982 illustret:
1451 917 1590 1000 Replete
1611 923 1742 982 terram.
1788 917 1852 982 Nos
1870 919 1958 981 enim
1981 941 2077 1001 quam
2101 921 2171 986 effi·
2215 934 2218 942 '

177 1003 289 1069 vocale
311 1005 459 1087 signum:
488 1013 615 1087 oportet
636 1015 674 1068 ut
697 1005 761 1068 rim
785 1025 878 1068 suam
901 1005 1056 1081 retineat,
1086 1025 1146 1069 neo
1197 1022 1257 1066 cax
1280 1001 1380 1066 frrerit
1401 1002 1465 1067 Dei
1493 1001 1688 1082 benedictio,
1715 1003 1832 1067 melius
1861 1003 1938 1067 inde
1960 1006 2168 1088 concipimus,

177 1091 387 1171 degenerata
409 1109 468 1152 sua
489 1098 616 1155 natura.
662 1090 731 1155 Nec
759 1098 887 1154 tantum
910 1091 1016 1154 inanis
1038 1097 1087 1154 est
1110 1111 1147 1154 ac
1197 1086 1285 1168 quod
1298 1109 1340 1151 ex
1358 1097 1424 1152 tam
1438 1089 1548 1170 paneis
1562 1088 1750 1152 hominibus
1769 1088 1860 1153 brevi
1872 1088 1992 1172 prodiit
2010 1089 2170 1158 immonsa

176 1175 300 1240 ludicra
338 1184 614 1240 sacramentorum
657 1176 893 1240 administratio
926 1176 981 1238 ubi
1011 1175 1147 1240 verbum
1196 1172 1366 1238 hominum
1384 1173 1574 1239 multitudo:
1598 1180 1632 1239 et
1653 1173 1964 1256 quoddomusuna,
1988 1177 2169 1259 etquidem

176 1260 241 1324 Dei
274 1260 364 1324 silet:
406 1260 461 1324 sed
495 1281 602 1325 meras
637 1259 779 1326 Satanae
811 1261 1002 1344 praestigias
1036 1279 1146 1324 secum
1197 1258 1326 1342 exigua,
1349 1259 1384 1323 in
1407 1267 1455 1322 tot
1477 1279 1668 1324 numerosas
1713 1266 1804 1324 entes
1827 1261 1979 1325 excrevit.

176 1347 287 1410 trahit.
333 1344 415 1410 Inde
438 1347 534 1410 etiam
561 1347 745 1429 colligimus
766 1345 828 1410 hoc
856 1348 955 1410 fuisse
977 1348 1146 1429 proprium
1282 1343 1333 1408 20.
1374 1344 1479 1427 Coepit
1515 1366 1584 1410 vero
1620 1281 1721 1410 Nocl.
1773 1345 1846 1409 Non
1882 1347 1928 1409 ita
1960 1347 2168 1430 interpretor,

174 1434 388 1496 sacramentis
417 1431 457 1496 ab
487 1433 596 1511 initio,
624 1441 660 1495 nt
693 1431 732 1496 ad
763 1431 838 1496 fidei
866 1432 1145 1496 confirmationem
1197 1429 1288 1510 quasi
1311 1438 1391 1494 tuno
1412 1430 1553 1513 primum
1577 1429 1721 1495 colendis
1739 1431 1827 1514 agris
1844 1451 1975 1515 operam
2000 1429 2077 1497 dare
2099 1453 2169 1498 coe-

174 1518 333 1581 valerent.
384 1517 470 1581 Nam
497 1527 585 1583 certe
613 1519 647 1582 in
672 1516 799 1581 foedere
833 1517 958 1582 inclusa
990 1525 1040 1581 est
1072 1538 1146 1601 pro·
1197 1515 1292 1598 perit:
1335 1513 1391 1580 sed
1429 1515 1536 1598 potius
1569 1515 1654 1602 (meo
1688 1515 1819 1602 iudicio)
1852 1517 2014 1600 significat
2047 1518 2170 1597 Moses,

174 1605 304 1679 missio,
335 1604 385 1667 cui
415 1603 495 1667 tides
527 1602 721 1685 respondere
749 1603 851 1667 debet.
904 1602 1044 1666 Videtur
1076 1604 1145 1684 qui·
1196 1599 1290 1664 Noah
1321 1600 1455 1666 collecto
1488 1601 1598 1665 animo
1627 1603 1837 1685 quantumvis
1866 1609 1951 1667 esset
1978 1624 2093 1679 senex,
2116 1625 2169 1668 re·

175 1688 313 1753 busdam
345 1687 520 1753 absurdum
554 1709 639 1766 osse,
668 1687 766 1752 fidem
794 1689 912 1754 talibus
942 1686 1146 1752 adminiculis
1197 1684 1294 1750 diisse
1316 1685 1358 1750 ad
1380 1707 1531 1771 agrorum
1562 1687 1722 1752 culturam
1745 1702 1777 1750 et
1805 1688 1959 1771 pristinos
1986 1709 2061 1754 suos
2083 1689 2170 1754 labo-

173 1772 293 1838 fulciri.
340 1771 406 1838 Sed
425 1777 476 1856 qui
500 1775 546 1839 sic
568 1775 762 1856 loquuntur,
792 1777 931 1856 primum
960 1783 1080 1855 quanta
1102 1775 1147 1838 sit
1196 1791 1257 1836 res.
1314 1771 1487 1854 Caeterum
1519 1793 1560 1836 an
1600 1774 1722 1837 vinitor
1761 1771 1875 1851 fuerit,
1916 1775 2076 1837 incertum
2109 1783 2168 1840 cst.

174 1859 301 1923 ruditas
330 1861 448 1924 mentis
478 1867 608 1924 nostrae
637 1871 669 1924 et
695 1859 900 1924 imbecillitas
929 1880 994 1924 non
1024 1880 1146 1941 expen·
1196 1855 1306 1940 Vulgo
1338 1858 1481 1922 creditur
1513 1857 1640 1922 nullum
1672 1858 1772 1923 fuisse
1803 1859 1871 1922 vini
1904 1879 2001 1924 usum
2031 1871 2106 1924 ante
2136 1860 2169 1924 id

173 1944 271 2008 dunt:
303 1943 419 2009 deinde
437 1965 531 2026 quam
560 1946 679 2010 debent
707 1965 845 2010 arcanae
874 1945 1008 2028 spiritus
1033 1945 1146 2008 virtuti
1196 1951 1335 2025 tempus.
1381 1946 1431 2009 Ae
1452 1965 1490 2008 eo
1518 1943 1673 2007 libentius
1701 1951 1830 2024 recepta
1858 1944 1921 2008 fnit
1942 1945 2060 2027 opinio,
2083 1945 2170 2029 quod

172 2031 331 2112 operandi
358 2029 486 2094 laudem
514 2050 579 2094 non
603 2031 755 2095 tribuunt.
797 2031 860 2095 Dei
890 2030 1021 2112 quidem
1049 2030 1146 2096 unius
1196 2025 1353 2092 honestus
1368 2037 1452 2093 esset
1471 2035 1661 2112 praetextus
1679 2029 1718 2092 ad
1738 2029 1982 2094 extenuandum
2001 2045 2168 2112 peccatum

171 2127 222 2180 est
243 2117 341 2180 fidem
371 2117 524 2182 inchoare
546 2125 579 2179 et
607 2119 776 2199 perficere:
811 2115 866 2180 sed
896 2116 1012 2198 quibus
1040 2117 1146 2181 visum
1196 2113 1301 2178 Noah.
1346 2114 1448 2196 Atqui
1470 2115 1611 2178 fructum
1636 2115 1719 2193 ritis,
1743 2114 1799 2196 qui
1820 2135 1898 2198 prae
1921 2115 1993 2180 aliis
2015 2117 2167 2183 omnibus

170 2201 275 2268 fuerit
315 2203 460 2286 organis,
500 2222 639 2283 quorum
679 2201 781 2266 libera
823 2210 875 2266 est
906 2222 1006 2284 penes
1038 2203 1145 2286 ipsum
1197 2199 1342 2273 excellit,
1365 2200 1550 2282 neglectum
1572 2199 1710 2266 iacuisse
1731 2200 1896 2277 inutilem,
1925 2201 2007 2266 mihi
2029 2222 2095 2266 non
2118 2211 2168 2267 est

171 2289 297 2353 electio.
1196 2284 1371 2367 probabile.
1417 2286 1531 2368 Neque
1558 2285 1655 2349 etiam
1683 2283 1762 2351 dicit
1784 2286 1901 2366 Moses,
1933 2307 1996 2369 quo
2024 2288 2165 2369 primum

261 2375 310 2438 13.
335 2375 455 2438 Arcum
481 2393 583 2437 meum
606 2392 725 2454 ponam
754 2373 787 2436 in
819 2373 905 2437 nube.
951 2373 1014 2437 His
1039 2373 1147 2438 verbis
1198 2369 1249 2434 die
1284 2372 1396 2434 vinum
1430 2371 1576 2454 gustavit
1607 2370 1720 2447 Noah,
1755 2372 1853 2436 fuisse
1885 2370 2020 2436 ebrium.
2077 2374 2166 2457 Ergo

171 2461 284 2536 magni
308 2459 439 2542 quidam
469 2458 611 2541 theologi
637 2457 763 2523 inducti
792 2469 869 2522 sunt
890 2467 929 2522 ut
951 2457 1066 2522 iridem
1089 2478 1146 2522 ne·
1196 2455 1314 2520 hocin
1336 2456 1442 2521 medio
1464 2455 1665 2538 relinquens,
1695 2459 1803 2541 potius
1825 2479 1866 2522 ex
1893 2458 2049 2522 ebrietate
2071 2459 2164 2523 Noah

167 2554 287 2628 gerent
319 2546 418 2609 trisse
451 2553 526 2608 ante
560 2543 737 2607 diluvium:
779 2543 862 2626 quod
897 2543 1049 2608 frivolum
1084 2553 1143 2609 est.
1197 2539 1385 2605 discendum
1409 2563 1479 2606 esse
1502 2542 1641 2607 arbitror
1669 2563 1766 2624 quam
1796 2541 1889 2612 foeda
1912 2551 1945 2606 et
1967 2543 2167 2610 detestabilis

166 2631 285 2712 Neque
315 2632 402 2694 enim
425 2630 527 2694 blesis
556 2629 655 2693 verba
684 2643 801 2692 sonant
830 2629 1019 2694 fabricatum
1043 2630 1144 2694 fuisse
1195 2647 1247 2691 res
1276 2627 1320 2690 sit
1346 2627 1494 2692 ebrietas.
1541 2625 1683 2692 Sanctus
1712 2624 1911 2710 patriarcba,
1943 2628 2074 2713 insigne
2096 2630 2165 2694 lru-

165 2736 282 2780 arcum
301 2717 358 2798 qui
376 2717 466 2798 prius
489 2736 555 2778 uon
576 2725 676 2779 esset:
701 2735 817 2778 verum
841 2725 951 2778 notam
975 2716 1075 2779 luisse
1094 2717 1144 2778 illi
1196 2712 1341 2795 galitatis
1363 2723 1395 2776 et
1424 2714 1657 2796 temperantiae
1683 2713 1865 2797 exemplar,
1894 2723 2023 2796 turpem
2048 2735 2084 2779 ac
2106 2735 2166 2798 pu·

165 2802 379 2885 insculptam,
402 2822 482 2883 quae
505 2799 634 2864 divinae
656 2801 781 2882 gratiae
803 2802 933 2884 signum
957 2800 1143 2865 hominibus
1195 2796 1337 2861 dendum
1359 2797 1395 2861 in
1418 2798 1550 2862 modum
1568 2799 1617 2864 aui
1638 2793 1765 2876 oblitus,
1789 2798 1911 2862 nudum
1930 2819 1966 2863 se
1988 2801 2022 2863 in
2044 2811 2165 2864 terram

163 2889 269 2953 daret.
315 2887 354 2952 Id
377 2898 415 2951 ut
431 2887 551 2953 clarius
573 2895 697 2967 pateat,
720 2889 876 2950 memoria
898 2897 1044 2968 repetere
1066 2907 1142 2954 con·
1195 2883 1332 2964 proiicit,
1356 2893 1393 2946 ut
1413 2892 1525 2967 pateat
1545 2886 1690 2948 omnium
1717 2881 1868 2948 ludibrio.
1912 2883 2044 2965 Quanto
2066 2886 2167 2968 igitur

164 2975 260 3038 venit
288 2973 373 3056 qnod
402 2973 477 3037 alibi
504 2971 665 3050 diximus,
692 2971 848 3054 quaedam
879 2973 1043 3036 naturalia
1072 2993 1142 3037 esse
1194 2967 1302 3032 studio
1331 2968 1465 3033 colenda
1494 2967 1588 3034 nobis
1609 2969 1652 3034 sit
1676 2969 1847 3046 sobrietas,
1877 2991 1919 3034 ne
1949 2970 2025 3052 quid
2050 2970 2165 3048 simile,

163 3061 280 3142 signa,
322 3059 479 3141 quaedam
518 3079 596 3122 vero
634 3068 763 3138 praeter
803 3067 940 3121 naturae
982 3057 1139 3122 ordinem.
1194 3054 1246 3118 vel
1269 3054 1369 3119 etiam
1399 3054 1541 3120 deterius
1570 3055 1758 3139 contingat?
1783 3054 1877 3119 Dixit
1904 3055 1980 3119 olim
2008 3057 2166 3138 profanus

163 3148 281 3227 Atque
304 3145 402 3208 huius
425 3143 585 3210 secundae
608 3145 719 3208 classis
742 3163 928 3225 quanquam
947 3143 1050 3208 multa
1071 3163 1142 3226 pas-
1194 3139 1249 3203 ille
1281 3139 1510 3224 philosophus:
1544 3141 1669 3205 Vinum
1710 3160 1781 3205 osse
1814 3149 1921 3205 terrae
1956 3143 2164 3225 sanguinem:

162 3233 228 3295 sim
247 3230 401 3312 exempla
422 3231 455 3294 in
479 3230 647 3310 scripturis
670 3237 810 3306 exstant,
829 3227 1010 3312 singularia
1031 3239 1140 3292 tamen
1193 3224 1265 3289 ideo
1294 3246 1393 3308 quum
1424 3247 1458 3291 se
1486 3228 1743 3308 intemperanter
1772 3227 1978 3310 ingurgitant
2008 3226 2164 3306 homines,

161 3326 254 3392 sunt,
278 3336 387 3398 neque
409 3315 450 3380 ad
473 3335 677 3381 communem
699 3316 865 3395 pertinent
887 3333 924 3377 ac
945 3323 1141 3398 perpetuum
1193 3311 1310 3375 merito
1337 3332 1458 3393 poenas
1486 3319 1594 3376 terrae
1616 3311 1715 3376 matr'i
1742 3309 1841 3376 luere.
1887 3310 1953 3376 Sed
1978 3313 2165 3376 memineri-

162 3402 323 3468 eoclesiae
345 3421 450 3466 usum.
486 3400 639 3464 'ferrenis
656 3401 744 3464 enim
762 3399 930 3463 elementis
949 3401 996 3462 uti
1018 3400 1141 3482 placuit
1193 3416 1267 3460 mus
1296 3398 1417 3480 potius,
1445 3397 1521 3479 quia
1547 3395 1654 3461 nobile
1683 3404 1716 3461 et
1744 3398 1921 3478 pretiosum
1955 3394 2018 3461 Dei
2045 3418 2166 3464 munus

160 3487 321 3564 Domino,
345 3505 426 3567 quae
449 3485 601 3551 vehicula
623 3493 733 3548 essent
755 3485 906 3549 tollendis
928 3506 1058 3550 sursum
1082 3485 1140 3548 ho·
1194 3481 1342 3547 homines
1361 3483 1448 3565 turpi
1468 3483 1569 3546 abusu
1589 3481 1773 3566 profanant,
1795 3482 1903 3566 ipsum
1920 3502 1991 3546 osse
2013 3482 2164 3549 ultorem.

159 3573 294 3636 minum
318 3570 489 3637 mentibus.
525 3573 578 3635 Ita
595 3591 707 3636 arcum
729 3571 908 3646 coelestem,
932 3571 986 3652 qui
1010 3580 1141 3634 natura·
1193 3565 1243 3632 Ac
1272 3568 1411 3632 sciamus
1434 3567 1498 3632 Dei
1519 3567 1639 3634 iudicio
1661 3567 1757 3632 Noah
1787 3566 1980 3652 productum
2011 3568 2109 3633 fuisse
2130 3569 2166 3632 in

160 3661 242 3723 liter
265 3658 359 3740 prius
380 3658 494 3738 fuerat,
519 3658 572 3722 hio
594 3657 775 3721 consecrari
798 3666 876 3738 puto
896 3657 930 3720 in
955 3657 1086 3739 signnm
1109 3666 1142 3720 et
1194 3653 1375 3732 theatrum,
1406 3661 1443 3717 ut
1468 3652 1540 3718 aliis
1566 3652 1716 3718 omnibus
1746 3652 1938 3718 documento
1960 3661 2044 3718 esset
2066 3676 2107 3719 ne
2130 3676 2165 3720 se

161 3747 305 3829 pignus:
326 3753 424 3827 atque
441 3763 563 3807 norum
583 3742 632 3804 illi
650 3763 771 3806 munus
790 3742 927 3823 imponi:
948 3741 1141 3819 Quandoex
1193 3737 1333 3820 largiore
1365 3746 1444 3821 potu
1475 3739 1647 3804 inebrient.
1692 3739 1826 3803 Poterat
1859 3747 1946 3805 certe
1981 3740 2079 3804 venia
2113 3749 2164 3804 ut-

160 3855 198 3898 ae
210 3834 286 3914 ipso
303 3830 352 3894 rei
368 3831 476 3913 potius
494 3827 674 3894 contrariae
691 3828 820 3910 signum
833 3826 930 3891 foret:
954 3825 1142 3891 diuturnam
1193 3842 1320 3905 cunque
1342 3823 1412 3888 dari
1435 3831 1547 3888 sancto
1569 3824 1657 3902 viro,
1681 3825 1736 3907 qui
1754 3823 1862 3889 labore
1885 3824 2073 3904 defunctus,
2092 3825 2162 3890 vini

160 3921 255 3984 enim
290 3916 436 3998 pluviam
477 3915 629 3978 minatur.
684 3913 737 3977 sit
769 3932 847 3996 ergo
881 3913 932 3978 hio
966 3913 1140 3976 verborum
1192 3919 1271 3991 potu
1304 3930 1338 3974 se
1370 3909 1575 3987 exhilarans,
1610 3910 1732 3973 iustam
1766 3931 1800 3973 se
1830 3910 2013 3975 mercedem
2047 3931 2163 3992 capere

159 4022 300 4069 sensus:
321 4000 458 4081 Quoties
475 4019 535 4064 ros
553 3999 687 4063 terrebit
704 3999 826 4080 pluvia,
848 4019 959 4063 areum
977 4000 1139 4080 respicite.
1192 4003 1293 4077 putat.
1341 3995 1442 4078 Atqui
1472 3996 1563 4060 Deus
1593 4004 1757 4059 aeternam
1786 3995 1832 4058 illi
1863 3995 1973 4077 probri
2002 3997 2163 4061 maculam

160 4089 250 4153 Nam
270 4087 420 4170 quamvis
438 4087 582 4168 pluviam
602 4084 751 4148 rideatur
768 4104 882 4170 cogere
900 4083 940 4146 ad
958 4083 1140 4149 obruendas
1191 4081 1301 4144 inurit.
1348 4079 1436 4160 Quid
1458 4082 1560 4164 igitur
1581 4081 1693 4145 otiosis
1715 4079 1904 4152 ventribus,
1927 4089 1961 4146 et
1982 4081 2166 4165 gurgitibus

159 4185 283 4244 terras.
302 4171 396 4237 vobis
408 4182 517 4234 tameo
530 4172 658 4234 futurae
670 4170 824 4234 siccitatis
836 4173 928 4234 testis
947 4170 1024 4234 erit:
1044 4178 1140 4251 atque
1191 4166 1396 4231 inexhaustis
1408 4167 1555 4230 futurum
1576 4175 1739 4248 putamus,
1762 4165 1877 4248 quibus
1889 4167 1950 4230 hoc
1969 4188 2070 4230 unum
2090 4189 2165 4250 pro-

159 4261 209 4325 ita
223 4259 352 4323 maiore
370 4278 427 4321 vos
445 4257 563 4321 fiducia
580 4267 667 4320 stare
685 4265 763 4320 tuno
781 4256 882 4326 decet,
902 4276 1000 4336 quam
1019 4255 1139 4338 liquido
1191 4255 1331 4336 positum
1354 4263 1404 4316 ost
1425 4263 1589 4316 certamen
1610 4250 1772 4398 quomodo
1793 4251 2070 4334 quamplurimum
2095 4253 2165 4316 vini

158 4367 199 4412 ac
219 4361 341 4409 sereno
359 4343 456 4407 coelo.
486 4341 629 4406 Proinde
646 4361 712 4405 non
731 4339 881 4422 estquod
900 4341 1047 4404 rixemur
1064 4361 1138 4404 cum
1190 4337 1384 4402 absumant?
1401 4337 1473 4401 Etsi
1488 4347 1596 4401 autem
1633 4358 1727 4400 nrum
1746 4337 1808 4400 fuit
1825 4337 2032 4401 correctionis
2050 4358 2164 4420 genus,

158 4429 371 4514 philosophis
389 4426 428 4491 de
449 4427 544 4492 iride:
567 4428 650 4491 Nam
672 4426 733 4491 etsi
751 4447 791 4489 ex
810 4427 1015 4491 naturalibus
1032 4427 1138 4492 causis
1191 4425 1271 4487 bene
1291 4431 1400 4487 tamen
1424 4444 1496 4488 cum
1529 4442 1624 4487 servo
1647 4421 1708 4485 Dei
1731 4431 1838 4486 actum
1862 4431 1925 4501 est,
1947 4421 2025 4485 dum
2048 4423 2088 4486 ad
2112 4443 2163 4487 so·

158 4519 320 4582 emuntur
340 4513 464 4579 colores
484 4512 549 4576 illi:
579 4513 727 4594 sacrilegi
757 4521 868 4576 tamen
890 4522 967 4575 sunt
989 4513 1044 4594 qui
1065 4513 1137 4576 Deo
1191 4511 1360 4573 brietatem
1384 4516 1553 4574 revocatus
1574 4507 1645 4584 luit,
1669 4508 1828 4582 novitio,
1851 4508 1905 4572 cui
1928 4507 2025 4570 semel
2049 4528 2164 4573 succu-

157 4605 213 4668 ius
245 4609 281 4665 et
309 4599 478 4664 arbitrium
507 4598 592 4681 qnod
621 4599 656 4660 in
687 4609 853 4662 creaturas
886 4596 985 4661 habet
1013 4599 1138 4680 eripere
1188 4592 1312 4673 buerat,
1334 4594 1505 4678 indulgere
1522 4613 1672 4677 pergens,
1691 4613 1725 4656 so
1742 4592 1848 4674 ipsum
1867 4591 2031 4674 perderet:
2050 4613 2162 4674 quem·

157 4693 338 4754 conantur.
1190 4679 1363 4744 admodum
1376 4680 1518 4744 ebriosos
1538 4679 1687 4743 homines
1704 4677 1852 4742 ridemus
1870 4678 2026 4742 continua
2043 4679 2160 4743 intem·

253 4771 305 4836 15.
327 4769 520 4834 Recordabar
538 4769 680 4851 foederis.
714 4769 824 4833 Moses
843 4769 950 4832 Deum
975 4769 1070 4832 toties
1093 4767 1138 4832 lo·
1189 4767 1278 4848 peria
1300 4765 1433 4829 tandem
1455 4764 1689 4830 obbrutescere.

157 4867 321 4943 quantem
351 4855 525 4931 inducens,
556 4855 707 4920 admonet
737 4857 926 4937 praecipuas
954 4873 1024 4918 esse
1045 4853 1136 4918 verbi
1273 4851 1324 4914 22.
1345 4850 1442 4915 (sitam
1453 4855 1548 4931 pater
1567 4848 1722 4913 mamae
1760 4845 1896 4912 Accedit
1913 4847 1953 4910 ad
1972 4847 2161 4930 augendum

155 4957 286 5030 partes,
305 4949 339 5007 et
355 4939 430 5005 inde
448 4941 651 5006 aestimanda
668 4941 772 5024 signa.
807 4939 1009 5003 Humanitas
1027 4950 1137 5002 autem
1188 4956 1369 5001 moerorem
1391 4935 1485 4999 Noah
1507 4936 1588 4999 haec
1605 4935 1860 5006 circumstantia,
1883 4933 1968 5015 quod
1990 4953 2010 4995 a
2031 4935 2161 5016 proprio

157 5031 311 5114 loquitur
329 5029 436 5102 Deus,
466 5046 565 5109 quum
592 5047 627 5090 ee
657 5027 749 5090 iridis
779 5025 932 5106 adspectu
955 5023 1136 5088 rediturum
1188 5021 1254 5086 filio
1275 5020 1434 5085 illuditur.
1481 5019 1671 5085 Tenendum
1703 5039 1830 5101 semper
1851 5019 2008 5082 memoria
2029 5025 2088 5096 est,
2112 5018 2160 5083 di-

156 5119 242 5184 dicit
266 5115 301 5178 in
324 5113 462 5176 foederis
485 5112 536 5176 sui
563 5111 762 5176 memoriam.
808 5109 873 5175 seo
893 5107 953 5174 hoc
975 5111 1015 5172 ad
1038 5110 1136 5174 fidem
1188 5108 1311 5172 vinitus
1340 5107 1439 5171 luisse
1466 5106 1624 5170 inflictam
1656 5105 1702 5168 illi
1736 5105 1821 5169 banc
1854 5123 2006 5184 poenam,
2039 5103 2162 5185 partim

154 5204 336 5268 hominum
359 5199 471 5262 referri
494 5197 598 5274 debet,
621 5204 659 5261 ut
680 5198 788 5262 Deum
814 5197 958 5278 cogitent
981 5216 1044 5258 non
1066 5215 1137 5260 esse
1188 5195 1351 5275 quianon
1373 5192 1445 5256 leve
1468 5201 1538 5256 erat
1556 5192 1625 5256 eius
1648 5191 1811 5268 delictum,
1834 5189 1952 5270 partim
1975 5189 2066 5252 utin
2089 5190 2161 5254 eius

154 5289 304 5354 oblitum
327 5285 377 5346 sui
399 5282 548 5364 foederis,
571 5283 696 5364 quoties
719 5301 828 5347 arcum
848 5302 942 5345 suum
963 5279 1137 5346 tetenderit
1188 5299 1325 5360 persona
1347 5277 1582 5359 temperantias
1605 5275 1833 5340 documentum
1851 5275 2001 5338 omnibus
2019 5273 2160 5338 saeculis

154 5377 191 5440 in
215 5369 374 5438 nubibus.
545 5421 551 5440 .
1190 5365 1278 5430 Deus
1306 5372 1472 5429 statueret.
1516 5361 1589 5428 Hoc
1617 5383 1676 5445 per
1703 5382 1737 5426 se
1766 5367 1909 5424 meretur
1922 5390 1924 5394 ·
1939 5358 2092 5439 ebrietas,
2119 5370 2158 5424 ut

1901 5457 1951 5514 10·
