4988 6192
381 427 450 494 519
1039 422 1408 493 COMMENTARIUS
1429 427 1480 496 IN
1503 426 1717 496 annnam.
2306 427 2358 495 520

385 615 599 682 revelationis
626 613 792 698 privetur,
821 613 896 681 dum
928 613 1026 680 seed
1049 634 1161 698 magos
1183 620 1218 678 et
1238 611 1355 688 ariolos
1407 613 1537 681 Deinde
1558 621 1595 681 ιιι
1616 623 1760 699 tempore
1781 615 1874 681 famis
1903 615 2055 682 ecclesiae
2084 621 2292 698 suppeterent
2309 616 2355 681 ali-

385 701 520 777 ooufert,
544 700 662 784 quibus
684 700 816 768 solenne
838 706 909 765 erat
930 700 993 765 Dei
1014 700 1187 764 veritatem
1206 698 1240 762 in
1263 717 1354 762 meu·
1405 708 1531 766 menta:
1554 721 1631 767 nam
1654 701 1715 767 etsi
1736 721 1866 766 annona
1888 721 1955 765 non
1977 701 2077 766 alium
2099 703 2134 766 in
2154 702 2255 766 finem
2277 720 2355 784 repo-

386 785 515 852 dacium
536 792 736 852 convertere.
775 785 905 852 Arcano
927 785 1085 851 instinctu
1106 783 1273 851 convictus
1295 792 1354 863 est,
1406 786 1471 852 sita
1491 786 1570 865 fuit,
1601 787 1666 853 nisi
1687 793 1724 852 ut
1750 793 1957 870 prospectum
1985 794 2069 854 esset
2090 807 2190 871 reguo
2211 788 2356 869 Aegypti:

386 872 551 938 somnium
568 891 588 936 a
605 869 677 936 Deo
702 873 884 954 profectum
907 870 1029 954 aliquid
1057 869 1263 953 portendere:
1293 871 1352 934 im·
1405 872 1613 956 praecipuam
1643 881 1753 937 tamen
1780 873 1934 938 ecclesiae
1962 893 2041 938 suae
2066 893 2176 939 curam
2199 870 2291 936 Deus
2311 871 2356 937 ha·

387 965 534 1040 posteros
554 958 682 1040 quaerit
703 958 759 1039 qui
782 975 950 1024 accensam
977 955 1136 1020 divinitus
1158 955 1263 1021 lucem
1286 955 1356 1020 suis
1404 955 1489 1036 buit,
1521 979 1605 1040 quae
1633 957 1718 1041 apud
1746 959 1853 1041 ipsum
1882 958 1986 1041 pluris
2015 965 2064 1024 est
2093 957 2202 1024 deeem
2228 957 2357 1024 mundis.

386 1043 523 1110 fallaciis
551 1043 774 1109 obtenebreut.
820 1045 928 1125 Atque
956 1041 1037 1108 haec
1067 1049 1116 1106 est
1146 1040 1282 1106 humani
1304 1040 1354 1105 in·
1405 1042 1588 1110 Pincernae
1609 1064 1696 1127 ergo,
1719 1043 1774 1126 qui
1795 1041 1972 1126 deIoseph
1993 1044 2089 1109 silere
2111 1051 2356 1120 statueretur

386 1128 476 1212 genii
497 1130 635 1206 vanitas,
659 1128 719 1195 sibi
741 1129 860 1194 erroris
882 1127 980 1216 duces
998 1147 1036 1192 ac
1055 1127 1229 1212 magistros
1251 1146 1355 1192 accer-
1406 1129 1601 1211 exprimitur
1618 1129 1659 1194 ad
1676 1127 1880 1194 liberandum
1899 1136 2047 1196 sanctum
2065 1129 2239 1194 homiuem.
2275 1126 2358 1209 Quod

386 1235 468 1280 sere.
512 1213 588 1280 Nou
615 1213 749 1279 dubium
777 1211 907 1298 quidem
935 1222 985 1279 ost
1013 1213 1091 1297 quin
1124 1233 1256 1279 veraces
1285 1232 1355 1278 esse
1405 1212 1623 1280 autemdicit:
1644 1213 1775 1281 Peccata
1791 1235 1859 1279 mec
1876 1213 2201 1280 hodieiamemoricm
2216 1214 2357 1295 reductu,

386 1299 564 1383 prophetas
585 1298 772 1366 crediderit:
807 1299 863 1366 sed
886 1300 961 1382 quia
982 1306 1099 1382 sponte
1120 1299 1289 1377 connivet,
1318 1318 1355 1364 ac
1403 1299 1684 1383 ltaaquihusdsm
1703 1300 1869 1383 accipitur,
1888 1298 2224 1385 acsi-ingratitudinis
2243 1299 2358 1382 culpam

387 1386 573 1452 voluntario
595 1407 704 1451 errore
727 1384 768 1451 ad
798 1383 959 1468 decipulas
985 1392 1154 1467 properet,
1182 1405 1248 1449 uon
1276 1383 1354 1449 satis
1406 1393 1611 1468 agnosceret:
1634 1386 1793 1469 quianon
1812 1385 2020 1470 praestiterat
2037 1385 2144 1450 datam
2162 1385 2272 1451 fidem.
2304 1384 2359 1450 Sed

387 1491 463 1536 eum
491 1478 625 1537 excusat
652 1471 733 1537 falsa
761 1471 886 1554 opinio:
917 1469 1036 1552 alioqui
1069 1469 1216 1536 homiues
1245 1467 1354 1535 oculor
1405 1471 1489 1535 alius
1511 1479 1561 1536 est
1588 1491 1719 1538 sensus:
1747 1492 1851 1553 neque
1880 1471 1968 1536 enim
1990 1470 2180 1538 decernere
2201 1491 2265 1536 suo
2286 1471 2358 1553 loqui

387 1555 583 1636 claudendo,
616 1575 689 1621 cum
718 1556 826 1640 aliqua
854 1554 1018 1639 plausibili
1044 1555 1253 1621 excusatione
1282 1554 1354 1619 Deo
1405 1563 1542 1638 poterat,
1560 1557 1623 1624 nisi
1641 1557 1702 1622 hac
1719 1557 1920 1642 praefatione
1937 1557 2140 1641 interposite,
2159 1577 2200 1622 ne
2218 1577 2286 1639 qua
2301 1559 2359 1642 regi

385 1642 521 1726 impune
542 1642 725 1709 illuderent.
758 1641 808 1708 Ac
830 1639 980 1708 videmus
997 1648 1034 1706 ut
1052 1639 1115 1707 sibi
1132 1639 1226 1705 multi
1248 1648 1355 1724 patro·
1406 1641 1576 1790 obreperet
1596 1643 1731 1708 sinistra
1752 1643 1907 1727 suspicio,
1935 1643 2027 1725 qussi
2056 1641 2196 1707 famulus
2216 1641 2364 1707 iniuriam*

387 1728 512 1795 oinium
534 1736 692 1812 quaerant
708 1750 749 1794 ex
767 1748 878 1794 crassa
893 1726 1112 1811 ingnorantia,
1134 1746 1200 1810 qua
1216 1729 1355 1792 scientes
1406 1727 1467 1792 sibi
1493 1735 1597 1794 actam
1616 1734 1762 1810 putaret:
1780 1727 1886 1793 velue
1898 1749 2046 1810 quaeum
2057 1737 2217 1812 pungeret
2228 1728 2362 1807 offensio,

382 1811 427 1881 ac
449 1814 596 1880 volentes
614 1835 653 1879 se
674 1814 854 1896 implicant.
898 1811 1028 1879 Pharao
1050 1812 1166 1896 igitur,
1196 1819 1354 1894 quantum
1407 1814 1497 1896 quasi
1527 1834 1592 1878 non
1620 1813 1756 1879 sentiret
1784 1812 1839 1878 ille
1867 1812 2061 1880 beneficium
2083 1813 2144 1879 sibi
2167 1815 2361 1896 praestitum.

386 1899 424 1964 in
447 1919 482 1964 se
504 1908 583 1980 erat,
605 1899 752 1965 vaticinii
774 1899 881 1965 fructu
903 1919 938 1964 se
955 1899 1106 1980 privavit,
1128 1918 1240 1982 magor
1257 1917 1354 1980 quae·
1406 1897 1538 1966 Scimus
1565 1919 1662 1981 quam
1690 1900 1794 1965 teneri
1821 1899 1888 1966 siut
1920 1919 2034 1983 regum
2062 1901 2177 1976 animi,
2211 1910 2246 1964 et
2279 1899 2366 1965 homo

385 2007 463 2052 rens
482 1987 553 2051 eius
574 1987 779 2068 interpretes.
815 1984 922 2051 Sicuti
944 1983 1093 2049 videmus
1115 1983 1257 2067 quotidie
1274 1983 1355 2049 aeci·
1405 1984 1529 2050 aulicus
1549 1984 1611 2050 hoc
1632 1984 1729 2068 longo
1751 2005 1812 2050 usu
1840 1993 1996 2068 expertus
2020 1999 2099 2050 erat.
2145 1984 2264 2066 Itaque
2285 2006 2363 2067 prae

386 2070 479 2149 dere,
502 2079 539 2137 ut
561 2071 682 2138 veritas
704 2071 815 2135 multis
836 2081 1026 2147 evanescat,
1054 2069 1130 2152 quia
1151 2069 1282 2151 propria
1303 2088 1354 2133 so·
1404 2070 1492 2134 fatur
1509 2071 1625 2135 merito
1642 2090 1677 2134 ιι
1694 2072 1729 2135 in
1747 2089 1908 2136 carcerem
1926 2069 2029 2136 fuisse
2050 2071 2245 2137 coniectum.
2279 2069 2366 2136 Unde

384 2156 496 2224 cordia
517 2155 572 2222 vel
592 2155 728 2222 nebulas
750 2157 812 2222 sibi
839 2155 1016 2234 inducunt,
1045 2154 1096 2219 vel
1120 2153 1216 2220 nimis
1238 2153 1354 2235 cupide
1405 2156 1552 2238 sequitur
1573 2157 1696 2221 factum
1722 2156 1822 2221 fuisse
1851 2155 1938 2240 regis
1967 2156 2155 2235 clementia,
2186 2166 2224 2221 ιιι
2254 2155 2365 2221 rediret

385 2243 550 2326 arripiunt
581 2242 662 2307 falsa
694 2250 727 2307 et
759 2241 943 2306 adulterina
980 2247 1174 2306 commenta.
1228 2238 1354 2304 Verum
1405 2239 1445 2305 ad
1463 2241 1606 2324 priorem
1629 2250 1759 2306 statum.

387 2328 465 2412 quia
500 2326 665 2394 Dominus
697 2348 797 2411 regno
832 2326 976 2411 Aegypti
1008 2325 1138 2390 volebat
1167 2334 1246 2390 tunc
1282 2341 1355 2390 suc·
1492 2326 1541 2391 14.
1570 2325 1616 2392 Et
1645 2328 1733 2394 ιιιιιι
1763 2325 1894 2392 Pharao
1925 2332 1953 2392 et
1983 2327 2109 2393 voert.
2160 2325 2202 2391 In
2237 2346 2366 2410 persona

387 2434 533 2481 currere:
564 2413 770 2479 Pharaonem
799 2412 839 2478 ab
868 2431 979 2478 errore
1009 2411 1102 2495 quasi
1131 2429 1231 2475 manu
1258 2421 1291 2475 ιι
1319 2410 1354 2476 ιι
1405 2414 1538 2496 superbi
1565 2412 1652 2496 regie
1679 2412 1773 2496 quasi
1794 2414 1830 2478 iu
1851 2412 1982 2494 speculo
2011 2414 2175 2478 ceruimus
2199 2412 2281 2496 quid
2302 2431 2365 2494 pro

386 2499 535 2566 retraxit.
1404 2498 1493 2563 ficiat
1524 2498 1710 2564 necessitas.
1754 2496 1882 2578 Quibus
1909 2519 1962 2564 res
1987 2497 2093 2563 laetae
2124 2505 2203 2564 sunt
2233 2520 2273 2564 ac
2302 2517 2368 2580 pre-

473 2585 545 2650 Nca
576 2589 645 2649 eret
675 2584 822 2650 mulcetur
853 2601 892 2648 ee
924 2583 970 2647 eie
1001 2583 1057 2663 qui
1089 2582 1353 2662 interpretaretur.
1405 2603 1529 2668 sperae,
1551 2584 1650 2648 etiam
1668 2603 1747 2666 quos
1770 2583 1960 2648 existimant
1980 2582 2166 2666 prophetas,
2187 2585 2301 2649 audire
2318 2582 2367 2648 vix

384 2671 459 2737 Hoc
475 2667 722 2736 remedioDeus
739 2668 879 2736 ocourrit
896 2689 938 2732 ne
955 2667 1118 2732 somnium
1134 2665 1352 2732 intercideret.
1407 2668 1439 2734 di
1507 2675 1596 2734 ntur:
1626 2677 1756 2734 tentum
1782 2668 1874 2734 abest
1895 2675 1933 2734 ιιι
1954 2688 2050 2735 aures
2070 2670 2252 2752 praebeant
2273 2668 2368 2734 homi·

388 2756 517 2824 Scimus
528 2776 627 2840 quam
639 2764 813 2821 ventosum
824 2761 857 2817 et
873 2753 1044 2836 impudens
1062 2752 1231 2818 hominum
1249 2772 1353 2837 genus
1405 2755 1442 2819 ni
1464 2775 1502 2821 us
1523 2754 1653 2839 ignotis.
1688 2753 1801 2836 Quare
1823 2753 2002 2820 Pharaonis
2024 2756 2264 2822 contumatiam
2287 2755 2371 2838 prius

385 2843 509 2908 fuerint
526 2841 628 2917 arioli,
652 2849 685 2906 et
702 2861 800 2924 quam
818 2837 972 2905 audacter
990 2859 1025 2904 se
1041 2837 1252 2906 venditarint.
1287 2836 1354 2919 Qui
1406 2841 1532 2906 domari
1553 2840 1712 2922 oportuit,
1736 2848 1774 2904 ut
1795 2847 1972 2910 accerseret
1993 2839 2128 2923 Ioseph,
2149 2861 2295 2924 eumque
2316 2837 2371 2904 sibi

385 2929 426 2994 fit
458 2947 537 3012 ergo
569 2933 606 2993 ut
637 2926 708 3010 regi
739 2946 804 2990 non
844 2924 1076 3008 respondeant:
1117 2924 1234 2990 licebat
1266 2924 1352 2988 enim
1406 2927 1600 3010 magistrum
1618 2947 1655 2991 ac
1673 2925 1835 2991 doctorem
1852 2926 2057 3010 praeficeret:
2079 2925 2146 2991 imo
2163 2926 2248 2994 haee
2266 2924 2370 2992 eadem

386 3013 516 3098 quidvis
538 3013 656 3097 nugari
678 3011 765 3094 apud
787 3009 954 3075 huminem
976 3008 1160 3088 credulum,
1186 3009 1296 3093 etqui
1318 3029 1354 3074 se
1406 3011 1611 3094 praeparatio
1633 3009 1745 3078 electis
1765 3032 1893 3095 quoque
1914 3011 2097 3078 necessaria
2113 3019 2174 3093 eet,
2196 3012 2277 3095 quia
2294 3031 2370 3076 uuu-

387 3098 500 3165 deludi
527 3097 665 3164 libenter
693 3118 808 3179 passus
836 3105 929 3162 esset.
973 3095 1025 3160 Ne
1053 3094 1157 3178 igitur
1183 3094 1224 3161 ab
1246 3094 1352 3178 inqui·
1406 3117 1503 3263 Quam
1525 3117 1601 3163 vere
1623 3095 1742 3164 dociles
1764 3107 1882 3175 essent,
1907 3099 1971 3163 nisi
1993 3097 2126 3164 subactu
2148 3099 2261 3164 carnis
2282 3098 2371 3162 fastu.

386 3184 482 3250 rendi
504 3181 611 3249 studio
640 3181 790 3258 desistat,
818 3202 883 3246 non
912 3182 1033 3265 reperit
1059 3179 1143 3264 quod
1165 3188 1355 3264 speraverat

387 3268 474 3352 apud
497 3289 573 3334 suos
595 3288 717 3353 magos.
762 3268 807 3332 Et
829 3266 992 3332 Dominus
1013 3275 1080 3330 tam
1106 3265 1271 3349 improbos
1292 3265 1354 3331 fal·
1407 3289 1467 3334 nos
1489 3267 1659 3351 perplexos
1681 3277 1714 3333 et
1736 3269 1851 3334 anxios
1872 3275 1994 3350 tenent,
2020 3269 2160 3335 sciamus
2182 3267 2298 3334 Deum
2319 3268 2373 3332 hoo

385 3354 474 3421 leudi
495 3355 637 3421 artifices
658 3352 878 3420 obmutescere
899 3353 996 3436 cogit,
1019 3372 1175 3434 nequem
1196 3351 1356 3418 inducant
1406 3353 1502 3419 modo
1525 3354 1618 3420 nobis
1640 3354 1819 3432 uouemere,
1845 3375 1909 3437 quo
1931 3352 1992 3421 sibi
2012 3353 2231 3438 obsequentes
2255 3351 2372 3418 reddat.

386 3440 508 3507 fucum.
559 3439 653 3506 Adde
686 3437 772 3522 quod
802 3437 864 3505 hoc
896 3437 992 3515 modu
1023 3438 1111 3522 regis
1143 3459 1222 3504 eura
1251 3437 1355 3521 magis
1407 3437 1504 3520 Quod
1532 3439 1950 3524 narratMoseszloseph,
1979 3447 2155 3524 antequam
2184 3437 2375 3506 veniretis

386 3525 530 3592 acuitur:
563 3525 639 3609 quia
668 3545 738 3590 rem
771 3523 865 3590 valde
898 3524 1016 3589 seriam
1044 3531 1077 3589 et
1106 3543 1258 3589 arcanam
1285 3544 1355 3589 esse
1405 3535 1614 3608 conspectum
1635 3526 1737 3610 regie,
1764 3532 1875 3593 vestes
1897 3534 2058 3592 mutasse:
2086 3525 2163 3591 hinc
2184 3527 2374 3592 coniicimus

384 3619 524 3762 {illl
543 3607 1356 3761 qu⁸⁰sllg⁰ll¹ds⁸⁰ll⁰llfflluiliiflll
1406 3610 1535 3762 t⁰t¹t¹⁰
1553 3611 1835 3763 ‘lii'lllm'
1869 3610 1994 3763 left
2012 3612 2137 3764 ”llll
2154 3631 2231 3677 ¹³⁰⁰
2250 3609 2377 3761 tlt:

386 3717 692 3849 lgihhihrbriirum
711 3715 1028 3846 fomeirtapDoriiiinie
1042 3716 1211 3847 iuuencis:
1231 3716 1356 3864 liocque
1405 3719 1516 3863 niiuea
1529 3717 1620 3848 iicet
1636 3717 1850 3866 geeutislillihi
1867 3718 2031 3862 mollitiis,
2053 3717 2308 3867 prohihilleuhst,
2327 3779 2377 3864 qui

387 3869 424 3934 ιιι
446 3869 603 3953 singulari
625 3867 731 3951 gratia
752 3865 969 3949 reputandum
990 3887 1076 3946 esse,
1108 3887 1211 3948 quum
1233 3866 1285 3932 vel
1307 3875 1356 3931 ta·
1407 3868 1502 3933 nitori
1521 3876 1555 3933 et
1571 3867 1750 3951 elegantiae
1768 3867 1953 3946 studebant,
1975 3889 2102 3935 comam
2118 3869 2233 3953 potius
2253 3867 2377 3933 eluisse

388 3964 465 4020 cent
486 3952 799 4037 pseudoprophetae,
823 3950 873 4016 vel
895 3950 1128 4034 quovismodo
1150 3951 1244 4017 nobis
1266 3951 1355 4018 dete·
1407 3954 1533 4019 Verum
1555 3954 1651 4020 sicuti
1671 3955 1811 4022 restium
1838 3954 2023 4038 squalorem
2050 3955 2143 4020 exuit
2163 3953 2310 4038 Ioseph,
2336 3953 2378 4015 ita

388 4041 479 4126 gitur
506 4060 617 4104 eorum
648 4036 792 4102 fatuitas.
838 4037 1011 4103 Caeterum
1036 4037 1113 4104 hinc
1133 4038 1205 4122 regi
1225 4057 1354 4122 promp-
1406 4037 1541 4123 nequid
1558 4038 1706 4124 paedoris
1725 4037 1843 4107 haheat
1858 4040 2034 4116 residuum,
2054 4040 2190 4106 raditur.
2229 4039 2380 4107 Sciamus

388 4135 461 4191 tum
488 4124 551 4189 fuit
579 4123 733 4207 colligere
761 4143 858 4205 quam
881 4123 997 4190 frivola
1019 4135 1106 4188 esset
1126 4143 1164 4188 ac
1186 4124 1357 4208 nugatoria
1407 4146 1485 4209 ergo
1496 4125 1561 4191 Dei
1582 4146 1714 4192 servum
1731 4127 1767 4191 iu
1788 4125 1939 4193 sordibus
1961 4127 2214 4210 iacuisseusque
2235 4125 2281 4190 sd
2300 4124 2378 4190 diem

389 4209 567 4294 sapientiae
593 4208 762 4292 professio,
790 4228 856 4292 qua
884 4229 961 4292 prae
987 4207 1060 4275 aliis
1089 4210 1264 4294 turgebant
1290 4211 1356 4275 Ae·
1406 4211 1617 4277 liberationis.

389 4296 506 4382 gyptii.
550 4292 732 4360 Diviuandi
753 4293 839 4359 euim
863 4294 1013 4375 scientia,
1036 4315 1120 4378 quae
1142 4294 1248 4361 coelos
1268 4296 1356 4381 ipsos
1495 4297 1544 4363 15.
1575 4295 1619 4362 Et
1644 4297 1728 4363 teet
1756 4295 1889 4362 Pharao
1918 4298 1960 4362 ad
1987 4296 2107 4378 Ioseph.
2152 4297 2325 4364 Videmus
2350 4302 2381 4359 ut

390 4380 663 4457 transscenderet,
682 4379 803 4464 pollere
820 4401 855 4446 se
872 4381 1046 4448 iactabant.
1086 4380 1182 4448 Nunc
1199 4391 1357 4464 quantum
1408 4404 1444 4448 se
1465 4380 1661 4465 discipulum
1690 4381 1805 4448 offerat
1827 4381 1957 4450 Pharao
1985 4383 2048 4465 ipsi
2069 4382 2206 4466 Ioseph,
2245 4383 2328 4466 quia
2347 4401 2383 4447 ex

391 4468 433 4535 sd
455 4487 510 4533 eos
531 4467 658 4546 attinet,
680 4487 744 4530 rex¹
760 4465 886 4531 consilii
907 4468 1015 4549 inops,
1040 4486 1159 4549 speque
1180 4487 1240 4532 sua
1259 4467 1357 4533 desti·
1431 4468 1584 4534 incernae
1606 4468 1717 4533 relatu
1734 4488 1910 4550 persuasus
1932 4476 1981 4535 est
1999 4488 2070 4533 esre
2086 4469 2151 4533 Dei
2175 4469 2382 4552 prophetem.

389 4563 493 4630 tutus,
516 4551 663 4636 angitur:
686 4572 790 4634 neque
811 4559 920 4617 ιιιιιιιι
944 4573 978 4617 ιι
999 4553 1107 4635 ipsum
1129 4554 1357 4638 expergefacit,
1407 4489 1529 4621 hocca
1551 4562 1600 4619 est
1621 4551 1752 4637 quidem
1775 4553 1960 4632 humilitas,
1982 4553 2038 4620 sed
2060 4553 2122 4618 hoc
2143 4553 2245 4620 nobis
2269 4552 2383 4621 diserte

388 4650 461 4706 uta
478 4637 707 4721 superstitione
724 4658 783 4702 sua
800 4638 942 4720 resipiat.
976 4638 1029 4702 Ita
1044 4637 1193 4705 videmus
1211 4639 1358 4706 homines
1409 4639 1619 4724 exprimitur,
1651 4659 1692 4705 ne
1721 4639 1777 4706 ubi
1806 4637 1935 4705 dicendi
1957 4639 2092 4706 facultas
2114 4637 2211 4705 nobis
2236 4641 2381 4714 offertur,

391 4725 543 4806 quamvis
562 4723 760 4802 admonitos,
795 4742 926 4788 manere
948 4730 1058 4788 tamen
1081 4723 1116 4788 in
1138 4744 1196 4790 suo
1219 4732 1357 4809 torpore.
1409 4726 1544 4809 spiritus
1566 4724 1659 4790 donis
1678 4733 1867 4792 reverenter
1889 4725 1994 4790 locum
2017 4724 2094 4790 dare
2111 4726 2236 4809 pigeat.
2275 4725 2383 4808 Quan-

389 4809 488 4877 Unde
506 4811 591 4875 clare
608 4809 802 4892 perspicitur
819 4829 916 4890 quam
934 4808 1165 4876 inexcusabilis
1184 4810 1227 4875 sit
1243 4810 1359 4876 mundi
1409 4832 1508 4894 quam
1538 4820 1647 4876 autem
1680 4810 1758 4876 dum
1788 4811 1994 4876 Pharaonem
2028 4809 2159 4895 ablegat
2183 4809 2317 4896 Ioseph
2349 4808 2385 4875 sd

391 4895 583 4973 obstinatio,
616 4896 672 4977 qui
703 4894 871 4960 illusiones
899 4894 1007 4978 palam
1035 4915 1053 4960 e
1082 4896 1170 4961 coelo
1200 4897 1359 4964 stultitiae
1409 4897 1535 4977 Deum,
1563 4917 1685 4982 negare
1713 4896 1844 4962 videtur
1866 4917 1901 4962 se
1922 4897 1990 4962 fore
2015 4895 2234 4981 interpretem
2260 4894 2383 4970 somnii,

390 4981 580 5057 damnatas,
603 4980 719 5046 sectari
742 4986 852 5044 tamen
875 5001 941 5045 uon
960 4977 1094 5046 desistit.
1410 4983 1473 5048 alio
1501 4991 1610 5048 tamen
1642 4989 1769 5065 spectat
1797 4983 1867 5049 eius
1899 4982 2075 5065 responsio.
2125 4982 2216 5047 Nam
2249 4985 2386 5067 quisse

478 5067 508 5132 9.
532 5065 575 5131 Et
592 5065 737 5146 loquatur
753 5069 796 5130 est
811 5065 962 5146 princepe
980 5067 1213 5148 pincemcncn.
1246 5067 1358 5149 Quan-
1410 5068 1672 5152 apudhomiuom
1689 5069 1862 5152 profanum
1877 5075 1910 5134 et
1930 5068 2220 5152 superstitionibus
2241 5068 2384 5134 deditum

391 5173 490 5236 quam
513 5152 674 5218 Dominus
696 5161 774 5217 tuno
797 5151 938 5236 Aegypti
961 5151 1115 5218 misertus
1134 5161 1199 5231 est,
1222 5174 1288 5219 uon
1311 5165 1359 5220 ts·
1409 5151 1511 5221 verba
1539 5154 1645 5221 facere
1672 5153 1809 5233 sciebat,
1838 5175 1932 5221 susm
1954 5155 1989 5218 iu
2018 5153 2133 5238 primis
2156 5151 2299 5220 laudem
2324 5155 2387 5220 Deo

391 5258 468 5304 men
493 5238 553 5303 hoc
575 5236 626 5303 vel
648 5237 684 5300 in
706 5235 802 5320 regis,
824 5238 877 5302 vel
898 5237 1054 5302 interrae
1076 5239 1215 5323 gretiam
1238 5239 1360 5306 factum
1411 5260 1554 5306 asserere
1582 5240 1698 5305 voluit:
1732 5261 1770 5306 sc
1798 5241 1826 5305 si
1854 5239 2005 5306 dixisset:
2028 5238 2121 5305 Nihil
2146 5238 2212 5305 hae
2238 5241 2277 5305 in
2300 5247 2386 5325 perte

391 5331 458 5401 est,
492 5322 547 5390 sed
578 5330 615 5386 ut
646 5319 766 5405 Ioseph
795 5341 813 5386 e
845 5343 973 5388 carcere
1006 5321 1137 5389 ιιιιιιιιιι
1168 5334 1358 5410 emergeret.
1410 5326 1520 5405 valeo,
1554 5345 1614 5392 nec
1647 5324 1823 5410 quidquam
1852 5347 1893 5393 ex
1922 5347 1975 5392 me
2004 5326 2073 5409 ipso
2101 5326 2303 5408 praestabo:
2338 5321 2386 5392 sed

1440 3183 1544 3249 uoties
1567 3202 1645 3267 ergo
1665 3182 1701 3248 ιιι
1723 3204 1840 3268 graves
1862 3182 2029 3250 molestias
2057 3184 2270 3263 coniicimur,
2299 3201 2371 3265 quae
