4988 6192
110 467 176 532 513
773 468 1142 538 COMMENTARIUS
1163 469 1214 536 IN
1236 468 1449 536 GENESIN.
2044 474 2111 540 514

113 656 263 722 miseriae
286 655 509 741 sympathiam
525 663 695 740 generant.
730 655 841 737 Quare
860 655 944 722 nihil
962 657 1084 724 mirum
1135 657 1257 722 laetum
1276 664 1311 721 et
1329 656 1441 722 utilem
1463 659 1619 725 nunoium
1641 660 1727 726 soeio
1749 660 1912 738 attulerat,
1935 661 2007 745 ipse
2024 683 2104 746 quo-

113 743 140 808 si
170 762 231 808 noe
260 742 359 807 variis
387 742 552 808 aerumnis
581 749 712 818 exardet
740 742 922 822 Dominus,
955 741 1085 826 quando
1135 763 1196 826 que
1217 743 1519 825 interpretationem
1550 746 1687 828 appetit,
1714 767 1811 828 quam
1833 768 1874 812 ex
1904 747 2005 812 animi
2028 769 2105 814 sen·

113 827 195 893 nihil
219 847 278 892 noe
296 827 401 912 magis
423 826 515 894 deoet
537 847 634 910 quam
655 828 843 894 humanitas
861 849 938 912 erga
960 830 1084 908 fratrer,
1135 828 1237 893 tentia
1266 827 1336 893 fore
1364 837 1482 912 sperat.
1533 828 1589 895 Sio
1618 831 1772 914 permulti
1800 829 1840 895 ad
1873 833 2009 898 verbum
2039 832 2107 901 Dei

111 916 168 996 qni
207 913 302 978 malis
342 913 488 996 oppressi
527 913 786 997 eontemptibiles
825 917 942 980 iaoent.
1000 914 1084 980 Eam
1134 913 1282 997 aspirent
1311 912 1419 997 eupidi
1444 923 1477 980 et
1505 914 1637 992 alaores,
1660 916 1818 999 nunquia
1839 918 2106 1002 simplieiterou·

112 1020 192 1064 vero
214 999 416 1081 experientia
438 999 562 1064 diseere
584 1020 715 1065 neeesse
738 1009 802 1066 est:
831 999 908 1084 quia
936 1000 1085 1083 ingenita
1134 999 1227 1082 pient
1249 1000 1319 1085 regi
1341 1019 1361 1065 a
1381 998 1540 1082 Domino,
1562 1001 1687 1084 sibique
1707 1004 1853 1086 patefieri
1870 1003 1956 1088 qnod
1969 1012 2104 1072 reatum

112 1083 205 1152 nobis
237 1083 357 1152 feraria
389 1085 485 1150 rebus
512 1086 674 1168 prosperis
704 1085 809 1169 magis
836 1104 873 1151 ao
901 1087 1005 1171 magis
1033 1085 1083 1150 in·
1133 1093 1198 1151 est:
1227 1083 1285 1151 sed
1313 1084 1390 1167 quia
1417 1085 1584 1152 somniant
1612 1108 1719 1153 meres
1741 1087 1885 1154 delitias:
1915 1089 1970 1154 ubi
1993 1099 2104 1158 eutem

110 1172 221 1236 fletur.
1135 1191 1246 1237 eorum
1268 1170 1438 1236 affeotibne
1459 1192 1527 1237 non
1548 1172 1722 1256 respondet
1744 1174 1908 1251 doctrina,
1937 1176 2048 1243 tristes
2070 1185 2104 1242 et

200 1255 250 1320 12.
276 1255 353 1321 Tres
366 1256 480 1333 ¹reati,
511 1260 575 1320 trae
595 1255 671 1322 diae.
714 1255 790 1320 Non
810 1255 935 1338 profert
956 1255 1010 1324 hie
1030 1254 1084 1322 Io·
1134 1255 1298 1322 vulnerati
1322 1255 1503 1322 disoedunt.
1548 1256 1745 1341 Quanquam
1768 1269 1877 1326 eutem
1907 1262 2023 1327 somnii
2045 1283 2102 1328 ex·

109 1340 202 1425 seph,
226 1339 312 1424 quod
334 1339 511 1407 verisimile
541 1341 684 1423 putavit,
715 1348 869 1423 tanquam
890 1341 1084 1424 flexiloquus
1134 1342 1249 1424 positio
1270 1341 1416 1407 insuavis
1433 1351 1466 1407 et
1483 1343 1599 1409 eeerba
1620 1343 1731 1410 futura
1747 1355 1832 1412 erat:
1855 1346 1976 1428 Ioseph
1994 1357 2105 1414 tamen

110 1427 277 1509 quispiam
301 1427 470 1504 oonieotor,
493 1424 550 1490 sed
572 1426 690 1492 asserit
709 1448 749 1490 ex
769 1426 969 1492 revelatione
987 1428 1082 1510 spiri·
1133 1427 1219 1510 qnod
1237 1426 1299 1493 sibi
1318 1427 1500 1504 revelatum
1519 1437 1577 1508 est,
1600 1429 1671 1494 sine
1687 1429 1762 1496 fuae
1779 1431 1957 1511 declarent,
1982 1455 2105 1500 munus

109 1523 166 1577 tus
187 1511 266 1594 qnid
288 1511 349 1578 sibi
372 1511 452 1576 velit
473 1512 645 1577 somnium.
688 1509 759 1578 Gur
781 1513 867 1576 enim
891 1512 995 1578 tribus
1016 1513 1083 1596 pal·
1133 1511 1195 1578 sibi
1212 1509 1370 1579 divinitus
1390 1513 1574 1580 iniunetum
1596 1515 1680 1580 bona
1697 1515 1761 1581 fide
1778 1519 1975 1600 exsequitur.
2010 1520 2104 1587 Haeo

109 1596 247 1665 mitibus
269 1595 338 1664 dies
366 1597 474 1680 potius
504 1617 601 1680 quam
629 1617 731 1662 annor
761 1597 868 1662 notari
897 1596 992 1678 dioit,
1017 1599 1082 1664 nisi
1132 1597 1267 1664 libertas
1288 1598 1454 1682 prophetis
1476 1608 1509 1664 et
1531 1598 1716 1666 dootoribue
1737 1601 1873 1668 eolenda
1895 1615 1952 1680 est,
1979 1626 2020 1668 ne
2043 1605 2103 1672 ιι-

109 1683 189 1766 qnia
221 1683 255 1748 id
287 1690 494 1768 suggesserat
527 1683 588 1749 Dei
621 1681 776 1765 spiritus?
809 1683 973 1748 Peeuliari
1005 1705 1083 1768 ergo
1133 1681 1238 1749 bitent
1269 1705 1329 1749 sua
1357 1683 1503 1750 doetrine
1535 1685 1654 1752 vulnus
1686 1688 1832 1771 infligere
1864 1688 1981 1770 quibus
2009 1692 2101 1758 Deus

107 1768 270 1835 instinctu
292 1788 391 1852 snpra
412 1777 564 1834 naturam
585 1766 774 1834 oonsoendit
790 1767 919 1852 loseph,
941 1777 980 1834 ιι
996 1789 1081 1834 som-
1132 1777 1270 1834 mortem
1300 1768 1485 1837 dennneiet.
1529 1771 1635 1837 Nemo
1657 1775 1780 1855 estqui
1805 1794 1872 1838 non
1901 1776 2010 1857 anpiet
2039 1778 2102 1843 sibi

108 1855 205 1919 nium
235 1861 392 1938 exponat:
422 1863 454 1918 ιι
483 1874 559 1919 mox
588 1853 763 1936 pinoernae
784 1875 819 1920 se
840 1854 1082 1935 tommendens,
1128 1855 1203 1920 fieri
1236 1853 1374 1920 delitias.
1423 1855 1512 1922 Hine
1541 1857 1579 1922 fit
1607 1865 1646 1922 ιι
1678 1859 1781 1925 meior
1813 1880 1888 1942 pars
1920 1860 2099 1944 doetorum,

108 1959 148 2005 aa
166 1940 195 2006 si
213 1941 277 2006 iam
300 1940 472 2006 restitutus
494 1940 585 2017 leret,
609 1959 705 2022 quam
728 1946 817 2004 oerta
835 1940 878 2004 sit
895 1947 929 2004 et
948 1939 1082 2008 indubia
1133 1939 1210 2005 dum
1233 1938 1366 2025 obsequi
1387 1941 1461 2007 vult
1482 1941 1594 2024 pravis
1616 1943 1731 2008 mundi
1754 1945 1853 2023 votis,
1879 1944 2015 2011 verbnm
2038 1949 2102 2014 Dei

107 2045 190 2091 suae
218 2024 495 2108 interpretationis
523 2023 604 2090 fides
633 2023 789 2090 ostendit:
820 2045 858 2091 aa
879 2025 907 2091 si
930 2024 1081 2093 dixisset:
1133 2024 1301 2092 adulteret.
1338 2025 1449 2107 Quare
1472 2047 1568 2094 nemo
1590 2029 1735 2095 sineerus
1757 2031 1820 2095 erit
1841 2031 1932 2096 verbi
1954 2032 2016 2097 Dei
2039 2034 2100 2098 mi-

107 2109 318 2176 Persuadere
346 2111 405 2177 tibi
431 2107 595 2193 proditum
625 2129 695 2175 esse
716 2130 736 2174 a
757 2111 830 2175 Deo
856 2109 944 2194 qnod
966 2133 1007 2176 ex
1030 2132 1082 2176 me
1133 2111 1253 2188 nister,
1276 2112 1338 2176 nisi
1360 2112 1416 2195 qni
1438 2124 1547 2195 spreta
1568 2113 1711 2191 invidia,
1739 2115 1865 2197 quoties
1887 2137 1968 2200 opus
1990 2117 2100 2197 fuerit,

107 2197 217 2262 audis.
271 2193 337 2262 Ubi
374 2195 474 2261 etiam
514 2194 655 2260 ostendit
694 2216 792 2279 quam
833 2195 1010 2263 honorilioe
1042 2197 1081 2262 de
1132 2198 1168 2261 in
1189 2197 1299 2262 varias
1321 2197 1460 2264 offensas
1488 2198 1632 2264 inuidere
1660 2213 1811 2283 paratus,
1841 2223 1932 2267 suam
1964 2202 2101 2270 doeendi

109 2283 254 2348 oraoulis
276 2281 340 2346 Dei
361 2282 499 2359 sentiet,
529 2300 594 2346 non
624 2281 734 2349 minus
762 2301 875 2348 seeure
902 2280 942 2347 de
972 2283 1081 2348 futuro
1132 2283 1292 2348 rationem
1325 2283 1366 2348 ιι
1400 2285 1461 2350 Dei
1499 2284 1690 2351 mandatnm
1729 2286 1889 2352 formabit.
1945 2286 2101 2371 Optasset

108 2369 229 2434 affeetu
251 2367 472 2450 pronuntians
494 2367 637 2449 quamsi
659 2387 712 2432 res
731 2368 798 2432 iam
820 2374 904 2433 esset
926 2367 1081 2435 exhibita.
1132 2367 1263 2449 quidem
1283 2367 1401 2452 Ioseph
1429 2370 1558 2453 utrique
1587 2371 1670 2436 bene
1698 2373 1853 2451 ominari,
1882 2373 1939 2438 sed
1968 2375 2043 2456 qnia
2064 2377 2099 2442 in

109 2452 180 2522 Sed
202 2451 381 2521 absurdum
398 2473 469 2518 esee
488 2449 624 2531 videtur,
647 2450 732 2535 qnod
750 2451 869 2537 Ioseph
891 2453 1082 2538 prophetiae
1132 2453 1203 2519 eius
1224 2453 1358 2520 arbitrio
1380 2474 1445 2519 non
1468 2465 1519 2520 ost
1541 2455 1619 2521 dare
1648 2477 1836 2540 prosperam
1862 2460 1977 2541 eoique
1996 2460 2098 2526 ιοιιι-

107 2556 190 2606 suee
208 2536 390 2604 mereedem
409 2538 521 2622 exigit.
557 2536 827 2620 Respondeonon
846 2539 895 2605 ite
910 2539 1081 2624 loquutum
1132 2557 1226 2618 nem,
1248 2538 1334 2622 quod
1356 2539 1516 2623 reliquum
1537 2549 1602 2621 est,
1626 2541 1768 2626 ingenue
1788 2545 1985 2626 pronuneiat
2006 2546 2100 2629 qnid·

106 2646 183 2692 esse
205 2632 244 2690 nt
265 2625 413 2690 venalem
435 2624 646 2706 prostitueret
663 2624 725 2688 Dei
748 2624 902 2708 gratiam:
924 2624 982 2690 sed
1005 2625 1082 2708 qnia
1132 2622 1209 2707 qaid
1232 2644 1252 2689 a
1274 2626 1415 2691 Domino
1437 2626 1569 2710 aceepit.
1600 2626 1658 2694 Sia
1679 2627 1766 2708 olim,
1789 2631 1938 2712 quamvis
1959 2632 2100 2715 populus

105 2711 143 2776 in
169 2719 313 2776 mentem
335 2710 385 2775 illi
406 2710 506 2789 venit,
531 2706 661 2774 modum
685 2709 888 2776 liberationis
910 2731 997 2775 nune
1019 2710 1081 2777 sibi
1130 2710 1307 2793 prophetas
1328 2710 1389 2776 sibi
1411 2720 1547 2794 optaret,
1570 2714 1625 2796 qui
1647 2714 1876 2796 promitterent
1898 2717 1970 2782 vini
1987 2727 2019 2782 ιι
2037 2719 2099 2786 olei

105 2819 127 2864 a
151 2797 225 2862 Deo
246 2817 317 2862 esee
338 2796 553 2880 propositum,
576 2815 673 2877 quem
693 2815 848 2879 respuere
868 2815 935 2862 non
957 2794 1079 2862 lieeret
1131 2803 1165 2859 et
1181 2796 1338 2861 frumenti
1356 2797 1490 2880 sopiam,
1509 2817 1545 2862 ae
1563 2800 1683 2866 sanetis
1702 2800 1870 2888 prophetie
1886 2801 2098 2886 obstreperet,

104 2881 274 2966 Equidem
295 2902 361 2947 non
383 2880 496 2946 dubito
517 2900 608 2964 spem
631 2878 773 2948 melioris
795 2881 946 2948 fortunae
966 2882 1082 2948 divini·
1131 2883 1206 2963 quia
1227 2880 1309 2947 nihil
1337 2882 1500 2948 stillarent
1527 2893 1657 2966 praeter
1685 2905 1873 2952 aerumnas:
1905 2886 1995 2972 (nam
2018 2889 2098 2958 haee

103 2978 165 3035 tus
187 2967 237 3033 illi
259 2967 360 3034 luisse
387 2967 516 3032 laetam
560 2966 653 3032 Dens
680 2967 767 3031 enim
796 2967 852 3050 qui
874 2967 939 3032 iarn
960 2989 980 3033 ι
1001 2988 1080 3052 pne-
1131 2966 1331 3048 querimonia
1360 2968 1447 3052 apud
1470 2969 1654 3036 hliohaeam
1678 2968 1723 3058 [2,
1745 2969 1781 3059 6]
1808 2971 1959 3060 ιιιιιιιι)
1987 2983 2098 3042 tamen

102 3055 186 3121 ritia
215 3053 434 3138 prineipatnm
456 3049 574 3116 illibi·
605 3052 813 3135 promiserat,
842 3052 930 3118 inter
951 3061 999 3118 tot
1020 3073 1079 3119 an·
1130 3073 1241 3118 servos
1272 3051 1423 3134 Domini,
1463 3055 1518 3137 qni
1550 3055 1591 3121 ad
1624 3054 1883 3124 denuntiandam
1916 3059 2097 3127 vindiatam

154 3140 237 3206 stiae
248 3159 314 3204 non
332 3139 421 3204 omni
439 3158 572 3220 prorsus
589 3136 809 3203 consolatione
826 3158 901 3203 enm
919 3137 1077 3204 destituit.
1130 3137 1222 3204 missi
1243 3147 1353 3218 erant,
1380 3160 1494 3206 severe
1511 3161 1647 3226 pergere
1668 3144 1824 3225 oportuit,
1854 3146 2004 3228 quemvis
2024 3145 2099 3213 odia

100 3163 202 3292 ffeeo
224 3233 334 3290 autem
356 3225 482 3290 οιιιιιο
499 3243 565 3289 non
584 3222 715 3288 aliunde
735 3242 832 3306 quem
851 3224 953 3289 aDeo
971 3224 1079 3291 oblata
1129 3221 1190 3288 eibi
1213 3244 1252 3290 aa
1272 3224 1417 3307 perieula
1436 3233 1647 3293 aooersorent.

101 3321 188 3378 erat.
256 3330 333 3375 aare
350 3329 417 3374 non
434 3309 555 3374 mirum
573 3317 624 3374 est
641 3309 669 3374 si
688 3307 807 3391 loseph
826 3308 861 3373 in
881 3329 955 3374 eum
977 3312 1077 3376 finem
1216 3309 1266 3374 19.
1286 3309 1419 3392 Ausara
1441 3310 1567 3378 Pharao
1589 3317 1888 3394 superuenere.
1936 3315 2099 3401 Ambigua

102 3395 339 3464 eooommodet.
392 3393 561 3476 Quantum
589 3393 630 3458 ad
660 3393 758 3460 verba
785 3403 926 3477 speetat:
959 3395 1079 3462 Tollere
1129 3394 1250 3478 absque
1267 3394 1447 3462 adieetione
1464 3396 1610 3480 loquutio
1627 3411 1722 3478 esset,
1740 3419 1824 3482 quae
1842 3400 1959 3464 tamin
1979 3402 2097 3468 bonam

95 3487 210 3564 eaput,
232 3481 396 3565 signifieat
418 3481 543 3564 erigere
560 3480 699 3563 aliquem
718 3501 759 3544 ex
777 3479 893 3545 humili
911 3489 1077 3566 oontemp·
1128 3500 1224 3563 quam
1246 3481 1282 3545 in
1304 3482 1424 3547 malem
1446 3495 1573 3564 partem
1596 3484 1751 3565 sumitur,
1772 3505 1831 3566 pro
1853 3505 1891 3550 eo
1912 3485 1998 3569 quod
2018 3487 2096 3552 diei·

99 3579 207 3652 taqne
228 3567 367 3647 fortuna,
390 3574 426 3631 ιι
448 3574 620 3634 oenseatur
637 3566 745 3648 aliquo
762 3565 840 3632 loeo.
874 3566 982 3632 Pollet
999 3586 1077 3652 ergo
1127 3585 1201 3631 mue
1223 3565 1264 3632 ad
1285 3565 1424 3650 aliquem
1455 3569 1632 3652 respicere,
1666 3569 1720 3634 vel
1750 3569 1871 3635 habere
1897 3571 1966 3635 eius
1995 3573 2095 3638 retio-

99 3654 237 3719 Pharao
259 3659 357 3735 eaput
378 3661 481 3731 tunm,
507 3651 569 3717 hoe
590 3660 657 3732 est,
679 3649 795 3719 ιιιιιι
815 3658 848 3716 ιι
870 3672 912 3717 ex
933 3652 1076 3719 tenebris
1126 3671 1219 3716 nem:
1248 3651 1302 3719 hie
1329 3653 1524 3736 exprimitur
1549 3654 1606 3720 ebe
1628 3663 1669 3720 te.
1713 3654 1855 3720 Videtur
1883 3665 1993 3720 tamen
2023 3678 2095 3724 esse

96 3738 255 3816 eareeris,
278 3736 333 3804 vel
353 3738 512 3804 leuantem
532 3737 669 3815 levabit,
697 3745 735 3802 nt
756 3737 792 3802 in
813 3735 987 3820 pristinum
1009 3744 1076 3803 sta·
1125 3737 1258 3816 allusio,
1287 3759 1324 3804 ao
1346 3739 1373 3804 ιι
1407 3737 1543 3805 dixisset
1563 3740 1697 3822 Ioseph:
1721 3740 1852 3806 Pharao
1881 3748 1980 3824 eaput
2001 3749 2095 3808 tuum

99 3837 174 3892 tum
199 3825 364 3889 restituat:
388 3824 516 3905 penim
533 3844 592 3907 pro
610 3822 680 3887 loeo
700 3831 733 3887 et
750 3822 864 3889 ordine
885 3821 1076 3907 simpliciter
1124 3821 1248 3888 levabit
1269 3831 1307 3889 ιι
1327 3823 1457 3890 adimet.
1502 3825 1607 3890 Porro
1628 3825 1714 3908 qnod
1737 3825 1845 3891 Moses
1868 3836 1989 3906 narret,
2012 3828 2094 3892 utri-

97 3909 245 3993 eaeipio,
267 3929 333 3973 non
357 3918 466 3975 antem
489 3929 548 3992 pro
570 3908 647 3973 basi.
1124 3928 1188 3990 qne
1209 3909 1308 3974 fnisse
1330 3909 1450 3976 laetum
1474 3920 1511 3975 ιι
1532 3910 1739 3993 praedixerat
1760 3911 1897 3994 Ioseph,
1921 3910 1983 3979 hoe
2004 3933 2094 3998 sym-

194 3995 245 4060 14.
269 3994 336 4060 Fae
357 4014 471 4076 quareo
491 4014 608 4061 ιιιιιιιι
628 3993 885 4060 misericordiam.
930 3994 1073 4063 Tametsi
1125 3992 1196 4060 bolo
1217 3995 1391 4060 oonfirmat
1412 4017 1525 4062 rerum
1549 3995 1649 4062 luisse
1660 3995 1726 4062 Dei
1747 4007 1865 4076 vatem,
1888 3997 1983 4063 ιιιιιι
2006 3998 2092 4082 apud

95 4079 222 4148 modns
245 4080 298 4145 hio
326 4080 479 4162 loquendi
504 4080 601 4146 tritus
623 4088 673 4145 est
692 4079 855 4144 Hebraeis
877 4101 935 4164 pro
957 4079 1073 4146 huma·
1123 4079 1296 4144 ieremiam
1330 4080 1469 4146 habetur
1497 4079 1562 4166 (28,
1594 4082 1638 4166 9).
1689 4081 1775 4147 Nam
1808 4082 1893 4165 quod
1926 4083 2093 4150 interdum

94 4169 242 4233 nitatem
265 4177 444 4248 praestare:
468 4185 534 4230 non
551 4174 662 4231 tamen
679 4163 814 4230 dubium
834 4174 885 4230 est
901 4166 978 4249 quin
995 4167 1073 4232 sim·
1123 4185 1261 4248 poenam
1283 4165 1400 4232 minati
1421 4176 1499 4232 sunt
1521 4165 1707 4250 prophetae,
1729 4189 1749 4231 a
1771 4166 1888 4250 quibus
1904 4168 1996 4235 Deus
2018 4170 2091 4236 aba·

92 4253 233 4337 plieiter
261 4251 414 4335 loquutus
436 4251 479 4316 sit
499 4250 619 4334 loseph
647 4258 743 4334 prout
770 4250 894 4317 ferebat
916 4251 1019 4318 tristis
1040 4261 1073 4318 ιι
1123 4250 1238 4329 tinuit,
1269 4251 1342 4318 ideo
1370 4253 1489 4317 faotnm
1513 4258 1578 4330 est,
1610 4253 1687 4335 quia
1709 4252 1827 4319 talibus
1850 4255 2010 4320 vatioiniis
2032 4277 2091 4321 an·

93 4338 227 4405 affliete
249 4337 317 4402 eius
339 4336 484 4416 fortuna,
515 4357 578 4419 quo
605 4338 710 4420 magis
732 4337 905 4419 pinoernee
926 4337 1071 4403 enimnm
1123 4357 1207 4401 nexa
1230 4345 1302 4402 erat
1329 4337 1477 4404 eonditio.
1523 4336 1589 4405 Sed
1619 4338 1743 4421 quoties
1775 4339 1919 4422 praecise
1948 4339 2093 4423 loquitur

91 4423 141 4489 ad
173 4421 342 4488 serendam
370 4423 430 4487 sibi
463 4442 557 4504 opem
590 4423 745 4488 fleeteret.
795 4421 838 4486 ln
868 4421 928 4488 hoo
961 4432 1071 4488 tamen
1121 4421 1286 4488 Dominus
1303 4443 1362 4506 per
1378 4443 1490 4490 servos
1507 4443 1594 4503 snos,
1612 4421 1767 4507 quidquid
1784 4423 1951 4507 praedioit,
1973 4427 2092 4493 affeetu

91 4509 278 4593 praeeipne
295 4509 427 4584 insistit,
441 4508 537 4573 nnllo
548 4508 667 4572 seelera
684 4507 763 4574 illue
779 4507 881 4573 fuisse
893 4507 1070 4588 detrusum,
1122 4507 1240 4574 sentiri
1261 4529 1391 4575 neeesse
1413 4521 1470 4574 est.
1504 4508 1583 4574 Ideo
1605 4510 1797 4576 nominatim
1810 4510 1920 4576 Moses
1941 4512 2091 4580 eoelestis

91 4617 142 4660 ne
165 4593 325 4677 pineerna
346 4593 471 4658 homini
499 4593 633 4658 innoxio
662 4592 879 4676 patrooinium
906 4614 1001 4658 sunm
1024 4615 1072 4658 re-
1122 4593 1243 4658 oraenli
1271 4594 1367 4660 fidem
1398 4593 1603 4660 sommendat
1624 4595 1660 4661 in
1681 4594 1811 4678 Ioseph.
1839 4595 1952 4676 'Quod
1977 4608 2093 4664 namt

90 4689 203 4746 euset.
226 4678 521 4762 Namquemvisut
540 4678 716 4761 plurimum
735 4687 889 4760 patronos
907 4681 1072 4762 reperiant
1121 4679 1245 4744 Moses:
1268 4679 1474 4746 Pharaonem
1503 4678 1555 4746 dia
1577 4702 1636 4747 suo
1665 4680 1766 4745 natali
1796 4701 1950 4764 magnum
1978 4683 2090 4749 eonvi-

86 4767 154 4850 qui
179 4765 372 4848 nequissimi
393 4774 479 4840 sunt,
501 4785 554 4829 res
576 4773 684 4829 tamen
708 4784 767 4847 per
787 4785 821 4828 ιι
843 4763 954 4828 οιιιιι
970 4772 1003 4829 ιι
1020 4767 1071 4830 ιι-
1122 4763 1212 4830 vium
1231 4764 1421 4845 eelebrasse,
1444 4766 1564 4830 seimus
1585 4785 1710 4831 morem
1732 4764 1821 4832 hune
1842 4786 1971 4849 semper
1989 4768 2093 4834 hrisse

89 4853 196 4918 famis
220 4859 278 4928 est,
301 4849 539 4917 eommendatio
561 4849 736 4916 ambitione
758 4848 874 4928 elioite,
897 4870 980 4932 quae
1002 4871 1071 4917 soe-
1121 4851 1156 4914 in
1178 4871 1255 4930 ιιι,
1285 4871 1350 4916 non
1379 4851 1511 4935 regibus
1534 4850 1644 4927 modo,
1674 4849 1732 4916 sed
1756 4851 1940 4917 hominibus
1961 4873 2091 4937 quoque

89 4939 245 5004 leratum
275 4936 441 5002 hominem
463 4957 482 5000 a
504 4936 589 5001 iusta
617 4955 722 5020 poena
748 4934 854 5018 eripit.
900 4935 1071 5002 Probabile
1121 4935 1264 5018 plebeiis.
1308 4936 1378 5002 Neo
1401 4957 1469 5003 mos
1490 4937 1553 5001 iste
1573 4935 1806 5020 improbandus
1828 4949 1922 5015 esset,
1944 4939 2094 5006 simodo

89 5031 213 5088 autem
236 5029 300 5086 est:
324 5021 443 5105 Ioseph
472 5021 659 5104 exposuisse
684 5029 783 5086 totam
813 5041 906 5086 suem
929 5042 1071 5100 eausam,
1120 5029 1245 5088 reatum
1268 5023 1366 5087 linem
1389 5029 1537 5087 tenorent
1559 5021 1707 5087 homines
1728 5023 1842 5105 gratiis
1873 5022 1996 5088 soilieet
2016 5025 2091 5092 Deo

89 5109 203 5174 donee
243 5109 417 5190 pinoernae
456 5106 592 5173 solidam
625 5106 830 5172 innoeentiae
863 5127 942 5172 suae
973 5107 1071 5173 fidem
1121 5107 1272 5191 agendis,
1294 5128 1314 5173 a
1336 5128 1398 5192 quo
1420 5107 1522 5174 ereati
1543 5120 1621 5172 sunt
1643 5116 1677 5172 ιι
1697 5107 1841 5188 ιιιιιιι,
1864 5115 1898 5172 ιι
1917 5129 2012 5190 quem
2036 5113 2087 5175 in·

84 5197 230 5262 faeeret.
1120 5193 1265 5259 numeris
1283 5193 1388 5260 modis
1407 5194 1532 5276 experti
1551 5201 1629 5259 sunt
1645 5193 1824 5258 benefioum
1847 5200 1981 5276 petrem.
2018 5193 2085 5263 Sed

187 5281 239 5346 16.
259 5278 302 5343 Et
318 5279 398 5345 uidit
409 5280 559 5362 prinam
570 5279 737 5360 pittoram.
768 5277 840 5344 Non
859 5286 953 5344 ourat
970 5299 1068 5362 qnam
1120 5299 1159 5342 ea
1176 5288 1225 5344 ιιι
1242 5278 1357 5346 mundi
1378 5280 1531 5362 pravitas,
1557 5288 1595 5343 ut
1611 5300 1694 5361 queo
1714 5279 1813 5362 probe
1833 5280 1984 5345 instituta
2004 5291 2085 5350 sunt

79 5367 217 5434 dexter
245 5375 278 5429 et
306 5364 390 5431 lidus
419 5365 581 5447 interpres
611 5363 711 5430 inerit
736 5363 870 5448 loseph:
904 5363 960 5429 sed
991 5365 1068 5448 quia
1119 5364 1196 5428 olim
1219 5387 1240 5431 a
1260 5364 1421 5448 patribus,
1444 5366 1479 5430 in
1501 5365 1680 5431 eontrarias
1701 5366 1901 5449 eorruptelas
1920 5373 1959 5430 ιι
1980 5367 2085 5450 pluri·

170 5465 284 5523 Oaioiae'
300 5481 392 5536 opera.
431 5465 489 5522 Vol.
509 5465 630 5522 XXIII.
1845 5465 1879 5522 33
