5000 6208
368 411 433 482 235
1027 409 1398 479 COMMENTARIUS
1417 412 1467 478 IN
1489 411 1703 478 GENESIN.
2307 414 2363 482 att

370 601 452 667 tioni
480 600 581 666 locus.
632 597 701 664 Iam
731 619 809 665 vero
837 596 991 665 discimus
1021 620 1062 664 ex
1093 598 1146 664 his
1175 600 1284 667 verbis
1308 601 1344 666 in
1397 621 1472 666 man
1504 601 1641 666 tacendo
1673 601 1832 686 loquitur,
1865 622 1962 684 quam
1991 599 2017 668 si
2047 613 2228 686 magnast
2257 623 2365 668 sonora

369 707 467 772 quem
488 687 588 750 finem
610 682 702 749 Deus
723 683 893 750 ecclesiam
915 685 979 751 sibi
1000 685 1142 770 colligat,
1166 708 1285 771 nempe
1307 695 1345 751 ut
1397 706 1475 751 voce
1496 686 1652 752 clamaret
1673 686 1813 753 solidum
1836 708 1871 753 se
1899 689 2088 771 obsequium
2118 699 2287 772 praestare
2310 688 2364 754 Dei

369 770 473 839 saneti
496 772 563 836 sint
581 791 660 853 quos
678 771 817 836 vocavit.
848 771 1113 836 Fundamentum
1136 772 1266 855 quidem
1288 793 1345 837 vo·
1396 773 1504 838 verbo.

369 857 506 926 cationis
524 855 657 921 divinae
675 856 820 940 gratuita
839 867 889 922 est
906 857 1091 939 promissio:
1114 858 1172 923 sed
1190 858 1251 924 hoc
1269 878 1344 924 oon·
1482 858 1512 922 4.
1541 857 1623 940 Epo,
1653 877 1716 924 ecee
1740 863 1868 939 paetum
1895 879 2005 924 meam.
2057 857 2124 941 Qui
2157 860 2363 936 transierunt,

369 945 461 1010 tinuo
489 954 562 1026 post
590 943 756 1026 sequitur,
781 950 818 1007 ut
839 940 902 1007 Dei
923 944 1066 1008 iustitiae
1087 964 1123 1008 se
1145 953 1346 1024 consecrent,
1398 943 1491 1023 Ecce,
1513 964 1573 1027 ego
1596 943 1677 1008 ferio
1700 954 1806 1011 tecum
1830 941 1958 1010 foedus:
1981 945 2044 1024 vel,
2062 945 2148 1011 Ecce
2170 966 2231 1030 ego
2254 953 2289 1012 et
2309 947 2365 1011 foe·

369 1051 451 1114 quos
472 1029 542 1112 ipse
564 1028 625 1094 sibi
648 1027 763 1112 deligit
784 1029 817 1092 in
840 1027 996 1112 populum
1019 1028 1226 1111 peculiarem.
1259 1029 1346 1095 Nam

370 1117 431 1182 hac
459 1115 532 1200 lege
561 1114 645 1180 filios
673 1111 735 1178 sibi
759 1113 892 1197 adoptat
914 1122 950 1178 ut
973 1114 1117 1180 vicissim
1138 1116 1242 1200 patris
1263 1115 1346 1181 obti-

369 1211 448 1267 neat
469 1201 576 1266 locum
598 1199 809 1266 ethonorem.
840 1199 935 1266 Siout
955 1208 1066 1266 autem
1088 1201 1158 1284 ipse
1180 1221 1346 1267 nonmen·

369 1290 459 1364 titur,
483 1287 529 1352 ita
549 1286 621 1351 iure
643 1295 790 1351 mutuam
814 1285 913 1351 fidem
928 1307 956 1356 ¹a
978 1287 1046 1351 suis
1068 1286 1180 1370 exigit.
1234 1285 1346 1367 Quare

370 1375 510 1442 sciamus
537 1371 686 1437 fidelibus
709 1373 817 1440 Deum
843 1372 916 1437 ideo
943 1372 1099 1456 patelieri,
1129 1385 1166 1436 ut
1194 1372 1254 1438 sub
1276 1372 1347 1438 eius

370 1466 545 1542 conspectu
567 1456 698 1524 vivant:
727 1465 760 1523 et
788 1456 883 1522 illum
912 1457 974 1523 sibi
997 1478 1062 1521 non
1085 1478 1218 1541 operum
1240 1458 1345 1534 modo,

370 1544 427 1612 sed
456 1544 689 1628 cogitationum
716 1543 875 1609 arbitrum
905 1551 1058 1608 statuant.
1117 1542 1214 1610 Unde
1246 1544 1345 1608 etiam

369 1631 563 1716 colligimus,
586 1650 652 1693 non
671 1628 767 1694 aliam
786 1649 857 1696 esse
875 1628 928 1712 pie
946 1637 1097 1712 recteque
1115 1629 1250 1694 vivendi
1269 1651 1344 1695 ncr-

370 1739 468 1792 mam,
491 1715 552 1780 nisi
574 1735 675 1798 quum
698 1713 876 1798 pendemus
898 1735 918 1780 a
939 1712 1020 1779 Deo.

454 1801 485 1866 2.
531 1799 653 1866 Portam
672 1800 784 1882 foedas
804 1820 916 1866 meam.
946 1800 1042 1866 Nunc
1061 1800 1191 1885 plenius
1213 1808 1247 1864 et
1269 1800 1344 1866 ube-

369 1889 438 1954 rius
459 1907 622 1970 exponere
643 1885 760 1968 incipit
780 1884 866 1970 quod
888 1886 1030 1952 breviter
1052 1886 1217 1970 attigerat.
1252 1887 1348 1952 Dixi·

369 1996 443 2040 mus
464 1972 642 2039 bimembre
663 1972 763 2038 luisse
778 1971 843 2038 Dei
865 1972 977 2037 foedus
998 1991 1074 2038 cum
1089 1972 1223 2038 Abram.
1245 1971 1346 2037 Prius

369 2056 552 2126 membrum
575 2065 646 2124 erat
663 2057 797 2142 gratuiti
819 2058 940 2123 amoris
956 2057 1190 2138 testimonium,
1211 2059 1264 2123 oui
1287 2079 1345 2122 au·

369 2165 456 2211 nexa
477 2153 549 2211 erat
569 2144 683 2210 beatae
696 2143 784 2208 vitae
807 2142 987 2227 promissio.
1020 2143 1166 2209 Alterum
1179 2165 1265 2220 vero,
1289 2165 1345 2208 ex-

369 2230 511 2296 hortatio
525 2227 568 2294 ad
582 2230 744 2296 sincerum
762 2228 917 2294 colendae
931 2229 1073 2294 iustitiae
1084 2229 1238 2295 studium.
1259 2227 1346 2311 Quia

368 2318 459 2382 Deus
481 2335 549 2382 uuo
572 2323 698 2380 tantum
718 2313 816 2381 verbo
838 2314 946 2381 levem
965 2315 1089 2396 gratiae
1111 2336 1190 2380 suae
1211 2327 1346 2400 gustum

368 2401 502 2468 dederat
524 2409 558 2466 et
579 2423 656 2466 mox
678 2399 918 2466 advocationis
940 2403 1040 2466 finem
1063 2399 1284 2478 descenderat,
1309 2411 1346 2464 ut

369 2488 494 2554 Abram
517 2494 604 2552 esset
624 2487 768 2570 integer:
792 2507 856 2570 quo
877 2485 1032 2552 libentius
1050 2498 1203 2566 mantem,
1227 2487 1346 2554 vitam·

370 2596 434 2658 que
452 2573 592 2639 formare
609 2571 739 2638 studeat
760 2583 829 2638 tam
846 2571 888 2638 ad
908 2573 1127 2639 reverentiam
1149 2573 1223 2651 Dei,
1246 2592 1344 2656 quam

369 2658 411 2724 ad
433 2659 657 2743 integritatem
679 2656 858 2738 colendam,
880 2657 1051 2724 subiicitur
1067 2657 1198 2724 uberior
1220 2658 1346 2742 gratiae

370 2744 558 2812 declaratio:
589 2765 634 2826 ao·
654 2743 683 2809 si
705 2743 842 2810 dixisset
863 2741 964 2823 Deus,
986 2741 1061 2809 vide
1083 2764 1184 2826 quam
1206 2744 1346 2828 benigno

369 2831 429 2898 tibi
456 2831 660 2914 indulgeam:
689 2849 756 2894 uon
784 2828 872 2894 enim
900 2850 958 2912 pro
984 2830 1122 2914 imperio
1144 2829 1346 2912 simpliciter,

370 2915 455 3001 quod
478 2918 550 2981 iure
571 2937 644 2980 meo
665 2914 790 2986 licebat.
825 2915 1046 3000 integritatem
1068 2913 1126 2981 abs
1148 2923 1181 2980 te
1203 2915 1344 2999 postulo:

370 3001 428 3068 sed
449 3023 549 3088 quum
568 3002 651 3066 nihil
672 3002 732 3066 tibi
751 3001 896 3080 debeam,
917 3002 1020 3085 gratis
1039 3000 1197 3067 descendo
1215 3001 1256 3066 ad
1273 3021 1346 3065 mu-

370 3097 465 3154 tuum
489 3087 610 3152 foedus.
662 3085 838 3152 Caeterum
865 3108 931 3151 non
961 3086 1108 3170 loquitur
1129 3089 1221 3169 quasi
1248 3085 1288 3152 de
1310 3108 1346 3152 re

370 3195 472 3242 nova:
501 3171 558 3238 sed
581 3172 718 3237 foederis
741 3172 825 3255 quod
852 3185 928 3238 autc
949 3173 1131 3256 pepigerat,
1153 3173 1344 3238 memoriam

371 3278 545 3332 renovans,
574 3257 692 3324 melius
720 3260 893 3324 confirmat
920 3280 959 3324 ac
987 3259 1092 3325 sancit
1119 3259 1189 3322 eius
1216 3259 1346 3324 certitu·

371 3343 489 3410 dinem.
522 3343 596 3410 Non
619 3345 705 3409 euim
728 3344 812 3409 solet
834 3344 977 3426 proferre
996 3345 1086 3412 Deus
1109 3366 1193 3410 nova
1215 3344 1345 3409 oracula

370 3451 455 3514 quae
476 3430 638 3513 prioribus
660 3428 758 3495 fidem
781 3429 939 3513 abrogent
963 3429 1017 3494 vel
1039 3432 1212 3496 obscurent
1233 3450 1344 3495 eorum

370 3517 487 3595 lucem,
510 3515 561 3581 vel
584 3516 760 3581 efficaciam
783 3527 954 3581 enervent:
984 3515 1040 3581 sed
1064 3516 1233 3582 continuat
1253 3516 1345 3598 quasi

300 3643 304 3662 ,
369 3612 527 3688 perpetuo
565 3614 678 3667 tenore
717 3622 799 3684 quas
842 3600 943 3666 semel
983 3601 1072 3667 dedit
1104 3602 1344 3683 promissiones.

370 3687 481 3771 Quare
503 3709 568 3752 nou
588 3686 676 3753 aliud
700 3687 801 3751 voluit
822 3686 874 3752 his
895 3686 1013 3766 verbis,
1036 3708 1134 3770 quam
1156 3687 1273 3754 stabile
1294 3708 1345 3751 ra-

371 3787 504 3856 tumque
541 3773 609 3837 fore
646 3771 729 3837 illud
761 3772 874 3838 foedus
908 3772 948 3838 de
981 3794 1043 3857 quo
1077 3773 1167 3856 prius
1200 3773 1345 3837 audierat

370 3858 509 3925 Abram:
540 3859 733 3924 nominatim
771 3881 846 3924 vero
875 3867 974 3942 caput
1003 3858 1083 3923 illud
1112 3870 1347 3924 commemorat

370 3944 411 4009 de
440 3944 686 4028 multiplicando
715 3945 855 4022 semine,
884 3944 969 4028 quod
999 3942 1114 4011 deiude
1143 3945 1272 4028 saepius
1294 3966 1344 4009 re·

393 4040 467 4096 etet.

370 4052 391 4115 p
455 4116 484 4182 3.
518 4115 562 4180 El
576 4117 749 4199 prostravit
769 4135 803 4180 ae
825 4115 954 4182 Abram.
985 4114 1118 4182 Scimus
1141 4115 1230 4180 hunc
1252 4123 1344 4180 vete-

1397 1027 1459 1095 dus
1480 1049 1591 1094 meum
1614 1039 1738 1109 tecum,
1768 1028 1850 1095 mihi
1873 1049 1936 1095 non
1961 1029 2114 1096 videntur
2135 1030 2276 1097 fideliter
2297 1052 2363 1097 sen·

1396 1135 1468 1180 sum
1491 1115 1595 1180 Musis
1617 1113 1761 1180 reddere.
1796 1114 1910 1181 Primo
1927 1116 2015 1181 enim
2039 1117 2130 1184 Deus
2151 1137 2186 1182 sa
2208 1137 2280 1182 esse
2297 1139 2364 1201 pro·

1397 1200 1533 1267 nunciat
1560 1201 1616 1284 qui
1640 1201 1798 1284 loquitur,
1832 1216 1870 1266 ut
1897 1211 1987 1266 certa
2015 1200 2124 1268 verbis
2149 1203 2218 1268 suis
2246 1213 2365 1268 constet

1397 1287 1565 1352 autoritas.
1615 1286 1701 1353 Nam
1733 1287 1904 1370 quianon
1933 1287 2011 1353 alibi
2040 1308 2138 1372 quam
2167 1287 2201 1352 in
2236 1299 2365 1354 aeterua

1397 1372 1467 1438 eius
1493 1373 1634 1438 veritate
1663 1371 1792 1438 fundari
1821 1379 1928 1455 potest
1949 1372 2030 1440 fides
2057 1384 2185 1438 nostra:
2215 1373 2250 1439 id
2279 1374 2365 1440 nobis

1396 1466 1473 1523 aute
1495 1459 1604 1523 omnia
1626 1467 1780 1523 testatum
1803 1480 1876 1524 esse
1897 1467 2034 1541 oportet,
2059 1481 2100 1523 ex
2117 1460 2300 1526 secrecius
2317 1481 2366 1524 ore

1397 1542 1577 1627 proiectum
1600 1565 1671 1610 esse
1693 1542 1778 1627 quod
1800 1542 1894 1608 nobis
1916 1545 2119 1628 proponitur.
2155 1543 2236 1610 Ideo
2258 1566 2367 1629 prono

1397 1650 1473 1694 men
1495 1629 1584 1713 Ego,
1607 1630 1678 1694 rice
1706 1630 1916 1712 praefationis
1937 1650 2084 1696 seorsum
2107 1630 2283 1715 legendum
2308 1639 2365 1696 est:

1397 1725 1434 1780 ut
1455 1715 1565 1798 quieto
1587 1716 1695 1780 animo
1718 1715 1763 1781 sit
1782 1714 1917 1793 Abram,
1939 1725 1973 1780 et
1994 1726 2149 1800 exempta
2170 1714 2368 1784 dubitatione

1397 1800 1544 1866 oblatum
1581 1800 1695 1866 foedus
1735 1801 1899 1885 suscipiat
1950 1801 2047 1868 Unde
2085 1801 2251 1887 colligitur
2282 1801 2367 1868 utilis

1397 1886 1554 1962 doctrina,
1577 1887 1673 1952 fidem
1697 1887 1879 1956 necessario
1896 1886 1936 1953 ad
1955 1889 2064 1954 Deum
2086 1888 2217 1954 referri:
2240 1889 2319 1971 quia
2336 1895 2368 1952 ut

1398 1971 1565 2038 nobiscum
1587 1974 1899 2055 loquanturomnes
1921 1973 2029 2057 angeli
2052 1984 2086 2038 et
2108 1972 2265 2050 homiues,
2291 1995 2367 2038 nun-

1396 2078 1493 2142 quam
1513 2067 1604 2124 tanta
1621 2059 1781 2124 constabit
1798 2057 1863 2123 illis
1880 2059 2039 2125 autoritas
2054 2079 2136 2142 quae
2154 2059 2282 2125 animas
2300 2081 2367 2124 nos·

1396 2144 1626 2210 trmstabiliut.
1657 2143 1725 2210 Neo
1735 2144 1808 2210 fieri
1818 2152 1927 2228 potest
1936 2145 2015 2228 quin
2026 2143 2163 2210 subinde
2175 2144 2367 2222 vacillemus,

1397 2229 1498 2296 donec
1527 2241 1680 2312 personet
1708 2229 2121 2316 vexistacccelc‚1lgo
2149 2252 2231 2298 sum.
2277 2229 2368 2298 Unda

1396 2316 1495 2381 etiam
1528 2325 1663 2399 speret
1695 2315 1800 2399 qualis
1832 2317 1876 2381 sit
1903 2316 2019 2400 religio
2047 2326 2202 2401 papatus,
2231 2316 2289 2383 ubi
2316 2336 2368 2400 pro

1396 2399 1460 2466 Dei
1488 2338 1586 2468 verlio
1613 2409 1742 2467 tantum
1774 2402 1941 2468 iactantur
1976 2402 2144 2468 hominum
2177 2411 2366 2468 commenta.

1399 2487 1519 2554 Merito
1546 2496 1655 2552 autern
1685 2487 1859 2553 continuae
1888 2488 2094 2568 fluctuationi
2128 2486 2260 2554 obnoxii
2296 2497 2368 2552 sunt

1397 2573 1582 2656 quicunque
1609 2594 1652 2638 ox
1687 2572 1857 2639 hominum
1891 2593 1948 2638 cre
1977 2573 2172 2657 pendentes,
2207 2596 2273 2639 nou
2304 2575 2367 2638 sine

1399 2659 1462 2726 Dei
1483 2659 1605 2723 iniuria
1625 2657 1701 2743 plus
1722 2658 1787 2725 illis
1817 2667 1974 2744 arrogant
1995 2679 2094 2742 quam
2115 2659 2165 2726 fas
2188 2671 2267 2725 erat.
2307 2659 2368 2724 No·

1398 2745 1448 2811 bis
1474 2766 1552 2810 vero
1581 2766 1648 2810 non
1676 2743 1763 2809 aliud
1792 2745 1836 2809 sit
1864 2743 2018 2811 credendi
2046 2745 2244 2828 principium
2272 2764 2367 2830 quam

1398 2830 1487 2895 istud
1508 2831 1589 2914 Ego,
1612 2852 1676 2896 non
1699 2852 1720 2895 a
1740 2829 1892 2913 quolibet,
1915 2831 1972 2896 sed
1990 2829 2091 2896 solius
2110 2831 2246 2898 Deiera
2265 2830 2366 2915 prola·

1398 2924 1478 2981 tum.
1523 2913 1669 2997 Quodsi
1691 2925 1805 2981 contra
1827 2917 2037 3001 selegerant
2059 2914 2228 2982 hominum
2249 2916 2366 3003 myria·

1399 3001 1472 3079 des,
1502 3023 1540 3067 ac
1568 3001 1776 3086 superciliose
1804 3000 1987 3068 clamitent:
2009 3001 2095 3079 Nos,
2126 3021 2201 3069 nos:
2229 3002 2368 3069 sufficiat
2474 3003 2475 3006 ’

1397 3109 1465 3153 uua
1482 3089 1544 3153 ieta
1564 3108 1630 3152 vox
1641 3087 1705 3152 Dei
1719 3085 1760 3152 ad
1777 3087 1908 3154 inanem
1928 3087 2065 3171 pluralis
2083 3088 2211 3154 numeri
2228 3091 2367 3156 sonitum

1398 3171 1632 3256 dissipandum.

1483 3257 1563 3324 Bria
1584 3260 1620 3324 in
1637 3265 1760 3342 patrem
1780 3259 1991 3325 multitudiuis
2010 3259 2157 3342 pestium.
2194 3258 2368 3342 Quaeritur

1398 3365 1556 3427 quaenam
1580 3345 1705 3410 sitista
1728 3345 1879 3428 gentium
1905 3344 2089 3410 multitudo.
2134 3344 2224 3411 Satis
2245 3355 2368 3412 constat

1396 3429 1535 3514 populos
1565 3430 1710 3496 diversos
1738 3430 1897 3515 originem
1929 3429 2103 3496 duxisses
2129 3439 2244 3498 sancto
2272 3433 2368 3516 patri·

1397 3516 1513 3581 archa:
1544 3537 1621 3580 nam
1644 3516 1762 3580 ismael
1786 3517 1818 3579 in
1849 3535 2006 3599 magnum
2028 3517 2183 3600 populum
2209 3519 2367 3584 excrevit:

1396 3601 1544 3666 Idumaei
1566 3623 1608 3666 ex
1630 3602 1733 3666 altera
1757 3610 1848 3684 parte
1870 3599 1967 3685 longe
1989 3601 2117 3686 lateque
2139 3603 2251 3668 diffusi
2277 3613 2364 3669 sunt:

1396 3707 1440 3753 ex
1461 3687 1535 3753 aliis
1556 3687 1654 3753 etiam
1677 3687 1754 3754 filiis
1777 3707 1855 3770 quos
1877 3707 1919 3751 ex
1937 3685 2059 3752 (lotura
2087 3689 2246 3772 suscepit,
2267 3691 2367 3754 fluxe-
2473 3729 2474 3737 .

1397 3781 1476 3838 runt
1497 3773 1624 3856 amplae
1646 3773 1797 3838 familiae.
1843 3769 1909 3840 Sed
1931 3772 2062 3857 longius
2087 3776 2232 3857 respexit
2252 3776 2368 3852 Moses,

1397 3859 1482 3942 quod
1505 3860 1627 3925 scilicet
1644 3857 1708 3924 lide
1731 3858 1923 3924 inserendae
1945 3869 2056 3925 essent
2078 3873 2193 3943 gentes
2210 3861 2246 3924 in
2268 3880 2368 3946 genus

1398 3946 1515 4022 Abrae,
1533 3944 1611 4010 licet
1628 3943 1669 4010 ab
1685 3966 1722 4009 eo
1734 3966 1798 4010 non
1817 3945 2007 4029 progenitae
2025 3943 2207 4011 secuudum
2224 3965 2366 4012 carnem:

1396 4033 1488 4096 euius
1511 4033 1556 4095 rei
1579 4030 1705 4095 Paulus
1728 4029 1820 4096 nobis
1842 4029 1928 4095 fidus
1953 4038 2004 4095 est
2024 4030 2188 4114 interpres
2211 4051 2248 4096 ac
2270 4033 2367 4096 testis.

1396 4117 1510 4200 Neque
1540 4118 1628 4181 enim
1651 4116 1777 4182 Arabes
1805 4125 1837 4180 et
1862 4113 2051 4188 Idumaeos.
2080 4115 2224 4200 aliosque
2245 4117 2365 4201 colligit

370 4223 439 4267 rem
467 4201 566 4267 fuisse
593 4201 748 4274 adorandi
776 4201 887 4266 ritum.
932 4201 1034 4266 Porro
1058 4209 1198 4266 testatur
1219 4201 1344 4265 Abram
1395 4203 1449 4285 qui
1473 4200 1597 4267 Abram
1624 4202 1768 4268 efficiant
1794 4202 1936 4284 plurium
1963 4203 2110 4284 gentium
2140 4211 2282 4285 patrem:
2313 4201 2366 4268 sed

369 4309 405 4354 sc
428 4287 534 4354 Deum
557 4307 742 4370 agnoscere,
765 4286 805 4351 ad
826 4287 918 4352 cuius
936 4298 1144 4370 conspectum
1163 4286 1260 4352 silere
1278 4308 1344 4352 om·
1395 4288 1436 4353 ad
1459 4299 1566 4353 totum·
1586 4286 1743 4354 mundum
1766 4286 1916 4352 extendit
1937 4307 2056 4352 nomen
2079 4289 2191 4371 patris,
2215 4296 2250 4353 ut
2272 4288 2366 4354 undi-
2472 4285 2473 4342 i

369 4375 422 4442 nis
451 4394 539 4452 carc,
576 4395 674 4456 seque
703 4372 875 4438 humiliare
910 4373 1019 4437 debet:
1050 4371 1166 4437 deinde
1188 4371 1345 4455 quidquid
1395 4394 1457 4456 que
1475 4374 1508 4438 in
1528 4395 1627 4439 unam
1645 4376 1755 4440 Abrae
1778 4372 1936 4438 familiam
1958 4372 2139 4439 coalescant
2156 4383 2270 4457 gentes
2289 4375 2366 4440 alio·

370 4458 517 4526 dicturus
546 4468 596 4523 est
618 4457 710 4525 Deus
738 4479 773 4524 se
803 4468 991 4524 reverenter
1017 4458 1190 4543 suscipere,
1220 4468 1253 4523 et
1274 4471 1343 4523 etu-
1394 4459 1450 4542 qui
1472 4471 1662 4537 extraneae,
1685 4470 1719 4523 et
1740 4460 1828 4523 inter
1849 4481 1884 4522 se
1907 4457 2048 4524 dissitas.
2094 4459 2218 4525 Fateor
2236 4460 2364 4542 quidem

371 4543 459 4611 diose
489 4544 649 4628 amplecti.
695 4541 842 4625 Quodsi
871 4545 951 4610 haec
978 4543 1055 4609 fidei
1083 4545 1241 4610 confessio
1271 4544 1341 4622 luit,
1395 4543 1565 4612 duodecim
1598 4545 1703 4611 tribus
1733 4543 1773 4609 ad
1809 4555 1939 4626 tempus
1971 4544 2070 4610 fuisse
2103 4547 2199 4628 quasi
2231 4546 2363 4610 totidem

372 4630 549 4696 tenendum
572 4643 629 4706 est,
654 4629 752 4696 fidem
773 4651 857 4713 quae
879 4628 1041 4696 recumbit
1062 4631 1098 4695 in
1117 4629 1181 4695 Dei
1202 4627 1342 4716 'gratiam
1393 4630 1546 4714 populos:
1570 4631 1626 4695 sed
1649 4639 1778 4696 tantum
1796 4641 1833 4694 ut
1852 4630 2057 4712 praeludium
2081 4640 2167 4696 esset
2190 4632 2365 4696 immensae

370 4737 436 4782 nou
459 4737 551 4800 posse
574 4738 593 4780 a
616 4737 699 4798 pura
718 4715 917 4781 conscientia
939 4715 1091 4801 disiungi.
1134 4714 1227 4782 Deus
1249 4737 1341 4781 suam
1393 4715 1464 4781 eius
1486 4715 1703 4782 multitudinis
1724 4735 1806 4798 quae
1829 4714 1961 4780 tandem
1984 4731 2161 4800 aggregata
2184 4735 2232 4782 est
2253 4719 2289 4780 in
2312 4737 2365 4800 ge·

370 4803 511 4885 gratiam
534 4801 643 4867 Abrae
672 4801 828 4878 offerens,
862 4803 1026 4867 sincerum
1054 4803 1138 4867 iuste
1166 4812 1343 4886 sancteque
1394 4824 1455 4868 nus
1488 4801 1607 4868 Abrae.
1663 4801 1759 4882 Quod
1793 4812 1901 4867 autem
1933 4801 2044 4867 Moses
2077 4801 2160 4868 lilios
2194 4801 2366 4886 intelligat,

372 4885 502 4954 vivendi
525 4887 678 4953 affectum
700 4889 740 4954 ab
763 4907 801 4952 eo
825 4889 974 4969 requirit:
999 4887 1123 4952 Abram
1145 4908 1181 4952 se
1202 4900 1345 4971 proster—
1393 4889 1447 4970 qui
1470 4889 1534 4954 fide
1562 4888 1700 4971 reganiti
1728 4889 1763 4952 in
1792 4908 1909 4953 nomen
1940 4896 1974 4952 et
1995 4909 2099 4972 genus
2124 4886 2231 4954 Abrae
2258 4897 2365 4953 trans
2471 4899 2472 4918 ¹

372 4995 453 5038 nens
492 4973 681 5039 obedienter
718 4994 753 5038 se
794 4983 968 5058 utrumque
1012 4975 1155 5055 recipere
1189 4972 1342 5041 declarat.
1392 4982 1488 5050 eunt,
1510 4974 1572 5039 hac
1601 4994 1666 5038 una
1692 4975 1818 5038 ratione
1839 4973 1918 5039 satis
1939 4974 2104 5055 probatur.
2143 4973 2256 5057 Neque
2279 4975 2365 5039 enim

372 5057 621 5124 Meminerimus
653 5081 731 5143 ergo
761 5079 825 5122 uno
852 5067 885 5123 et
917 5058 1028 5125 eodem
1061 5059 1137 5124 fidei
1170 5058 1344 5142 complexu
1393 5060 1523 5125 carnale
1547 5058 1653 5124 Abrae
1674 5079 1780 5145 genus
1802 5061 1835 5122 in
1859 5059 2003 5126 diversos
2026 5061 2162 5142 populos
2184 5061 2288 5127 secari
2311 5079 2365 5142 po·

372 5144 549 5228 gratuitam
579 5145 801 5228 adoptionem,
830 5145 865 5208 in
895 5164 958 5227 qua
986 5145 1077 5210 salus
1103 5156 1216 5212 nostra
1239 5145 1345 5228 posita
1394 5146 1469 5224 tuit,
1500 5146 1577 5230 quin
1601 5146 1710 5210 statim
1740 5143 1867 5212 censeri
1889 5144 2072 5226 inciperent
2100 5145 2199 5210 alieni
2228 5147 2365 5226 quicun-

372 5243 430 5308 est,
453 5249 525 5294 cum
547 5232 634 5295 vitae
664 5231 811 5294 novitate
837 5230 1039 5313 iungendam
1064 5251 1144 5298 esse.
1189 5231 1262 5296 Etsi
1285 5251 1342 5296 au·
1392 5253 1454 5315 que
1482 5231 1522 5297 ab
1551 5233 1676 5296 unitate
1703 5230 1931 5296 discesserant.
1977 5229 2030 5295 Ita
2058 5230 2256 5308 ismaelitas,
2288 5231 2365 5295 Idu·
2470 5281 2471 5284 η

373 5323 438 5380 tem
471 5316 597 5380 nullum
632 5317 769 5382 verbum
802 5316 949 5399 profatur
972 5316 1094 5382 Abram
1143 5317 1263 5382 clarius
1293 5325 1343 5383 ta·
1393 5338 1518 5396 maces,
1544 5327 1578 5382 et
1600 5317 1740 5400 reliquos
1762 5317 1906 5382 evomuit
1926 5316 2077 5396 ecelesia,
2103 5326 2141 5380 ut
2163 5337 2219 5400 pro
2239 5317 2366 5382 exteris
2470 5375 2471 5394 ,
