4962 6192
117 428 172 493 621
764 370 1133 496 commandamus
1156 427 1202 493 IN
1225 427 1440 494 GENESIN.
2042 435 2107 499 622

115 619 223 686 aulicis
245 615 372 698 opibus,
402 615 478 698 quia
506 615 568 680 sibi
599 615 682 680 nihil
712 615 829 682 melius
852 636 922 682 ease
943 615 1082 682 ducebat
1135 616 1249 696 titudo,
1272 627 1309 681 ut
1332 619 1461 683 futurae
1483 617 1716 701 redemptionis
1733 619 1826 686 testis
1845 621 1889 687 sit
1906 640 1943 686 ac
1961 641 2107 705 sponsor,

116 726 208 788 quam
239 703 408 780 vilescere,
439 723 480 768 ne
510 722 586 766 eum
615 703 746 767 terrena
775 701 917 786 dignitas
939 721 959 766 a
980 723 1083 786 regno
1136 702 1198 766 nisi
1222 703 1306 786 quod
1327 723 1347 766 a
1367 710 1461 786 petre
1484 704 1530 770 010
1559 703 1691 772 edoctus
1721 705 1849 772 fuerat?
1872 706 1986 790 Neque
2017 708 2107 771 enim

115 793 174 858 Dei
185 799 358 872 separaret.
392 785 574 871 Spreverat
591 795 667 853 ante
686 786 853 854 illecebras
861 809 983 854 omnes
1001 808 1083 872 quae
1135 788 1243 853 Deum
1277 790 1307 854 ei
1340 790 1529 873 apparuisse
1568 790 1725 875 legimus,
1763 792 1815 858 vel
1848 791 2014 858 oraculum
2047 813 2106 875 per

116 877 181 942 eius
208 884 350 940 mentem
380 893 540 956 occupare
568 881 700 956 possent
730 874 763 937 in
796 877 962 959 Aegypto:
997 894 1083 939 0000
1135 874 1269 958 angelos
1291 894 1310 939 0
1332 875 1422 940 00010
1444 876 1545 942 101000
1567 877 1718 942 allatum:
1743 876 1799 942 scd
1822 878 1897 960 quia
1920 886 2008 944 certo
2030 899 2106 962 per·

115 961 247 1028 ulterim
264 959 415 1042 progredi
440 979 571 1025 necesse
591 958 704 1038 habet,
730 967 768 1023 ut
793 957 938 1042 deposito
959 959 1084 1024 honore
1135 980 1249 1025 suasus
1272 967 1343 1025 erat
1363 960 1461 1026 Iacob
1484 961 1649 1028 doctorem
1671 971 1704 1027 et
1725 963 1919 1047 prophetam
1945 963 2103 1030 divinitus

115 1047 154 1114 ad
174 1045 350 1131 ignobilem
372 1052 495 1110 statum
519 1043 702 1121 descendat,
726 1045 873 1128 filiosque
895 1066 971 1110 suos
990 1067 1009 1110 a
1026 1065 1084 1127 000
1136 1045 1235 1110 luisse
1253 1055 1409 1126 ereetum,
1427 1047 1483 1129 qui
1500 1046 1615 1114 foedus
1633 1047 1748 1115 salutis
1766 1048 1851 1131 apud
1869 1070 1904 1114 se
1923 1047 2106 1132 depositum

115 1133 320 1200 successionis
348 1129 496 1198 ablactet.
542 1129 673 1197 Scimus
695 1151 793 1216 qnam
816 1132 913 1196 anxie
935 1131 1084 1197 laborent
1136 1129 1178 1195 ad
1206 1131 1290 1196 filios
1320 1133 1571 1212 transmitteret,
1602 1154 1665 1199 non
1695 1134 1806 1199 minus
1835 1154 1949 1202 secure
1978 1135 2106 1201 ineius

115 1219 275 1297 0111,ουιο
298 1217 656 1301 001001010000000,
679 1223 749 1280 tum
773 1227 809 1281 00
829 1218 995 1301 integram
1017 1215 1083 1281 for·
1136 1217 1360 1282 testimonium
1383 1218 1542 1284 recumbit
1564 1219 1708 1302 quamsi
1730 1218 1839 1285 oblata
1862 1221 1977 1286 1010000
1997 1220 2107 1304 011000

115 1319 224 1371 tunam
246 1302 384 1388 posteris
413 1301 614 1385 relinquant:
645 1303 735 1386 atqui
757 1301 877 1385 Ioseph
898 1323 957 1387 per
978 1323 1083 1367 00000
1136 1302 1235 1382 visio,
1265 1303 1319 1368 001
1342 1303 1474 1387 angelos
1502 1325 1520 1369 e
1547 1305 1635 1371 coelo
1665 1305 1737 1370 dela
1760 1327 1812 1372 000
1841 1305 1988 1372 vidisset.
2033 1306 2105 1372 Nisi

114 1391 282 1474 sexaginta
303 1389 368 1454 huo
390 1393 519 1453 tantum
549 1390 660 1454 omnia
687 1388 795 1454 studia
819 1387 980 1471 impendit
1003 1409 1082 1471 quo·
1136 1389 1224 1452 enim
1247 1389 1339 1455 verbi
1362 1388 1495 1454 auditus
1513 1389 1554 1454 ad
1572 1391 1669 1456 fidem
1693 1327 1786 1457 nobis
1808 1391 1957 1472 sufficiat,
1979 1391 2105 1476 indigni

114 1476 205 1542 modo
228 1497 264 1541 00
286 1485 319 1540 00
347 1495 422 1541 0000
454 1474 487 1538 10
518 1473 664 1539 ordinem
693 1485 838 1558 cogeret,
870 1496 911 1540 ne
939 1495 999 1539 aua
1028 1494 1083 1539 cos
1135 1494 1248 1541 sumus
1271 1475 1460 1557 quibuscum
1484 1487 1561 1560 agat
1584 1477 1693 1554 Deus,
1717 1497 1813 1561 quem
1835 1477 2025 1543 fraudamus
2047 1500 2105 1544 suo

114 1560 302 1645 magnitudo
325 1582 345 1626 a
367 1561 457 1625 tenui
480 1580 580 1645 grege
600 1558 735 1624 Domini
757 1569 891 1626 arceret.
929 1559 1082 1642 Denique
1135 1559 1267 1625 honore.
1318 1561 1394 1625 Non
1426 1560 1512 1644 quod
1544 1561 1626 1629 fides
1660 1563 1700 1628 ab
1734 1561 1921 1629 horninibus
1954 1564 2106 1646 pendeat,

113 1658 278 1731 serpentes
300 1646 449 1711 imitatus
478 1657 543 1725 est,
574 1647 629 1729 qui
652 1645 788 1711 exuvias
810 1667 887 1712 suas
916 1645 1081 1724 abiiciunt,
1135 1644 1191 1711 sed
1214 1647 1288 1729 quia
1316 1668 1376 1730 per
1397 1668 1433 1712 os
1462 1647 1632 1713 hominum
1659 1648 1841 1732 loquentem
1865 1648 1973 1714 Deum
2004 1650 2106 1730 audit,

112 1743 148 1798 00
169 1740 330 1800 vetustata
352 1732 454 1808 exuti,
477 1753 599 1796 novum
621 1731 768 1817 vigorem
791 1732 953 1816 colligant.
989 1731 1083 1795 Vidit
1134 1740 1168 1796 et
1199 1741 1336 1798 externa
1370 1753 1482 1798 corum
1517 1753 1595 1800 0000
1628 1735 1751 1817 0001000
1783 1735 1880 1801 010100
1909 1756 1944 1801 00
1978 1734 2104 1802 deduci.

110 1819 285 1901 abnepotes
314 1837 355 1882 ex
377 1839 437 1882 sua
464 1818 579 1899 stirpe:
611 1839 670 1884 our
699 1839 763 1882 000
786 1837 854 1882 000
874 1838 947 1884 cum
971 1815 1082 1882 liberis
1135 1817 1226 1883 Deus
1251 1819 1340 1882 enirn
1369 1818 1455 1902 quod
1485 1840 1543 1902 per
1570 1819 1720 1885 homines
1747 1821 1958 1903 pronunciat,
1987 1821 2106 1905 0010100

109 1906 222 1971 0000010
247 1905 346 1969 etiam
376 1900 558 1968 sollicitudo
580 1903 704 1967 0011110
731 1901 931 1986 prospiciat?
954 1901 1081 1967 Verum
1133 1925 1193 1968 000
1221 1904 1372 1988 obsignat
1392 1905 1427 1968 10
1456 1905 1607 1971 cordibus
1636 1907 1765 1972 nostris.
1810 1907 1863 1972 Ita
1892 1928 1998 1990 neque
2027 1907 2106 1973 alibi

109 1990 197 2056 nulla
218 1989 269 2054 illi
293 1989 345 2054 001
367 1988 521 2054 nobilitas
538 1987 595 2053 vel
629 1989 797 2071 opulentia
825 1989 908 2052 tanti
931 1997 980 2053 000
1001 1989 1081 2070 0010
1133 2010 1230 2072 quam
1249 1991 1282 2055 in
1303 1991 1372 2072 ipso
1395 1989 1532 2055 fundata
1554 2003 1604 2056 est
1626 1991 1724 2058 fides:
1747 2001 1780 2058 et
1802 2003 1912 2059 tamen
1935 1993 2106 2059 hominum

108 2077 200 2142 malit
221 2075 413 2161 pastoritiae
437 2075 523 2140 vitae
542 2073 688 2141 addictos
705 2075 868 2139 contemni
887 2072 928 2138 ab
947 2078 1080 2157 Aepyp·
1132 2075 1365 2159 praedicationi
1386 2097 1452 2140 000
1476 2076 1566 2142 deest
1587 2098 1684 2143 suum
1706 2077 1834 2161 pondus
1855 2087 1888 2144 et
1911 2081 2104 2145 reverentia.

108 2163 178 2239 tiis,
212 2182 252 2228 ao
284 2159 409 2228 censeri
441 2160 477 2224 in
509 2159 633 2224 familia
665 2160 780 2225 Israel.
836 2159 1010 2226 Caeterum
1043 2159 1079 2223 in
1131 2161 1186 2226 Ita
1214 2163 1427 2244 compescitur
1456 2171 1611 2244 proterva
1636 2183 1748 2229 eorum
1778 2165 1947 2231 curiositas
1976 2167 2030 2247 qui
2054 2167 2105 2230 vi-

108 2269 285 2314 numerosa
305 2245 425 2325 sobole,
449 2247 524 2310 0100
546 2243 653 2311 adhuc
675 2255 708 2311 et
730 2246 899 2329 superstiti
917 2245 1080 2310 Dominus
1132 2247 1277 2313 sionibus
1299 2247 1462 2312 inhiantes
1485 2248 1687 2314 ordinarium
1716 2249 1868 2316 ecclesiae
1886 2251 2105 2316 ministerium

107 2343 239 2420 gustum
263 2331 404 2415 aliquem
433 2351 511 2396 0000
533 2329 767 2397 benedictionis
794 2331 960 2416 praebuit,
993 2329 1079 2396 unde
1131 2343 1358 2411 contemnunt,
1402 2354 1440 2399 00
1474 2333 1501 2398 01
1535 2333 1710 2399 absurdum
1752 2336 1849 2400 soret:
1883 2335 2008 2414 Deum,
2049 2337 2104 2419 qui

106 2442 195 2504 spem
217 2417 421 2485 liberationis
446 2416 641 2501 conciperet.
684 2417 770 2482 Nam
793 2419 881 2482 inter
903 2426 951 2482 tot
973 2424 1079 2480 tenta·
1131 2419 1207 2483 olim
1242 2417 1429 2503 patribuse
1457 2418 1545 2485 coelo
1572 2441 1607 2485 00
1634 2420 1792 2502 ostendit,
1829 2441 1940 2486 vocem
1970 2443 1988 2486 0
2015 2427 2104 2487 terra

104 2509 208 2572 tiones
231 2503 508 2589 operaepretium
531 2503 592 2566 1010
614 2502 810 2585 quibusdam
831 2502 986 2569 subsidiis
1008 2502 1079 2568 ani·
1131 2506 1287 2570 emittere.
1350 2505 1453 2587 Atqui
1491 2505 1519 2569 si
1562 2514 1754 2588 reputarent
1794 2528 1892 2591 quam
1931 2507 2103 2592 magnifice

104 2593 187 2660 mari
211 2601 248 2657 et
269 2590 385 2668 1010101,
408 2610 449 2654 00
472 2587 704 2653 succumberet.
1131 2591 1164 2654 in
1187 2590 1245 2655 filii
1267 2590 1430 2675 unigeniti
1458 2611 1596 2673 persona
1618 2591 1719 2656 semel
1737 2592 1779 2657 ad
1807 2612 1868 2658 000
1890 2592 2103 2672 descenderit,

189 2678 245 2743 24.
267 2677 312 2742 Et
339 2675 422 2741 dicit
451 2673 563 2756 Ioseph
588 2674 746 2756 fratribus
772 2675 850 2740 0010.
903 2673 1078 2739 Primusne
1131 2697 1197 2741 non
1230 2677 1278 2741 ita
1304 2676 1451 2760 improbe
1484 2684 1675 2760 appeterent
1708 2679 1834 2743 coelum
1866 2677 2009 2761 qnotidie
2041 2677 2104 2744 sibi

104 2785 146 2828 an
168 2764 310 2829 ultimus
331 2760 471 2826 fratrum
494 2766 644 2826 mortuus
665 2761 764 2825 100010
784 2759 914 2843 1000010,
938 2781 980 2825 00
1002 2780 1079 2842 0000
1131 2761 1259 2846 aperiri.
1315 2762 1362 2828 Ut
1401 2771 1511 2827 tamen
1554 2762 1617 2829 hoc
1654 2771 1792 2844 taceam,
1832 2784 1933 2846 quum
1968 2763 2105 2830 rideant

103 2851 212 2933 aliqua
235 2847 463 2931 supervixerit,
486 2846 646 2911 incertum
669 2855 727 2911 est.
766 2846 832 2913 Hic
854 2845 984 2928 quidem
1005 2845 1078 2910 Mo·
1131 2847 1264 2931 Ioseph,
1294 2848 1349 2930 qui
1377 2847 1523 2931 patribus
1549 2848 1611 2913 hac
1636 2849 1729 2914 inre
1756 2849 1890 2914 10100100
1917 2857 1987 2914 0000
2017 2849 2104 2933 quod

103 2955 154 3002 ses
177 2934 243 3001 sub
271 2933 412 2998 fratrum
439 2933 571 2997 nomine
601 2953 667 2996 non
694 2932 780 2997 solos
802 2951 992 3016 garmanos,
1021 2929 1078 2996 sed
1131 2933 1252 3000 nullius
1275 2933 1397 3000 oraculi
1423 2933 1603 3017 particeps,
1633 2935 1763 3018 pietatis
1791 2935 1939 3001 doctrina
1960 2936 2001 3002 ab
2024 2937 2105 3020 ipsis

102 3031 263 3106 cognatos
286 3019 366 3084 alios
387 3017 621 3101 complectitur.
658 3016 827 3098 Quosdam
849 3037 927 3083 vero
949 3037 990 3081 ex
1013 3016 1078 3081 sin·
1131 3021 1279 3085 imbutus
1300 3019 1421 3096 100000,
1449 3019 1519 3103 0001
1540 3020 1604 3086 fide
1633 3040 1709 3085 cum
1737 3020 1802 3086 illis
1835 3029 1976 3102 certare,
2005 3023 2105 3087 nimia

102 3109 190 3192 gulis
224 3104 358 3172 familiis
391 3103 563 3188 primarios
596 3102 695 3168 101000
727 3103 915 3169 010010000
950 3110 1080 3168 0000000
1132 3106 1254 3189 ingrati
1276 3113 1354 3171 sunt
1376 3127 1412 3172 ac
1436 3105 1575 3190 maligni
1595 3105 1624 3173 si
1646 3105 1743 3173 huius
1765 3107 1892 3191 gratiae
1916 3106 2104 3174 societatem

100 3193 272 3272 existimo,
303 3189 459 3273 aquibus
481 3195 550 3253 tota
582 3208 663 3272 gens
691 3188 809 3254 certior
838 3187 954 3253 deinde
975 3188 1078 3253 fieret.
1131 3191 1308 3258 fastidiant.

102 3278 304 3362 Quanquam
337 3285 446 3340 autem
486 3273 566 3339 alios
599 3294 725 3358 quoque
754 3272 957 3358 patriarchas
991 3272 1080 3339 idem
1217 3275 1269 3342 25.
1306 3275 1469 3341 Vicitaado
1501 3275 1641 3342 abacia
1667 3275 1848 3344 11000000.
1899 3278 1964 3345 His
1995 3279 2103 3347 verbis

100 3363 278 3431 mendasse
296 3360 448 3428 credibile
471 3368 530 3438 000,
554 3360 630 3442 0010
647 3360 791 3424 omnium
811 3379 886 3425 ossa
902 3359 1026 3442 pariter
1042 3360 1079 3423 in
1131 3363 1240 3428 innuit
1258 3362 1353 3444 quasi
1370 3360 1532 3427 oblivione
1553 3362 1699 3446 sepultos
1718 3364 1797 3443 1000,
1817 3364 1973 3446 quamdiu
1993 3386 2103 3430 mane·

100 3461 227 3517 terram
251 3447 411 3514 Chanaan
434 3445 540 3512 delata
561 3453 653 3512 sunt:
677 3444 827 3529 specialis
849 3453 960 3510 tamen
982 3445 1080 3510 00100
1131 3449 1214 3515 bunt
1233 3449 1267 3512 10
1291 3449 1453 3532 Aegypto.
1489 3449 1535 3512 Et
1555 3458 1642 3513 00000
1664 3448 1800 3532 perinde
1823 3449 1885 3515 1010
1913 3449 1994 3514 illud
2017 3450 2103 3516 exsi-

100 3535 224 3620 Ioseph
259 3534 297 3599 fit
329 3532 453 3598 mentio
485 3532 525 3597 ob
559 3530 641 3596 duas
680 3551 803 3598 causas.
857 3531 943 3596 Nam
978 3551 1080 3614 quum
1131 3534 1213 3599 lium
1236 3534 1318 3601 acsi
1337 3533 1428 3599 Deus
1449 3539 1578 3618 tergum
1602 3533 1669 3599 11110
1690 3534 1731 3599 ad
1754 3543 1883 3618 tempus
1906 3537 2101 3602 obverterat.

99 3633 238 3707 propter
260 3639 422 3686 summam
445 3618 652 3683 autoritatem
671 3618 806 3683 coniecti
824 3627 931 3682 essent
949 3617 984 3680 in
1003 3636 1080 3681 eum
1131 3619 1251 3702 Ioseph
1273 3626 1384 3684 tamen
1405 3620 1441 3683 in
1461 3639 1538 3683 eum
1559 3620 1681 3685 mentis
1703 3620 1814 3686 oculos
1844 3621 2013 3686 intendere
2036 3643 2102 3687 non

100 3710 253 3774 omnium
273 3702 922 3787 00011,οι001οοι101)010111100000100,00
942 3703 1081 3768 sollicite
1132 3705 1264 3772 desinit:
1288 3705 1384 3771 sicuti
1407 3702 1546 3770 habetur
1568 3707 1653 3788 apud
1675 3705 1885 3790 prophetam,
1907 3706 2103 3789 exspectabo

99 3816 220 3862 cavere
254 3813 296 3856 ne
329 3791 382 3857 001
415 3809 577 3855 remoram
612 3789 761 3854 iniiceret
800 3787 969 3874 dignitatis
1000 3809 1081 3854 suae
1131 3792 1321 3868 Dominum,
1345 3791 1400 3874 qui
1423 3790 1593 3856 abscondit
1611 3791 1723 3856 faeiem
1743 3811 1835 3856 suam
1855 3813 1873 3857 a
1892 3790 1987 3857 domo
2004 3792 2102 3859 Iacob

99 3879 268 3964 splendor.
306 3874 466 3955 Secundo,
490 3895 688 3959 magnopere
706 3873 746 3938 ad
768 3875 955 3959 exemplum
978 3876 1079 3939 inter·
1132 3876 1208 3964 (Isa.
1233 3875 1349 3963 8,11).
1393 3876 1459 3943 Η10
1482 3876 1581 3940 etiam
1603 3876 1693 3942 locus
1715 3876 1801 3943 clare
1823 3877 1917 3943 docet
1946 3896 2102 3960 quorsum

98 3966 171 4046 fuit,
196 3963 350 4048 cognosci
368 3982 388 4026 a
406 3970 474 4026 toto
495 3960 623 4046 populo,
645 3981 719 4025 eum
738 3961 793 4043 qui
813 3980 916 4044 regno
935 3961 1080 4046 Aegypti
1132 3964 1329 4047 spectaverit
1357 3971 1425 4028 tam
1455 3961 1555 4026 anxia
1582 3962 1722 4044 sepulcri
1751 3962 1883 4040 electio,
1917 3983 2035 4047 nempe
2064 3971 2102 4028 00

98 4050 268 4118 0000οᾱ00
290 4055 453 4133 praeerat,
484 4045 668 4131 posthabito
691 4055 782 4111 tanto
804 4046 943 4126 honore,
974 4045 1080 4132 gradu
1130 4048 1364 4133 redemptionis
1381 4045 1525 4131 sigillum
1543 4046 1636 4113 foret.
1670 4047 1850 4131 Postquam
1868 4049 1957 4113 enim
1969 4048 2101 4114 fidelem

96 4159 157 4204 suo
176 4136 281 4202 fuisse
301 4141 503 4212 contentum,
526 4141 562 4198 ut
580 4140 710 4198 tantum
728 4131 835 4196 nudae
854 4131 1080 4216 promissionis
1133 4155 1204 4200 esse
1216 4136 1324 4200 Deum
1343 4133 1493 4214 asseruit,
1511 4133 1565 4216 qui
1584 4131 1763 4217 praestabit
1778 4155 1837 4199 suo
1855 4141 2001 4220 tempore
2019 4133 2105 4217 quod

99 4224 221 4290 baares
243 4222 336 4286 foret.
1132 4219 1298 4303 pollicitus
1319 4228 1379 4299 est,
1402 4219 1556 4285 continuo
1578 4227 1652 4301 post
1673 4218 1791 4288 1000000
1809 4240 1887 4286 0000
1909 4219 2045 4298 adiurat,
2067 4229 2105 4285 00

186 4306 398 4392 Eyomorior.
432 4303 574 4370 Perinde
593 4302 681 4369 valet
698 4301 844 4386 loquutio
859 4323 896 4371 ae
914 4305 942 4370 si
953 4305 1080 4370 iuberet
1103 4317 1109 4388 1
1134 4326 1207 4370 ossa
1234 4327 1296 4371 sua
1324 4306 1532 4370 transferant.
1576 4304 1659 4370 Illae
1686 4304 1782 4371 utiles
1811 4313 1907 4372 erant
1938 4305 2104 4389 reliquiae,

97 4397 224 4461 fratres
247 4412 323 4458 0000
344 4391 428 4457 bene
451 4411 582 4474 sperare
601 4411 635 4455 se
653 4396 793 4468 mortuo,
814 4388 890 4471 quia
911 4391 1080 4456 immorta·
1132 4412 1272 4474 quarum
1295 4398 1442 4474 aspectus
1465 4389 1551 4456 clare
1569 4389 1779 4475 personabat,
1807 4391 1977 4457 hominum
1999 4401 2103 4456 morte

96 4482 140 4548 lis
159 4481 207 4546 sit
226 4478 289 4543 Dei
314 4478 450 4545 veritas:
473 4497 550 4541 nam
573 4495 628 4540 eos
645 4473 787 4558 pendere
805 4495 872 4539 000
890 4477 965 4541 0010
982 4497 1001 4541 0
1018 4497 1080 4543 000
1132 4477 1268 4542 minime
1298 4477 1496 4542 exstinctum
1525 4496 1595 4541 0000
1624 4484 1791 4542 aeternum
1815 4477 1878 4542 Dei
1908 4476 2037 4555 foedus,
2066 4476 2102 4540 in

97 4567 154 4634 vel
179 4564 316 4631 alterius
339 4564 417 4642 vita,
440 4569 478 4626 00
500 4562 571 4626 1)οο
594 4560 699 4626 ullum
720 4560 899 4625 terminum
921 4561 1079 4645 praescri·
1133 4584 1197 4646 quc
1229 4561 1347 4646 Ioseph
1379 4570 1450 4626 tuto
1482 4560 1647 4644 quiescere
1679 4560 1771 4628 iubet
1803 4575 1959 4646 posteros.
2012 4562 2100 4626 Nam

97 4653 198 4730 bant,
233 4647 290 4716 sed
322 4647 485 4732 patienter
514 4648 696 4730 quiescere,
729 4645 832 4710 donec
859 4655 1077 4731 opportunum
1131 4648 1358 4714 iusiurandum
1382 4646 1447 4712 Dei
1476 4645 1638 4714 adducere
1666 4647 1747 4714 satis
1776 4646 1890 4728 babet,
1921 4657 1957 4713 ut
1979 4647 2018 4714 de
2040 4667 2099 4712 000

98 4735 261 4803 adveniat
283 4742 422 4819 tempus.
465 4732 561 4800 Unde
591 4742 702 4798 autem
724 4729 804 4796 haec
825 4739 918 4796 tanta
938 4733 987 4797 illi
1010 4754 1076 4799 cer·
1131 4736 1221 4800 exitu
1244 4733 1328 4798 nibil
1351 4731 1510 4802 dubitent.
