5000 6208
117 469 172 533 ru
773 461 1144 532 eouuuuuaruus
1166 438 1218 528 lu
1240 456 1455 529 sarnam.
2052 467 2116 534 aaa

113 657 201 722 tiam.
237 655 369 720 Interea
389 663 502 719 tamen
523 673 624 737 quum
646 661 715 718 tam
736 651 877 737 benigne
894 659 929 716 et
949 651 1085 718 eomiter
1137 673 1202 716 non
1225 651 1296 718 sine
1318 657 1431 736 apertu
1452 651 1612 718 miraonlo
1641 652 1780 719 deletam
1803 653 1903 720 fuisse
1926 651 2116 724 Sodomam.

115 741 222 826 pravis
251 760 385 808 snorum
412 740 497 806 votis
524 759 649 804 morem
675 746 783 823 gerat,
812 736 890 822 quid
916 737 974 802 fiet
995 737 1024 800 si
1043 735 1085 800 ad
1137 736 1234 818 Quod
1268 745 1394 805 veteres
1426 736 1552 804 (lhristi
1591 737 1797 804 divinitatem
1832 739 1893 806 hoo
1930 741 2117 809 testimonio

115 849 226 912 puram
255 826 391 910 spiritus
414 826 485 891 eins
512 823 770 890 moderationem
799 823 862 889 rite
891 821 1085 906 oompositae
1136 823 1275 906 probare
1296 824 1406 890 eonati
1436 831 1531 901 suut,
1562 825 1699 890 minime
1725 825 1859 892 firmum
1886 829 1953 892 est:
1983 848 2020 894 ao
2043 827 2116 895 sine

115 921 209 978 munt
225 923 357 978 nostrae
374 931 496 994 praees,
515 917 664 994 atqueax
681 909 751 975 eius
769 909 870 975 verbo
887 906 1084 991 eonoeptae?
1136 927 1241 986 eausa,
1260 908 1479 990 meoiudicio,
1502 908 1755 989 tumultuantur,
1778 911 1835 996 qui
1853 911 1960 978 aerius
1976 910 2117 982 ludaeos

115 999 288 1082 Postquam
311 1017 388 1063 vero
411 996 450 1062 de
472 997 541 1062 loeo
570 995 701 1062 veniam
729 994 820 1060 dedit
846 993 996 1079 angelus,
1025 994 1086 1058 ite-
1137 995 1323 1078 exagitant,
1367 995 1444 1077 quia
1483 1016 1547 1059 non
1592 995 1770 1061 admittent
1808 996 1875 1062 tale
1913 997 2116 1081 probationis

114 1106 184 1150 rum
222 1083 263 1149 ad
301 1082 544 1149 festinationem
585 1079 761 1159 hortando,
807 1079 879 1146 eiua
917 1078 1086 1163 pigritiam
1137 1101 1250 1165 genus.
1302 1080 1426 1146 Fateor
1457 1079 1588 1163 quidem
1619 1079 1729 1147 Deum
1764 1102 1893 1166 semper
1925 1104 2022 1168 agere
2037 1113 2040 1120 ¹
2056 1106 2116 1168 per

114 1171 269 1252 obiurgat
1137 1187 1272 1231 manum
1290 1166 1348 1231 filii
1367 1167 1428 1245 sui,
1450 1185 1488 1230 ao
1506 1175 1574 1231 tam
1596 1167 1800 1234 memorabili
1822 1168 1987 1235 vindictae
2009 1190 2117 1237 exem-

197 1255 248 1320 22.
274 1253 347 1320 Νοιι
360 1271 495 1334 possum
510 1252 613 1333 faeere
628 1253 810 1334 quidquam.
839 1250 928 1331 Quia
948 1249 1092 1334 angelus.
1138 1250 1193 1335 plo
1215 1252 1319 1323 filium
1341 1251 1521 1334 praefuisse
1542 1271 1610 1317 non
1633 1251 1763 1318 dubito:
1793 1253 1850 1319 sed
1873 1275 1989 1338 parum
2013 1255 2116 1322 solide

114 1363 177 1407 non
199 1348 330 1406 tantum
353 1338 473 1403 vindex
495 1339 615 1404 missus
632 1338 673 1402 ad
691 1336 891 1420 perdendam
910 1335 1086 1402 Sodomam
1138 1337 1325 1404 ratioeinari
1354 1336 1425 1403 dieo
1454 1339 1509 1421 qui
1536 1338 1647 1421 plures
1676 1339 1754 1404 inde
1782 1361 1940 1423 personae
1968 1340 2115 1419 elioiunt,

115 1439 199 1504 erat,
228 1425 286 1492 sed
306 1423 500 1490 mandatum
523 1443 650 1506 quoque
672 1431 841 1508 aooeperat
862 1421 903 1487 de
924 1419 1086 1488 servando
1138 1443 1240 1506 quum
1262 1423 1366 1489 Musis
1397 1423 1569 1488 consilium
1601 1424 1716 1503 fuerit,
1750 1424 1908 1491 laetorum
1937 1427 2046 1492 oeulos
2073 1427 2115 1493 ad

113 1514 193 1590 Lot,
219 1511 291 1578 ideo
311 1531 346 1576 εθ
371 1517 471 1595 negat
497 1511 588 1591 prius
617 1508 697 1574 illud
724 1509 903 1586 fauturum,
932 1508 996 1573 nisi
1025 1506 1087 1573 hoo
1138 1508 1350 1592 spectandam
1378 1509 1443 1574 Dei
1471 1530 1605 1575 manum
1636 1511 1760 1593 erigere
1787 1521 1821 1576 et
1849 1531 1973 1577 acuere.
2019 1511 2116 1593 Quod

113 1599 275 1683 posteriue
302 1594 400 1662 simul
429 1595 602 1679 adiungat:
632 1595 795 1678 quianon
824 1594 924 1658 sitin
952 1593 1086 1658 arbitrio
1138 1603 1250 1659 autem
1271 1595 1383 1678 quaeri
1406 1595 1488 1659 solet
1508 1594 1570 1660 hoo
1592 1595 1662 1660 looo
1684 1595 1762 1679 quid
1784 1597 1894 1662 meriti
1919 1596 2044 1664 fuerint
2064 1600 2117 1664 in·

113 1685 255 1749 ministri
281 1679 427 1748 dividere
449 1701 533 1764 quae
554 1680 652 1745 simul
676 1678 769 1744 Dens
790 1680 944 1744 iniunxit.
989 1676 1088 1758 Quod
1137 1680 1260 1758 fantes,
1290 1680 1346 1762 qui
1367 1679 1481 1745 eodem
1499 1699 1574 1746 oum
1601 1681 1792 1764 parentibus
1814 1683 1950 1748 interitu
1972 1683 2117 1768 absorpti

113 1779 221 1836 tamen
245 1767 302 1834 elii
330 1786 492 1851 exponere
521 1765 651 1832 malunt
671 1766 707 1829 in
728 1765 794 1831 Dei
815 1785 971 1849 persona,
1004 1763 1087 1828 mihi
1137 1774 1223 1844 sunt,
1247 1767 1364 1832 solutio
1385 1765 1491 1832 faoilis
1512 1772 1571 1846 eet,
1592 1767 1627 1834 iu
1646 1787 1746 1832 manu
1763 1768 1827 1833 Dei
1845 1789 1916 1834 esse
1934 1769 2118 1835 humanum

112 1876 180 1921 non
216 1855 372 1938 displioet.
423 1851 620 1934 Quanquam
650 1851 802 1916 enimin
834 1850 976 1934 speeiem
1005 1848 1088 1916 dura
1138 1871 1251 1937 genus,
1274 1859 1312 1916 ut
1328 1872 1409 1934 quos
1426 1851 1570 1918 voluerit
1587 1853 1686 1917 exitio
1708 1851 1881 1919 devoveat:
1906 1874 1986 1937 quos
2005 1863 2116 1921 autem

112 1952 160 2008 est
183 1941 346 2024 loquutio:
370 1938 453 2004 nihil
475 1946 585 2002 tamen
607 1937 708 2002 habet
728 1935 870 2014 absurdi,
893 1937 977 2020 quod
995 1934 1087 2000 Dens
1138 1937 1292 2018 voluerit,
1322 1936 1544 2003 miserioordia
1564 1946 1793 2021 prosequatur:
1819 1938 1936 2005 deinde
1958 1940 2115 2024 quidquid

111 2028 266 2112 reprobos
288 2024 423 2110 perdere
445 2033 599 2106 nequeat,
627 2023 706 2107 quin
729 2033 838 2088 servet
858 2042 935 2088 suos
957 2021 1085 2088 eleetos.
1137 2022 1248 2105 iudioii
1270 2023 1374 2088 nostri
1396 2022 1527 2088 modulo
1548 2024 1658 2088 metiri
1679 2043 1744 2088 non
1773 2044 1964 2108 possumus,
1994 2046 2113 2094 aroano

112 2113 179 2180 Nee
197 2112 273 2177 ideo
289 2109 470 2196 putandum
488 2118 538 2174 est
554 2108 723 2194 alligatam
740 2129 811 2176 θεεθ
829 2109 898 2172 θὶιιε
920 2108 1086 2187 virtutem,
1137 2109 1208 2174 eius
1235 2108 1355 2175 indioio
1378 2107 1495 2174 debere
1516 2108 1640 2175 subiioi.
1685 2110 1873 2191 Postremo,
1902 2119 2009 2177 totum
2031 2110 2112 2176 illud

113 2199 190 2264 dum
221 2196 282 2263 sibi
311 2199 380 2280 ipse
407 2209 458 2261 est
485 2194 677 2260 neeessitas:
712 2195 763 2260 vel
797 2191 919 2279 aliquid
948 2191 988 2261 de
1018 2195 1088 2258 eius
1137 2215 1249 2260 semen
1269 2195 1370 2260 fnisse
1387 2193 1595 2260 malediotum
1616 2203 1650 2258 et
1671 2196 1877 2277 exseorabile,
1896 2204 1935 2261 ut
1955 2217 1997 2262 ne
2014 2197 2113 2262 mini·
2235 2251 2238 2258 ,

111 2285 261 2350 libertate
290 2283 493 2365 imperioque
515 2280 670 2358 diminui,
700 2279 777 2346 dum
800 2291 916 2363 sponte
938 2301 974 2345 se
996 2287 1030 2344 et
1051 2279 1088 2342 li·
1137 2281 1200 2346 mis
1222 2281 1352 2362 quidem
1374 2283 1446 2345 iure
1467 2281 1657 2364 pepereerit.

111 2370 188 2436 here
212 2370 395 2453 obstringit.
436 2367 636 2432 Praesertim
658 2386 736 2432 voro
758 2365 1015 2444 meminerimus,
1038 2385 1088 2430 ea·
1223 2367 1274 2430 26.
1304 2365 1349 2430 Et
1379 2366 1514 2447 respexit
1539 2386 1620 2431 uuor
1648 2368 1726 2432 eius.
1778 2367 1846 2433 Hie
1870 2366 2019 2432 mirabile
2049 2369 2113 2434 Dei

110 2478 164 2523 oro
203 2476 293 2520 nexu
333 2454 541 2520 ooniunotam
573 2472 644 2517 esse
684 2452 754 2518 eius
793 2452 975 2535 potentiam
1011 2470 1085 2515 oum
1136 2450 1293 2517 iudioium
1315 2452 1415 2517 refert
1436 2451 1556 2531 Moser,
1579 2449 1664 2534 quod
1686 2472 1770 2518 uxor
1786 2452 1854 2517 Lot
1875 2453 1976 2518 fuerit
1992 2454 2028 2518 in
2046 2467 2112 2519 sta·

109 2541 221 2627 gratia
247 2549 280 2606 et
314 2539 563 2622 promissionum
594 2537 665 2603 fide.
711 2536 785 2619 Quo
814 2539 852 2602 fit
879 2545 916 2602 nt
945 2557 1022 2602 vere
1053 2544 1088 2600 et
1138 2550 1228 2602 tuam
1250 2538 1328 2603 salis
1353 2557 1518 2603 conversa.
1564 2537 1674 2602 Huius
1703 2546 1814 2603 autern
1843 2538 1998 2604 historiae
2021 2559 2114 2623 prae·

108 2637 183 2711 apte
207 2626 336 2692 ditatur
356 2647 423 2691 non
443 2645 538 2708 posse
567 2623 630 2688 nisi
660 2623 746 2706 quod
768 2622 840 2688 vult
861 2630 895 2687 et
921 2622 1085 2706 pollieitue
1136 2631 1232 2688 textu
1250 2623 1367 2689 Mosen
1385 2622 1591 2688 subsannant
1607 2625 1716 2689 nasuti
1734 2629 1767 2688 et
1784 2624 1930 2706 protervi
1946 2624 2113 2691 homines:

109 2723 173 2780 est:
211 2715 291 2778 haee
319 2732 400 2777 vera
428 2716 479 2776 est
510 2717 608 2792 atque
641 2710 731 2774 utilis
765 2708 921 2775 doetrina.
971 2708 1085 2774 Minus
1137 2729 1215 2773 nam
1238 2730 1337 2791 quum
1367 2709 1447 2774 haeo
1475 2709 1746 2792 metamorphosis
1777 2709 1879 2775 nihilo
1900 2710 1974 2792 plus
1997 2711 2114 2777 eoloris

108 2808 221 2864 tamen
251 2798 313 2862 erit
342 2795 486 2880 serupuli
516 2797 544 2861 si
567 2795 607 2860 ad
631 2794 765 2879 angelos
790 2796 912 2860 referas
939 2795 995 2879 qui
1016 2815 1086 2860 oer-
1137 2793 1258 2859 habeat
1291 2813 1390 2878 quarn
1421 2815 1502 2879 quas
1536 2793 1679 2860 Ovidius
1711 2795 1887 2875 eonfinrit,
1921 2795 2004 2861 nihil
2036 2795 2114 2864 fidei

106 2892 179 2950 tum
204 2883 370 2948 habebant
391 2880 597 2961 mandatum,
620 2880 673 2948 oui
694 2880 747 2948 vel
769 2880 942 2946 minimum
963 2877 1085 2963 aliquid
1137 2881 1258 2945 mereri
1284 2881 1416 2945 iaetant.
1461 2880 1534 2965 Ego
1555 2900 1635 2946 vero
1658 2879 1802 2948 Satanae
1831 2881 1969 2947 artifieio
1991 2882 2113 2947 faetum

106 2970 283 3036 detrahere
304 2969 354 3034 fas
375 2989 441 3032 non
466 2975 544 3033 erat.
996 3006 998 3016 =
1021 2986 1025 2999 ·
1138 2986 1210 3031 θεεθ
1230 2967 1341 3050 potins
1362 2964 1520 3045 arbitror,
1550 2976 1589 3030 ut
1612 2965 1752 3034 Ovidius
1780 2965 1928 3032 fabulose
1948 2966 2114 3052 nugando,

194 3056 247 3120 24.
280 3053 325 3118 Et
352 3053 510 3120 Dominus
535 3053 629 3135 pluit.
681 3051 852 3120 Suooiuete
883 3051 937 3116 hio
966 3051 1085 3131 Moses,
1139 3051 1215 3122 huie
1231 3059 1300 3117 tam
1319 3051 1441 3136 insigni
1463 3051 1594 3117 divinae
1616 3051 1781 3118 vindiotae
1803 3051 1998 3119 dooumento
2016 3052 2115 3118 fidem

105 3141 283 3224 verbisque
316 3138 491 3204 admodum
523 3138 695 3204 submissis
728 3137 894 3204 exoidium
924 3135 1086 3202 Sodomae
1138 3136 1267 3221 oblique
1295 3136 1508 3221 derogaverit.
1555 3135 1623 3204 Sed
1645 3136 1722 3220 quid
1751 3138 1898 3220 profanis
1926 3137 2114 3206 hominibus

102 3226 319 3310 perstringit,
351 3232 448 3308 atque
480 3225 621 3289 aliarum
651 3224 793 3291 urbium.
837 3224 900 3288 Rei
933 3224 1086 3288 atrooitas
1137 3223 1337 3289 eomminisoi
1370 3223 1518 3301 libuerit,
1551 3231 1664 3291 nostra
1694 3223 1779 3289 nihil
1811 3223 1920 3290 refert.
1971 3223 2116 3291 'fantum

102 3311 208 3396 longe
229 3311 327 3376 aliam
350 3309 613 3394 amplitudinem,
647 3309 713 3374 imo
742 3311 883 3394 tragieos
910 3308 1086 3374 verborum
1138 3308 1323 3392 expendere
1344 3326 1462 3391 operae
1483 3309 1626 3392 pretium
1646 3316 1706 3389 est,
1730 3330 1813 3374 num
1835 3307 2015 3376 absurdum
2037 3308 2117 3394 quid

101 3399 237 3464 sonitus
270 3396 437 3480 poscebat:
470 3396 527 3462 sed
550 3395 660 3460 Moses
688 3395 879 3478 simplieitsr
907 3413 997 3459 more
1025 3413 1085 3460 suo
1138 3393 1189 3459 vel
1219 3393 1410 3461 incredibile
1438 3395 1605 3461 eontineat
1632 3395 1736 3462 Musis
1764 3395 1917 3460 narratio.
1969 3397 2019 3460 Ao
2048 3396 2116 3479 pri-

100 3483 174 3550 Dei
196 3482 356 3547 iudioium
377 3482 527 3559 reoitnns,
550 3501 632 3562 quas
648 3479 758 3546 verbis
777 3481 856 3547 satis
874 3480 1087 3545 vehementer
1137 3500 1229 3545 mum
1252 3500 1380 3563 quaero,
1403 3501 1503 3563 quum
1526 3501 1568 3546 ex
1589 3480 1695 3547 nihilo
1716 3481 1877 3547 oreaverit
1897 3481 1989 3547 Dens
2011 3480 2116 3546 homi·

100 3570 296 3653 exprimere
318 3588 383 3632 non
405 3575 547 3651 poterat,
577 3564 767 3631 meditanda
791 3565 966 3632 laetoribus
988 3565 1086 3630 relin·
1138 3587 1212 3644 nes,
1236 3586 1295 3632 our
1316 3564 1365 3630 illi
1387 3586 1453 3630 non
1475 3565 1572 3632 lioeat
1594 3588 1663 3647 eos,
1685 3566 1762 3632 dum
1783 3568 1893 3633 visum
1915 3571 1983 3644 est,
2006 3566 2042 3632 in
2064 3567 2116 3633 ni·

99 3658 190 3740 quit.
236 3654 396 3720 Nostrum
428 3654 532 3739 igitur
560 3659 612 3718 eet
639 3671 754 3717 omnes
786 3672 902 3718 sensus
930 3651 966 3715 in
993 3649 1086 3716 illam
1137 3651 1243 3716 hilum
1263 3650 1431 3735 redigere?
1456 3649 1495 3717 Si
1516 3651 1579 3718 hoo
1606 3651 1812 3732 ooneeditur,
1840 3659 1878 3717 ut
1899 3671 2032 3718 neeesse
2054 3660 2115 3733 est,

99 3739 302 3806 horribilem
335 3738 513 3805 vindiotam
545 3737 732 3803 intendere:
772 3758 855 3821 quae
887 3755 990 3823 quum
1020 3757 1087 3801 non
1138 3758 1196 3802 our
1213 3757 1279 3802 non
1298 3739 1397 3802 etiam
1417 3737 1617 3820 siplaouerit
1633 3739 1667 3802 iu
1686 3737 1812 3820 lapides
1834 3737 2028 3804 eonvertet?
2047 3739 2114 3804 imo

97 3829 180 3893 sine
216 3824 345 3910 ingenti
373 3824 453 3891 eoeli
481 3832 515 3890 et
543 3835 651 3889 terrae
682 3824 895 3890 oeneussione
925 3821 1086 3904 aeoiderit,
1137 3823 1193 3888 isti
1229 3823 1305 3888 boni
1333 3822 1517 3908 philosophi
1550 3824 1606 3906 qui
1634 3823 1700 3889 Dei
1734 3824 1899 3906 potentiae
1929 3823 2115 3908 derogando

95 3913 229 3978 merito
249 3911 291 3976 ad
313 3910 417 3976 solum
438 3911 508 3976 eius
528 3929 649 3975 nomen
667 3909 927 3992 expavesoimns:
950 3909 1087 3992 ideoque
1137 3927 1275 3974 aoumen
1297 3929 1392 3974 suum
1414 3916 1589 3987 ostentant,
1614 3929 1681 3974 non
1703 3910 1832 3974 minora
1852 3907 1994 3994 quotidie
2015 3911 2115 3975 mira-

93 4008 174 4064 tam
212 3995 367 4080 frequens
397 3995 467 4063 eius
500 3996 625 4061 mentio
657 3995 692 4060 in
725 3996 896 4078 seripturis
935 3995 1085 4063 ooourrit.
1136 3994 1210 4060 eula
1240 3995 1277 4058 iu
1309 4002 1447 4061 naturae
1478 4015 1576 4061 eursu
1616 4003 1764 4061 oernunt.
1821 3994 1992 4075 Quomodo
2025 3996 2114 4061 enim

92 4084 225 4150 Noluit
236 4093 345 4148 autem
357 4080 520 4148 Dominus
531 4082 600 4146 solo
612 4089 720 4147 terrae
739 4081 832 4146 hiatu
848 4081 1013 4147 absorberi
1031 4101 1086 4145 ur·
1136 4079 1312 4164 obrigesoit
1338 4080 1512 4166 orystallus
1533 4080 1569 4144 in
1591 4101 1684 4147 suam
1713 4079 1889 4146 duritiem?
1919 4089 1953 4146 et
1975 4101 2017 4146 ne
2039 4101 2114 4146 rara

92 4169 156 4237 hee
178 4168 272 4234 illas:
290 4167 348 4234 sed
360 4187 424 4250 quo
435 4168 599 4232 illustrius
616 4177 703 4232 esset
719 4166 830 4233 indioii
848 4167 900 4232 sui
912 4167 1085 4250 specimen,
1137 4167 1288 4250 exempla
1308 4166 1469 4251 oolligam,
1492 4165 1652 4250 quomodo
1670 4188 1688 4232 e
1710 4168 1834 4232 semine
1856 4173 1984 4231 mortuo
2002 4174 2036 4232 et
2052 4188 2113 4250 pu·

90 4255 239 4322 eooelo
260 4255 373 4339 ignem
395 4263 430 4319 et
450 4253 590 4334 sulphur
611 4252 770 4318 iaoulatus
789 4261 846 4318 est.
892 4254 967 4319 Hue
990 4253 1087 4336 perti·
1137 4251 1222 4317 trido
1255 4261 1432 4336 generatur
1463 4252 1576 4320 vivum
1605 4252 1751 4318 animal?
1785 4251 1945 4334 quomodo
1973 4254 2112 4318 exuvie

87 4349 159 4408 net
199 4341 284 4423 quod
318 4339 398 4406 dioit
424 4340 535 4405 Moses
564 4339 738 4405 Danum
770 4339 897 4421 pluisse
934 4340 1037 4423 ipaem
1065 4359 1087 4404 e
1136 4348 1349 4422 proereantur
1370 4337 1471 4404 aves?
1495 4336 1565 4405 Gur
1586 4358 1663 4422 ergo
1680 4336 1856 4404 ridiuulum
1874 4339 1910 4401 in
1927 4357 1994 4402 uno
2016 4357 2113 4421 opere

86 4427 258 4494 Domino.
294 4427 494 4510 Emphatioa
514 4426 603 4491 enim
631 4424 783 4508 repetitio
810 4434 874 4504 est,
904 4421 990 4508 quod
1018 4442 1085 4490 non
1136 4423 1203 4488 illis
1241 4425 1436 4490 miraeulum
1469 4431 1534 4504 est,
1574 4425 1667 4489 ouius
1706 4424 1880 4488 innumera
1919 4421 2113 4489 doonmeuta

86 4515 233 4580 usitato
261 4522 402 4578 naturae
431 4511 546 4576 ordine
573 4518 652 4576 tune
672 4510 834 4576 Dominus
863 4510 999 4592 pluerit:
1028 4509 1085 4577 eed
1136 4510 1231 4576 fateri
1253 4518 1430 4594 eoguntur:
1460 4520 1493 4576 et
1515 4509 1632 4593 quibua
1654 4517 1910 4576 consentaneum
1931 4530 1997 4575 non
2021 4507 2111 4573 vide-

84 4609 267 4682 tanquam
297 4609 428 4664 exserta
454 4617 556 4662 manu
581 4596 690 4682 palam
711 4596 935 4662 fulminaverit
956 4605 1087 4678 praeter
1136 4603 1199 4676 tur,
1221 4615 1338 4678 eorpus
1359 4594 1505 4662 mulieris
1523 4597 1559 4661 in
1580 4596 1658 4662 salis
1679 4615 1821 4661 massam
1843 4602 2007 4658 mutatum
2030 4615 2109 4674 esse,

84 4687 243 4752 solitum
282 4703 422 4750 morem:
461 4691 498 4748 ut
530 4683 611 4748 satis
648 4687 812 4748 oonstaret
845 4681 946 4746 nullis
979 4683 1084 4747 oausie
1135 4681 1295 4765 quomodo
1326 4681 1476 4747 futurum
1508 4679 1643 4746 erodant
1675 4689 1712 4746 ut
1743 4680 1938 4747 resurreetio
1971 4679 2112 4746 oadever

81 4767 317 4838 naturalibus
343 4771 516 4836 conflatum
542 4768 643 4834 fuisse
665 4767 813 4851 pluviam
835 4767 926 4832 illam
949 4768 1085 4851 exigna
1135 4769 1170 4832 in
1202 4766 1409 4850 putredinem
1441 4767 1622 4851 collapsum
1653 4765 1838 4833 instauret?
1869 4764 1966 4846 Quod
1999 4774 2110 4831 autem

81 4867 123 4924 et
148 4855 330 4938 sulphure.
376 4855 502 4921 Verum
524 4853 655 4937 quidem
675 4860 734 4931 eet,
760 4871 929 4936 nunquam
951 4854 1085 4918 fortuito
1136 4851 1255 4919 dieitur
1276 4861 1360 4918 uror
1376 4853 1442 4919 Lot
1463 4855 1499 4919 in
1521 4861 1662 4918 statuam
1685 4852 1763 4918 salis
1785 4872 1942 4917 eonversa
1963 4871 2045 4930 θεεθ,
2067 4871 2110 4918 ιιθ

78 4957 220 5010 aerem
244 4942 384 5018 turbari,
408 4959 446 5007 ao
465 4940 577 5005 Deum
598 4940 754 5004 minimae
775 4939 931 5023 ouiusque
952 4938 1084 5021 pluviae
1135 4939 1355 5024 imaginemur
1393 4941 1536 5005 animam
1568 4940 1605 5005 in
1635 4939 1713 5004 salis
1749 4947 1902 5003 naturam
1934 4937 2110 5020 migrasse:

78 5027 356 5114 agnoseendum
394 5047 465 5093 esse
503 5035 665 5104 autorem,
705 5045 764 5092 neo
800 5024 995 5091 exousabilis
1033 5032 1086 5091 est
1134 5045 1240 5108 neque
1270 5025 1360 5090 enirn
1381 5024 1517 5092 dubium
1539 5026 1620 5109 quin
1643 5026 1750 5102 vivat,
1772 5032 1810 5088 nt
1833 5022 1979 5088 eiusdem
2000 5022 2110 5089 nobis-

74 5113 299 5184 Arietotelis
326 5113 463 5195 profane
489 5111 666 5189 subtilitas,
694 5111 870 5194 quiquam
892 5117 960 5176 tam
990 5120 1085 5176 aoute
1135 5131 1209 5177 oum
1238 5112 1487 5177 resurreetionis
1509 5111 1596 5176 soeia
1618 5109 1677 5192 sit,
1706 5129 1789 5193 quae
1815 5109 1973 5174 inusitata
1994 5108 2110 5175 mortis

73 5204 118 5268 in
147 5199 326 5267 Meteoris
352 5197 495 5282 disputet
517 5196 557 5262 de
578 5197 728 5264 secundis
750 5198 865 5276 oensis,
886 5197 997 5263 Deum
1018 5195 1084 5262 alto
1134 5195 1241 5279 speeie
1263 5196 1379 5262 effoeta
1400 5205 1466 5276 est,
1487 5203 1524 5261 ut
1545 5195 1696 5261 omnibus
1717 5193 1980 5277 foret‘exemple.
2026 5191 2111 5259 (lae-

72 5285 243 5355 eilentio
270 5285 394 5368 sepelit.
438 5284 548 5350 Moses
573 5291 684 5349 tamen
714 5283 768 5350 hio
796 5283 917 5350 diserte
938 5287 1085 5348 extrabr·
1134 5291 1241 5348 terum
1263 5303 1384 5348 nomen
1406 5284 1484 5350 salis
1501 5302 1567 5347 non
1588 5283 1692 5347 refero
1710 5280 1751 5346 ad
1768 5298 1931 5364 saporem:
1954 5277 2011 5344 sed
2033 5281 2112 5363 quia

72 5371 278 5442 dinarium
300 5370 363 5435 Dei
392 5390 474 5453 opue
502 5369 595 5436 nobis
623 5367 844 5436 sommendat:
874 5376 913 5434 ut
942 5369 1083 5435 seiamua
1135 5377 1242 5434 statua
1271 5369 1413 5435 notabile
1442 5366 1565 5453 aliquid
1591 5368 1745 5435 habuerit
1764 5366 1851 5450 quod
1877 5367 2018 5432 viatores
2040 5387 2115 5436 mo·

1854 5469 1903 5523 18·
