5000 6208
119 432 175 499 369
781 426 1151 498 COMMENTARIUS
1174 427 1223 498 IN
1246 426 1460 495 GENESIN.
2039 434 2103 500 370

118 621 252 686 arbitror
274 617 402 684 diverso
423 639 530 684 sensu.
568 616 774 700 conquestus
796 617 903 683 iuerat
923 616 1017 684 haee
1040 617 1079 684 da
1131 615 1232 680 lentio
1257 617 1407 700 prosequi
1437 636 1502 680 non
1534 617 1669 698 desinit,
1702 626 1738 682 nt
1764 628 1877 701 postea
1911 619 2103 688 videbimus.

117 707 257 790 ipsorum
278 704 416 778 iniuriis,
439 702 524 787 quod
542 723 601 788 per
622 703 780 768 invidiam
803 702 958 786 expulsus
979 702 1079 769 foret:
1130 700 1182 766 De
1204 701 1392 852 polyffiamia
1414 700 1491 766 alibi
1515 701 1636 768 dietum
1660 713 1718 768 est.
1753 703 1810 770 Sio
1832 704 2019 772 invaluerat
2035 729 2106 774 eor-

117 791 325 876 respondent,
353 811 419 854 non
450 809 520 854 esse
542 808 600 854 our
628 788 749 872 aliquid
771 788 891 854 doloris
914 788 1079 854 residuum
1130 787 1258 870 ruptela
1310 807 1366 852 aaa
1395 788 1515 871 passim
1536 788 1622 872 apud
1644 789 1765 855 maltos
1787 790 1940 873 populos,
1964 801 2104 873 otmar,

116 888 241 942 maneat
264 878 298 940 in
326 876 396 940 eius
425 876 546 954 animo,
577 894 679 958 quum
708 882 776 939 tam
804 874 945 958 benigne
967 884 999 940 st
1021 895 1080 958 pro
1130 874 1278 955 quamvis
1300 873 1444 952 vitiosus,
1467 893 1526 956 pro
1548 873 1578 937 le
1602 894 1620 938 e
1642 884 1736 941 esset.
1770 875 1845 940 Non
1864 876 1982 942 mirum
2001 877 2104 962 igitur

116 971 187 1028 roto
208 962 389 1027 aDomino
411 967 581 1026 tractetur:
604 979 640 1025 ae
662 960 690 1026 si
713 959 886 1026 dixissent:
911 958 998 1042 Quid
1020 960 1080 1026 tibi
1131 958 1159 1024 ei
1192 958 1289 1024 homo
1321 959 1411 1025 earni
1445 977 1523 1024 suae
1556 895 1720 1040 addictus,
1754 981 1833 1026 suae
1865 961 1991 1029 libidini
2022 963 2103 1031 duas

116 1048 183 1114 ris?
204 1069 314 1114 annon
325 1053 498 1113 oontentns
509 1067 544 1111 es
557 1046 723 1130 praesenti
740 1046 892 1110 fortuna?
910 1056 949 1111 nt
965 1045 1079 1112 demus
1130 1064 1248 1110 uxores
1270 1042 1428 1112 sumendo
1450 1043 1595 1110 indulsit.

115 1155 170 1200 nos
197 1135 358 1200 bonorum
391 1131 451 1199 hos
474 1132 556 1196 itum
584 1132 688 1198 offieio
720 1153 787 1197 non
815 1131 914 1198 fuisse
941 1132 1079 1211 funotos,

115 1219 293 1286 benedictio
321 1225 431 1282 tamen
488 1218 517 1282 oi
540 1217 581 1282 ad
612 1215 782 1282 delendam
811 1216 967 1300 temporis
990 1218 1080 1284 illius

114 1305 301 1370 memoriam
323 1301 451 1369 abunde
472 1303 606 1368 suffieit.
643 1302 744 1368 Forte
766 1313 874 1369 tamen
897 1303 949 1369 his
970 1303 1081 1370 verbis

114 1389 449 1540 iterumDooniirmlant
470 1409 505 1454 se
527 1388 697 1454 bonafide
719 1408 794 1455 eum
816 1409 853 1454 eo
875 1410 982 1474 agere,
1004 1391 1081 1473 quia
1454 1384 1606 1454 CAPUT
1627 1385 1776 1453 XXVH.

113 1477 152 1544 sit
176 1477 208 1541 in
266 1476 294 1540 ei
317 1484 385 1540 tute
399 1495 426 1539 a.

196 1562 248 1627 31.
273 1559 316 1626 Et
336 1561 520 1626 iurauerunt
540 1558 618 1624 altu
642 1559 743 1625 alteri
787 1559 903 1624 Iarore
932 1578 997 1623 non
1020 1557 1079 1624 du·
1218 1555 1245 1618 l.
1264 1553 1343 1621 Fuit
1360 1561 1461 1622 aman
1479 1576 1577 1639 quum
1591 1557 1743 1623 senuisset
1751 1556 1854 1638 labae,
1872 1564 1902 1625 et
1917 1560 2103 1645 antipasseut

114 1649 192 1714 bitat
208 1648 310 1727 Isaae,
330 1646 449 1729 partim
473 1655 509 1710 at
527 1643 720 1710 Philistinae
743 1645 849 1730 magis
870 1654 1002 1729 paratos
1023 1644 1081 1708 ha·
1131 1640 1213 1707 oculi
1245 1642 1313 1706 eius
1344 1643 1390 1708 ita
1418 1648 1453 1707 ut
1480 1663 1542 1707 nou
1569 1643 1698 1722 uuna,
1731 1644 1850 1710 uocauit
1878 1644 1969 1711 Esou
1998 1646 2102 1728 filium

113 1735 195 1810 beat,
220 1733 339 1817 partim
362 1753 403 1795 ne
426 1731 469 1796 sit
491 1729 556 1794 illis
578 1737 756 1814 suspectus.
802 1732 910 1814 Atque
932 1730 1012 1796 hasa
1034 1730 1079 1794 le·
1130 1746 1224 1792 suum
1244 1727 1408 1808 maiman,
1438 1733 1466 1792 et
1493 1727 1576 1794 dimit
1596 1728 1639 1792 ad
1659 1749 1744 1807 eum,
1768 1728 1836 1794 Fdi
1858 1731 1911 1796 mi.
1955 1728 1999 1796 Et
2019 1733 2103 1799 dimit

112 1819 224 1904 ginnm
246 1827 297 1884 est
316 1817 448 1882 iurandi
470 1817 568 1890 ratio,
597 1815 676 1880 dum
700 1837 770 1880 sese
799 1827 911 1882 mutuo
933 1815 1081 1899 obligant
1132 1813 1174 1878 ad
1195 1812 1519 1879 unsaramma.
1555 1813 1585 1877 2.
1608 1811 1654 1878 Et
1673 1815 1771 1880 dixit:
1793 1814 1871 1881 ane
1892 1837 1975 1882 nune
1995 1820 2103 1884 senui:

112 1905 259 1970 homines
292 1903 332 1968 ad
372 1921 483 1986 paoem
523 1900 703 1968 colendam.
757 1900 916 1967 sulficere
950 1900 1079 1985 quidem
1131 1919 1191 1963 uon
1223 1898 1296 1963 noui
1327 1899 1409 1963 diem
1440 1919 1500 1981 quo
1532 1900 1662 1964 moriar.
1715 1900 1744 1964 3.
1777 1899 1870 1967 Nune
1902 1899 2001 1987 ipitur
2028 1925 2104 1986 eope

112 1989 242 2056 deberet
263 1988 400 2071 simplex
423 1987 609 2072 promissio:
636 1986 691 2053 sed
715 1987 789 2070 quia
811 1988 889 2054 facit
909 1987 1080 2053 hominum
1131 2004 1245 2066 quaeso
1272 1984 1478 2050 instrumenta
1504 1989 1576 2060 tua,
1598 1983 1782 2066 pharetram
1810 1991 1913 2068 trram,
1942 1993 1969 2053 et
1996 2009 2104 2055 areum

110 2076 159 2141 vel
184 2074 348 2140 simulatio
370 2072 422 2139 vel
452 2073 668 2138 inconstantia
689 2083 726 2138 ut
747 2073 803 2138 alii
825 2073 897 2138 aliis
923 2071 1081 2152 diffidant,
1131 2076 1228 2149 tuum,
1246 2073 1275 2134 et
1291 2069 1433 2154 epredere
1449 2071 1483 2134 iu
1501 2089 1622 2154 ayruun,
1640 2076 1669 2134 et
1684 2092 1794 2136 umore
1811 2072 1889 2137 mibi
1905 2076 2102 2140 venationem.

110 2162 271 2227 Dominus
298 2179 417 2225 nomen
447 2179 543 2224 suum
571 2158 770 2237 oommodat,
803 2167 839 2223 ut
867 2160 948 2225 haeo
976 2159 1080 2241 paotis
1132 2156 1162 2221 4.
1181 2155 1226 2220 nt
1245 2154 1298 2237 fue
1316 2155 1396 2221 mibi
1416 2156 1497 2222 eibos
1516 2156 1648 2238 sapidos
1668 2157 1926 2239 quemadmodum
1947 2159 2052 2244 diiiqq
2076 2165 2105 2226 et

110 2248 230 2312 nostris
262 2245 393 2311 aooedat
425 2245 568 2310 semotior
600 2244 818 2310 ooniirmatio:
856 2265 917 2310 neo
950 2253 1079 2308 tantam
1134 2241 1212 2324 affer
1232 2239 1325 2321 mibi,
1348 2245 1376 2305 et
1397 2241 1568 2307 annuam·
1595 2245 1631 2305 ut
1650 2241 1805 2310 hamunt
1825 2244 1882 2308 tibi
1903 2246 2013 2310 auimo
2033 2266 2103 2310 mea

110 2332 284 2417 permittit,
318 2330 493 2396 sedetiam
516 2328 651 2394 mandat
674 2339 712 2393 nt
732 2330 877 2395 iuremus
900 2329 1024 2414 quoties
1046 2329 1080 2395 id
1132 2332 1297 2410 autequam
1317 2327 1445 2392 moriar.
1490 2326 1520 2392 5.
1545 2325 1646 2392 Riboa
1667 2333 1771 2393 autem
1795 2328 1941 2395 audiebat
1961 2331 2036 2395 dum
2058 2332 2103 2398 lo·

112 2419 286 2484 necessitas
308 2416 411 2502 exigit
432 2415 543 2501 (Dent.
567 2416 596 2493 6,
620 2413 684 2564 102.
729 2415 862 2480 interim
888 2416 1080 2496 ostendum,
1133 2417 1275 2496 queretur
1290 2411 1384 2478 Istoc
1401 2411 1545 2478 odEsau
1560 2413 1664 2494 fitium
1679 2397 1789 2478 suum:
1810 2419 1839 2478 et
1850 2416 1990 2496 perrexit
2005 2410 2100 2482 Esou

111 2525 149 2569 ne
173 2506 244 2568 eius
266 2523 384 2568 nomen
407 2508 530 2567 temere
551 2501 645 2565 inran
670 2521 690 2564 o
712 2501 909 2584 profanetur.
1133 2501 1169 2564 in
1181 2519 1302 2584 aprum,
1319 2503 1527 2564 utoenaretur
1538 2499 1736 2579 uenmionern,
1753 2500 1933 2581 :defferet
1964 2503 1995 2567 6.
2011 2503 2099 2569 Tune

195 2589 247 2654 32.
271 2587 316 2654 Et
334 2589 397 2671 fuit
416 2588 452 2652 im
468 2587 519 2653 die
536 2587 618 2667 ipsa
653 2586 742 2651 Hine
763 2594 899 2671 apparet
916 2586 967 2673 (ut
982 2586 1080 2670 paulo
1135 2581 1640 2664 Riboodimitodlobaoobfiiium
1651 2604 1753 2657 auum.
1772 2585 1915 2651 cluendo:
1932 2583 2019 2666 ane,
2042 2609 2099 2653 au-

110 2683 186 2739 ante
198 2673 363 2825 ἀίιιίἒιιοιι
382 2694 447 2737 uno
465 2672 619 2754 temporis
636 2681 800 2737 momento
816 2683 963 2757 repertas
980 2672 1082 2738 inisse
1133 2671 1201 2736 divi
1212 2673 1336 2752 patrem
1349 2675 1438 2734 tuum
1454 2669 1620 2752 unquentum
1631 2671 1674 2734 ad
1684 2671 1776 2736 Esau
1791 2671 1923 2753 fratrem
1938 2677 2034 2750 tuum,
2052 2675 2098 2738 di

111 2782 220 2844 aquas.
291 2760 507 2842 iqnaeritur,
537 2756 624 2822 unde
646 2758 676 2822 ei
704 2758 860 2824 iumentis
882 2767 915 2823 et
939 2758 1081 2824 familiae
1132 2757 1241 2821 mado:
1277 2757 1304 2820 7.
1325 2757 1416 2838 Affer
1432 2754 1728 2834 autumationum,
1748 2757 1846 2839 usae
1862 2755 1942 2822 mibi
1959 2758 2103 2837 oibos‚et

109 2867 167 2930 par
189 2846 263 2911 illos
286 2844 354 2910 dias
377 2843 520 2928 aquatio:
544 2862 604 2928 ego
627 2841 756 2927 quidem
779 2864 846 2908 non
868 2843 980 2910 dubito
1002 2845 1081 2928 quio
1133 2842 1302 2921 eornedom,
1330 2847 1357 2906 et
1377 2840 1552 2908 bmedieam
1577 2841 1634 2906 tibi
1653 2861 1757 2908 eoram
1778 2840 1915 2908 Domino
1937 2849 2104 2926 auteqrmm

109 2931 163 2998 vel
185 2931 292 3015 pretio
315 2930 446 3009 emerit,
476 2929 528 2993 vel
558 2928 655 3013 longa
688 2936 817 2996 coaetus
839 2931 938 2995 fuerit
958 2941 1080 3014 petere,
1132 2928 1261 2994 moriar.
1307 2927 1336 2992 8.
1362 2925 1455 2992 Nune
1473 2927 1580 3010 ipitur,
1600 2927 1650 3008 fili
1670 2928 1730 3005 rni,
1761 2927 1847 2993 obedi
1866 2929 1933 2994 oaoi
1961 2949 2046 2995 ureae
2066 2931 2103 2996 iu

109 3017 136 3084 ai
154 3017 228 3101 quis
246 3015 421 3082 humanior
441 3021 591 3098 repertus
613 3022 671 3093 est,
695 3013 781 3080 unde
803 3016 950 3100 precario
972 3037 1080 3081 sume·
1133 3014 1268 3095 eoquod
1285 3013 1446 3095 qnoeoipia
1464 3011 1530 3077 tibi.
1574 3012 1603 3079 9.
1633 3012 1718 3078 Vade
1739 3034 1822 3078 nune
1839 3015 1882 3080 ad
1897 3015 2047 3096 peada,
2077 3020 2106 3081 et

110 3111 169 3169 ret.
204 3101 301 3184 Quod
320 3101 360 3166 ad
379 3121 497 3166 nomen
516 3109 651 3183 speetat,
672 3099 839 3182 falluntur,
861 3100 1079 3181 meoiudicio,
1132 3119 1208 3181 rape
1224 3097 1302 3164 mibi
1319 3098 1392 3164 inde
1408 3099 1488 3164 duos
1504 3097 1619 3164 haedos
1635 3118 1804 3180 caprorum
1821 3098 1922 3176 bonos,
1944 3100 2105 3183 etfaciam

109 3190 165 3273 qni
187 3187 277 3254 aliud
298 3207 369 3253 esse
390 3193 510 3270 putant
529 3205 626 3269 quam
648 3186 740 3268 prius
759 3187 958 3271 imposuerat
975 3186 1080 3252 Abra·
1132 3204 1171 3249 eu
1192 3186 1238 3251 eis
1259 3203 1345 3249 escas
1364 3183 1498 3266 sapidos
1512 3185 1603 3265 patri
1623 3190 1691 3265 tuo,
1713 3179 1969 3267 quenadmodum
1989 3185 2104 3272 diiipit.

107 3274 202 3340 ham:
226 3293 302 3338 nam
324 3273 399 3356 quia
416 3292 483 3336 vox
504 3270 644 3337 hebraea
664 3271 817 3356 ambigua
835 3281 893 3353 est,
911 3273 1081 3339 Abraham
1134 3270 1184 3334 10.
1203 3265 1248 3334 Et
1265 3269 1375 3352 offusa
1390 3270 1482 3351 patri
1497 3274 1566 3348 tuo,
1596 3274 1624 3335 et
1649 3270 1792 3348 comedet,
1822 3275 1857 3335 ut
1877 3271 2032 3338 benedicat
2047 3273 2105 3340 tibi

110 3360 151 3425 ad
178 3358 293 3426 foedus
316 3358 426 3424 allusit
448 3356 533 3440 quod
555 3378 629 3424 oum
658 3378 734 3442 rege
757 3357 865 3424 Gerar
897 3359 1079 3507 pepiferat:
1133 3361 1296 3438 autequam
1317 3355 1479 3420 moriatur.
1514 3355 1564 3419 11.
1587 3352 1631 3420 Et
1651 3356 1734 3421 dixit
1756 3356 1890 3423 Iobaeob
1910 3357 1953 3422 ad
1972 3355 2104 3425 Rideam

108 3465 197 3512 none
215 3465 294 3510 vero
309 3443 399 3509 lsaoe
417 3453 570 3542 voterem·
580 3444 771 3508 memoriam
789 3453 951 3529 repetens,
981 3445 1081 3510 oodus
1132 3447 1262 3506 nsotrem
1278 3461 1388 3541 mmm:
1402 3437 1483 3540 ane
1496 3439 1590 3506 Esou
1603 3441 1712 3541 frater
1732 3461 1819 3506 meua
1839 3448 1884 3506 eat
1897 3443 1950 3541 uir
1965 3443 2103 3524 pilosus,

108 3537 841 3698 ase3131=e.muliiffliinotmiiliiitilglqtuadrapemarius.
893 3613 1011 3680 Multis
1040 3613 1081 3680 de
1132 3531 1241 3691 mp
1262 3547 1318 3678 iii>
1333 3525 1918 3695 wratileius&trrfrZiiarIialiiiuaworit
1943 3535 2105 3681 geuinaiii

107 3703 215 3768 eaesis
239 3701 340 3767 refert
361 3701 471 3766 Moses
500 3700 651 3782 coniugia
673 3700 772 3765 Esau.
817 3698 912 3782 Quod
935 3701 1022 3765 enim
1046 3721 1080 3767 sa
1130 3697 1251 3780 faciam
1272 3718 1365 3780 super
1384 3718 1433 3762 ma
1453 3697 1703 3774 maledictionem
1729 3703 1757 3764 et
1776 3718 1839 3764 nou
1859 3698 2101 3766 benediotionem.

107 3789 239 3854 misouit
265 3807 339 3854 oum
369 3795 476 3850 terrae
502 3784 630 3864 ineolis,
655 3805 674 3849 a
695 3785 812 3868 quibus
839 3784 981 3854 divisum
1010 3799 1080 3852 arat
1134 3784 1182 3848 13.
1204 3783 1291 3848 Tune
1311 3784 1393 3848 dixit
1409 3784 1439 3847 ei
1458 3789 1558 3850 mater
1578 3784 1661 3848 eius:
1684 3782 1787 3865 Super
1803 3803 1850 3848 me
1866 3787 1909 3849 sit
1926 3784 2103 3852 maledictio

109 3883 259 3939 sanetum
294 3870 447 3937 Abrahae
479 3891 601 3956 genus,
638 3877 672 3934 et
702 3871 874 3938 affinitates
907 3872 1079 3952 eontraxit
1131 3875 1197 3946 tua,
1217 3869 1268 3950 [iii
1284 3870 1345 3934 rni:
1364 3873 1574 3933 verumtamen
1593 3867 2008 3950 autoramentum,
2026 3889 2102 3952 cape

108 3958 305 4042 quasillum
327 3957 520 4040 implioitum
544 3963 703 4033 tenerent,
727 3956 889 4039 quoddam
911 3957 972 4022 fuit
990 3957 1080 4024 abdi·
1131 3954 1220 4020 mibi.
1265 3954 1315 4019 14.
1341 3952 1502 4036 Profectus
1523 3959 1567 4018 est
1586 3955 1706 4036 itaque,
1736 3959 1764 4019 et
1792 3956 1923 4037 aeeepd,
1951 3956 2104 4022 danunt

106 4045 246 4110 oationis
274 4043 344 4108 eius
373 4041 586 4126 praeludium.
629 4036 705 4106 Hoo
726 4043 824 4106 etiam
854 4042 994 4108 mirabili
1016 4042 1080 4108 Dei
1132 4041 1229 4105 matri
1249 4060 1334 4115 suae,
1357 4039 1478 4122 attuit
1493 4043 1592 4104 nsoter
1609 4043 1678 4106 eius
1693 4039 1777 4104 eibos
1793 4041 1929 4124 sapidos,
1951 4043 2101 4121 queamd-

108 4129 243 4195 oonsilio
263 4129 386 4194 iactum
409 4136 475 4206 est,
509 4135 547 4191 nt
575 4138 688 4192 saneto
711 4128 917 4209 patriarohao
946 4130 1080 4212 eiusque
1132 4125 1257 4192 modum
1285 4124 1431 4209 diiipebat
1452 4129 1546 4206 poter
1573 4125 1650 4190 eius.
1704 4124 1753 4189 15.
1784 4124 1827 4190 Et
1859 4127 1972 4206 moepit
2002 4126 2101 4192 Rideo

107 4217 203 4282 uxori
221 4235 342 4300 graves
360 4224 392 4279 et
408 4213 565 4278 molestae
583 4213 704 4277 inerint
726 4234 837 4291 nurus,
861 4234 902 4278 ne
921 4214 1079 4297 paulatim
1130 4216 1228 4277 eadm
1249 4211 1342 4276 Esau
1360 4209 1424 4291 filit
1444 4210 1497 4276 sui
1517 4212 1649 4275 maioris
1669 4210 1870 4289 delectabiles,
1901 4231 1980 4293 quae
2006 4222 2101 4278 erant

107 4320 147 4366 se
178 4299 379 4384 applioarent
411 4297 452 4363 od
484 4298 657 4381 reprobum
690 4297 782 4363 illum
819 4299 984 4383 populum.
1040 4299 1080 4366 si
1132 4297 1219 4380 oprtd
1239 4317 1272 4362 se
1293 4298 1328 4360 in
1348 4297 1451 4374 domo,
1475 4301 1503 4361 et
1522 4297 1627 4361 induit
1648 4295 1784 4361 Iaboeob
1803 4295 1904 4376 fitium
1926 4316 2020 4361 suurn
2042 4300 2100 4364 mi·

105 4385 309 4470 placuissent
336 4385 443 4469 gentis
473 4405 594 4460 mores,
630 4393 664 4447 at
685 4385 771 4450 noeti
800 4383 940 4450 inissent
962 4385 1080 4469 probas
1131 4403 1244 4448 norem.
1287 4383 1335 4447 16.
1354 4381 1398 4446 Et
1409 4381 1509 4463 pedes
1526 4381 1693 4447 boedmum
1709 4401 1879 4463 caprarum
1900 4383 2101 4449 circumdedit

107 4480 146 4536 et
168 4472 344 4556 morigeras
366 4469 499 4554 puellas,
516 4470 599 4534 forte
621 4489 664 4534 ex
685 4489 796 4536 eorum
820 4489 980 4536 eonsensu
1002 4470 1079 4536 inde
1130 4467 1277 4534 manibus
1305 4468 1387 4546 eius,
1421 4473 1448 4532 et
1475 4467 1614 4532 laevitati
1642 4466 1711 4532 colli
1737 4467 1812 4531 eius.
1867 4467 1916 4532 17.
1946 4467 2101 4552 Deditque

105 4556 199 4622 lsaae
231 4577 357 4641 quoque
390 4555 535 4620 duxisset
567 4575 713 4620 uxorem.
765 4554 935 4639 Coniugiis
968 4565 1077 4622 autem
1130 4553 1210 4620 orbos
1231 4553 1359 4634 sapidos
1381 4558 1541 4634 etpanem
1563 4571 1638 4634 quos
1654 4557 1841 4634 parauerat,
1866 4554 1902 4617 in
1923 4573 2020 4618 manu
2043 4555 2099 4620 Ia-

106 4643 198 4708 inter
222 4665 256 4708 se
284 4641 404 4725 illigari
434 4642 482 4705 fas
512 4661 576 4705 non
611 4641 686 4721 fuit,
719 4662 798 4723 quos
827 4640 920 4706 Deus
950 4641 1079 4708 volebat
1129 4639 1224 4705 baoob
1242 4639 1306 4720 filit
1326 4639 1388 4703 aui.
1433 4639 1483 4704 18.
1514 4637 1604 4703 Venit
1631 4659 1700 4721 erqo
1729 4637 1770 4702 od
1792 4642 1913 4719 patrem
1935 4658 2044 4716 suum,
2073 4645 2101 4706 et

105 4749 182 4793 esse
204 4727 311 4794 hostes
334 4735 515 4811 perpetuos.
548 4724 646 4791 Unde
665 4727 751 4791 enim
770 4725 922 4792 Abrahae
939 4728 1079 4810 posteris
1129 4725 1229 4791 dimit:
1252 4723 1349 4789 Pater
1368 4725 1423 4788 mi.
1468 4724 1530 4788 Ille
1551 4729 1653 4790 autem
1676 4723 1849 4806 respoudit:
1871 4723 1950 4789 Ecce
1972 4725 2100 4792 adsum:

105 4821 217 4878 terrae
238 4811 430 4892 haereditas,
452 4813 514 4876 nisi
532 4833 572 4876 ex
590 4832 702 4877 eorum
722 4811 867 4890 interitu,
890 4812 976 4894 apud
998 4834 1078 4897 qnos
1130 4812 1202 4892 quis
1230 4831 1262 4876 es
1295 4808 1344 4889 aa·
1370 4810 1440 4874 mi?
1484 4810 1533 4876 19.
1565 4808 1608 4874 Et
1635 4809 1718 4874 dixit
1745 4806 1880 4874 Iabaoob
1909 4808 1952 4873 od
1972 4816 2099 4891 panea

107 4897 155 4962 ad
176 4907 303 4983 tempus
325 4895 640 4981 peregrinabantur?
663 4897 711 4961 Er
735 4917 754 4962 o
774 4896 985 4980 inauspioatis
1007 4899 1079 4965 istis
1130 4917 1238 4961 suum:
1259 4893 1328 4979 Epo
1348 4915 1419 4959 sum
1439 4894 1532 4961 Esau
1547 4895 1775 4978 primopenitus
1795 4898 1883 4972 tuus,
1914 4893 1975 4976 feei
1996 4916 2100 4977 quern·

107 4984 270 5068 coniugiis
292 4981 460 5050 illooebras
482 4983 574 5048 Deus
596 4918 761 5065 praeoitiit,
783 4993 820 5047 ut
842 4985 983 5066 positum
1003 5006 1023 5050 a
1044 5006 1079 5050 sa
1130 4982 1296 5048 admodum
1323 4981 1468 5062 loquutus
1494 5001 1526 5046 es
1560 4979 1602 5044 od
1628 4999 1692 5044 nte:
1718 4998 1818 5062 surpe:
1836 4998 1932 5043 muno:
1957 4981 2041 5060 sede,
2070 4989 2098 5048 et

107 5068 279 5135 dissidium
297 5077 454 5134 maneret.
483 5067 572 5133 Hine
591 5089 666 5132 varo
684 5077 813 5134 eonstat
829 5088 927 5152 quam
945 5077 1080 5153 paterna
1129 5067 1247 5134 comede
1275 5065 1313 5130 de
1340 5067 1500 5132 uenatione
1527 5085 1612 5141 ntea,
1645 5067 1680 5129 ut
1705 5063 1860 5130 bmeduot
1883 5063 1964 5130 mibi
1989 5067 2098 5133 animo

103 5155 247 5221 dileotus
274 5154 375 5220 inerit
399 5154 487 5220 Esau
517 5152 558 5217 ab
585 5152 687 5219 Isaaa.
739 5153 825 5218 Nam
853 5155 916 5220 etsi
948 5167 1080 5221 sanatus
1129 5160 1194 5220 tua.
1238 5151 1290 5217 20.
1313 5150 1357 5216 Et
1383 5152 1466 5217 dimit
1487 5151 1582 5216 Isboo
1608 5151 1652 5217 od
1676 5149 1780 5232 filium
1807 5169 1916 5215 suum:
1940 5149 2023 5232 Quid
2044 5152 2100 5219 doe

108 5241 167 5304 vir
185 5239 241 5306 filii
264 5260 384 5306 uxores
404 5240 474 5304 iure
497 5237 596 5304 habet
616 5236 699 5318 odio,
723 5250 755 5305 et
775 5239 808 5304 in
832 5259 887 5306 aas
909 5241 1079 5308 exacerbo·
1131 5237 1216 5324 quod
1242 5236 1402 5320 festinasti
1423 5237 1465 5302 ad
1492 5236 1708 5302 inveniendum
1728 5235 1780 5318 rut
1799 5235 1870 5300 mi?
1895 5233 1956 5300 Oui
1976 5256 2105 5318 respon-

105 5334 169 5390 tus
189 5337 237 5391 est
259 5328 328 5391 eius
349 5325 491 5390 animus:
522 5323 617 5388 illurn
647 5334 755 5390 tamen
782 5345 911 5392 summo
938 5325 1079 5394 benevo·
1130 5326 1193 5393 dit:
1217 5323 1299 5406 Quia
1320 5341 1477 5389 maurane
1495 5321 1569 5404 feeit
1586 5321 1700 5388 lebona
1719 5320 1807 5387 Deus
1822 5326 1897 5385 tuus
1916 5341 2021 5388 eoram
2039 5343 2100 5400 me,

215 5425 326 5484 edoma·
340 5440 434 5495 opera.
472 5424 530 5481 Vol.
549 5424 671 5482 XXIII.
1859 5420 1895 5475 it
