5000 6208
101 479 155 544 293
740 464 1109 538 COMMENTARIUS
1132 467 1181 535 IN
1205 467 1418 536 GENESIN.
2014 480 2079 547 294

99 665 170 751 qnod
191 684 240 730 res
266 669 351 740 erat,
379 661 551 727 simulasse
581 665 684 746 petet:
715 657 771 725 uhi
799 667 910 724 tamen
940 657 1051 723 omnia
1104 657 1267 736 manavit,
1297 657 1381 742 quod
1412 658 1541 726 Pharao
1571 658 1698 727 duriter
1726 663 1959 746 reprehensus,
1992 667 2075 733 nihil

98 771 218 818 erasme
235 748 365 822 ineunt,
388 747 442 812 vel
459 745 584 824 invola,
608 746 660 812 vel
683 744 799 812 saltem
822 743 918 810 nimis
941 743 1051 809 ieiuna
1124 763 1200 808 uam
1227 743 1434 810 formidinem
1463 747 1626 829 concepit,
1649 756 1686 812 ut
1706 747 1859 816 Abrahae
1881 760 2077 836 conspectus

97 839 151 903 isit
175 833 323 901 defensio.
368 832 452 899 Nam
476 853 577 916 quum
599 829 675 896 date
703 852 815 922 opera¹
829 828 1051 913 praetexuerit
1102 764 1151 893 dli
1172 829 1229 894 vix
1252 839 1338 895 esset
1359 829 1548 897 tolerabilis.
1594 831 1787 899 Abimeleoh
1810 855 1889 901 vero
1912 837 1987 904 licet
2009 846 2075 905 ter·

97 923 201 988 sororis
228 940 362 997 nomen,
390 940 432 984 ne
461 916 539 1002 qnid
561 916 602 982 de
628 917 777 1000 coniugio
807 916 1050 998 suspicerentur
1102 915 1186 980 ritus
1207 915 1314 995 fuerit,
1337 936 1415 981 mox
1435 923 1546 981 tamen
1568 915 1680 983 addite
1700 919 1920 987 consolatione
1942 923 2076 992 sedatus

96 1008 246 1086 homines,
274 1005 448 1088 sophistice
477 1002 607 1070 errandi
636 1003 836 1069 secesionem
866 1001 931 1065 illis
954 1021 1049 1084 pres·
1102 1010 1167 1065 eet:
1197 1020 1298 1084 quum
1327 1000 1412 1066 dixit
1433 1001 1482 1066 illi
1504 1001 1684 1083 Dominus,
1709 1003 1865 1088 Propheta
1886 1012 1946 1087 est,
1975 1010 2076 1077 orabit

96 1093 164 1158 buit.
199 1090 307 1173 Quare
325 1089 400 1157 licet
420 1087 529 1156 verbis
547 1109 612 1154 non
630 1090 786 1153 mentitus
808 1086 915 1165 fuerit,
938 1095 1049 1150 temen
1095 1106 1159 1166 pro
1175 1090 1211 1152 te.
1248 1087 1363 1170 Neque
1381 1086 1469 1153 enim
1489 1087 1576 1153 aliud
1593 1088 1741 1171 pacando
1763 1091 1875 1156 timori
1893 1093 2074 1161 remedium

96 1176 184 1260 quoad
203 1198 271 1242 rem
294 1177 303 1240 i
328 1195 398 1241 sam
421 1175 587 1240 simulatio
609 1175 670 1240 luit
691 1172 859 1239 mendesio
881 1171 1047 1256 implicita.
1102 1183 1159 1250 est,
1182 1192 1280 1254 quam
1302 1171 1380 1237 dum
1399 1192 1435 1237 se
1453 1173 1615 1240 Dominus
1636 1175 1813 1257 propitium
1831 1179 1898 1243 lore
1920 1178 2073 1248 desierat.

95 1264 153 1330 Nec
184 1284 258 1328 vero
322 1260 378 1326 iud
412 1259 527 1325 hebuit
565 1280 624 1343 pro
647 1261 767 1324 scitum
799 1278 896 1342 quam
934 1256 1048 1324 testari
1101 1257 1204 1340 Atqui
1232 1279 1298 1324 non
1328 1277 1449 1342 magno
1479 1258 1626 1342 profectu
1678 1268 1799 1327 raestat
1820 1261 1893 1329 Deo
1915 1274 2074 1348 peccator,

95 1348 168 1432 apud
185 1347 376 1414 Abimeleoh
394 1345 477 1412 nihil
495 1366 530 1411 se
547 1281 772 1411 fraudulenter
793 1345 912 1430 egisse:
936 1341 993 1408 sed
1012 1341 1047 1441 in
1100 1351 1258 1425 quantum
1290 1351 1397 1410 metus
1429 1353 1609 1428 extorquet.
1652 1281 1720 1412 ded
1746 1346 1808 1414 hoc
1836 1369 1934 1416 verae
1961 1352 2073 1436 poeni-

95 1455 125 1500 re
143 1433 279 1518 trepide,
309 1454 349 1499 ex
372 1441 543 1514 praetextu
567 1430 769 1516 cognationis
798 1439 944 1514 captasse
966 1427 1046 1494 oblr-
1101 1429 1221 1493 tentiae
1254 1429 1386 1514 signum
1420 1439 1485 1510 est,
1524 1431 1701 1514 composito
1734 1433 1858 1514 animo,
1898 1435 2073 1522 sedataque

95 1541 181 1603 quum
202 1519 317 1584 mortis
338 1517 505 1602 effugium.
1099 1514 1297 1601 conscientia
1318 1514 1518 1599 morigerum
1541 1535 1576 1581 se
1598 1523 1631 1581 et
1652 1515 1788 1583 docilem
1810 1519 1881 1585 Deo
1906 1521 2071 1605 praebere.

169 1605 216 1670 13.
253 1603 382 1687 Quoto
412 1602 684 1670 circumducerent
715 1621 765 1666 me
796 1600 908 1684 capeti.
961 1597 1048 1681 Quia
1100 1596 1197 1679 Quod
1225 1609 1333 1665 autem
1362 1601 1510 1684 permisit
1540 1599 1730 1670 Abimeleoh
1758 1603 1913 1672 Abrahae
1941 1607 2071 1692 hospitii

92 1691 138 1756 hic
164 1689 296 1756 verbum
331 1689 469 1754 habetur
502 1687 636 1771 pluralis
669 1686 814 1764 numeri,
843 1687 982 1752 libenter
1006 1684 1047 1750 de
1098 1684 1206 1751 loenm
1228 1687 1262 1750 in
1292 1684 1415 1751 ditione
1444 1706 1518 1765 sua,
1548 1685 1633 1754 hanc
1661 1687 1732 1754 eius
1758 1689 1998 1759 humanitatem
2020 1715 2072 1761 se·

92 1777 203 1860 angelis
225 1796 366 1858 expono,
412 1771 475 1839 nod
498 1771 775 1840 circumduxerint
797 1770 966 1838 Abraham
987 1789 1047 1853 per
1098 1778 1201 1854 quota
1228 1780 1278 1837 est
1305 1791 1372 1836 son
1402 1791 1504 1857 parva
1533 1771 1730 1853 benedictio,
1763 1774 1849 1858 qnod
1879 1777 1946 1844 illic
1973 1789 2072 1848 natus

91 1864 188 1927 varios
213 1880 347 1926 errores.
389 1795 534 1941 diuidsm
563 1858 660 1923 nimis
688 1867 804 1942 argute
835 1875 1046 1942 personarum
1098 1867 1149 1920 est
1170 1855 1272 1936 Isaac,
1291 1857 1387 1922 sicuti
1407 1858 1554 1940 proximo
1576 1859 1681 1941 sepite
1704 1858 1895 1927 videbimus.

91 1947 238 2031 colligunt
265 1947 460 2011 trinitatem:
491 1945 583 2028 quasi
612 1945 767 2028 scriptum
792 1951 892 2020 esset,
916 1943 971 2006 Dii
993 1962 1046 2006 me
1186 1942 1235 2007 16.
1254 1942 1315 2007 Est
1334 1942 1391 2008 titt
1412 1943 1448 2008 in
1469 1944 1689 2024 asennaeum
1710 1945 1874 2013 emman.
1914 1946 2002 2029 Quia
2018 1947 2071 2015 his

89 2033 225 2098 leserunt
252 2051 370 2097 emere.
414 2030 536 2096 Fateor
562 2029 694 2114 quidem
721 2049 839 2095 nomon
862 2015 965 2096 n'nbet
987 2046 1046 2110 pro
1098 2026 1209 2093 verbis
1231 2028 1345 2094 subest
1365 2027 1475 2112 alique
1501 2028 1697 2108 obscuritas,
1727 2031 1817 2097 varie
1845 2034 1965 2116 exponi
1987 2034 2068 2101 solet

88 2117 151 2182 Deo
176 2118 298 2202 passim
325 2117 427 2199 accipi
453 2117 489 2180 in
518 2116 695 2199 scripture:
729 2114 787 2180 sed
815 2125 893 2179 tnnc
919 2133 1047 2197 semper
1099 2111 1197 2180 locus.
1248 2113 1453 2196 Principium
1486 2113 1676 2180 difficultate
1705 2124 1802 2182 seret.
1853 2118 1941 2184 Nem
1967 2140 2068 2203 quum

88 2203 170 2268 verbi
196 2224 352 2268 numerus
379 2211 429 2267 est
455 2202 638 2285 singularis.
690 2200 756 2269 Ubi
785 2211 894 2265 antem
922 2197 1047 2266 accedit
1099 2198 1188 2264 mille
1210 2211 1381 2284 argenteos
1403 2197 1545 2266 dedisset
1567 2199 1766 2283 Abimeleoh,
1789 2223 1832 2268 ue
1854 2214 2005 2288 sempecta
2025 2205 2069 2272 sit

88 2289 212 2355 verbum
240 2288 382 2372 plurale,
410 2299 488 2352 tunc
514 2308 555 2353 as
580 2287 647 2351 eloe
669 2286 721 2352 vel
751 2285 914 2370 prinsipes
942 2284 1046 2369 signi·
1098 2284 1292 2361 liberalitas,
1322 2287 1517 2369 pronunciet
1538 2305 1573 2351 se
1595 2284 1750 2353 Abrahae
1772 2286 1913 2355 dedisse:
1935 2297 1970 2355 et
1991 2293 2068 2375 qnia

87 2375 162 2440 licet.
206 2372 294 2442 Sunt
315 2374 370 2456 qui
394 2381 510 2456 putent
532 2307 714 2451 Abraham,
737 2372 813 2454 quia
843 2390 950 2438 sermo
972 2390 1046 2436 cnm
1098 2378 1166 2435 tam
1188 2371 1364 2437 honorifice
1385 2377 1536 2455 acceptus
1557 2370 1668 2451 luerit,
1699 2393 1766 2438 non
1787 2393 1859 2440 esee
1883 2372 2068 2443 habendam

87 2460 152 2525 rudi
172 2469 204 2525 et
226 2481 293 2525 non
312 2459 412 2544 probe
434 2457 546 2524 edocto
575 2456 707 2522 homine
735 2465 820 2537 erat,
847 2477 887 2522 ex
918 2455 1046 2540 vulgari
1098 2457 1196 2522 scorti
1218 2456 1287 2524 loeo
1310 2457 1380 2522 eius
1403 2477 1549 2521 uxorem.
1594 2455 1661 2523 Sed
1683 2458 1770 2542 quod
1794 2459 1941 2543 sequitur
1963 2463 2069 2547 magis

86 2547 225 2695 {jastium
252 2565 342 2646 more
367 2545 418 2644 sic
451 2543 637 2644 loquutum:
668 2542 725 2642 sed
754 2543 870 2642 inseite
897 2562 969 2607 meo
995 2543 1046 2606 is·
1099 2541 1272 2608 obscurum
1295 2548 1355 2620 eat,
1378 2540 1454 2607 Est
1471 2540 1528 2607 tibi
1549 2541 1657 2642 vetem.
1694 2543 1792 2609 Multi
1814 2545 2008 2646 interpretes
2026 2547 2067 2613 ed

85 2652 181 2784 fille
203 2627 1049 2800 illi.“teutilttrtttlttbtltttlt
1099 2625 2068 2798 tl?ttlt}”tsttltlttttttt..ltttltt

85 2801 127 2868 fes
165 2802 282 2868 deinde
315 2801 429 2868 fuisset
461 2798 600 2866 enodem
633 2821 729 2884 quem
762 2800 905 2867 coluerat
937 2797 1046 2864 Deum
1099 2807 1260 2882 usurpant
1276 2799 1345 2865 aius
1363 2797 1443 2865 vice.
1479 2797 1589 2865 Moses
1611 2807 1720 2864 autem
1742 2801 1897 2867 maritum
1918 2801 2066 2871 hocloco

84 2887 191 2974 lingua
208 2886 395 2972 abnegare?
415 2884 491 2967 Qua
507 2885 548 2951 de
565 2907 601 2952 re
617 2906 717 2969 supra
734 2884 885 2962 diximus,
903 2891 940 2950 ut
958 2885 1048 2950 locus
1099 2884 1206 2969 potius
1227 2883 1359 2963 indicet,
1383 2891 1416 2948 et
1437 2904 1554 2950 sensus
1573 2885 1877 2968 optimesonvenit.
1920 2888 2067 2956 Dooetur

84 2973 208 3039 ferebat.
273 2972 446 3039 anternm
487 2992 552 3037 non
592 2971 803 3055 conqueritur
842 2970 881 3036 de
920 2970 1046 3055 angelis
1098 2971 1187 3036 enim
1210 2967 1303 3048 Sere,
1326 2969 1479 3034 meritum
1501 2968 1555 3035 cui
1576 2969 1688 3038 iuncta
1710 2978 1768 3051 est,
1790 2972 1897 3039 instar
1915 2973 1978 3040 veli
1996 2995 2068 3042 esse

83 3058 254 3138 Abraham,
277 3057 361 3142 quod
383 3056 492 3124 fallaci
513 3077 626 3124 eorum
649 3058 749 3124 ductu
772 3065 910 3141 vagatus
932 3057 1045 3122 fuerit:
1097 3075 1161 3140 quo
1179 3075 1214 3122 se
1231 3064 1341 3140 tegere
1359 3054 1482 3136 debeat,
1500 3077 1543 3122 ne
1560 3056 1707 3140 exposite
1724 3057 1768 3122 eit
1785 3057 1910 3124 alienis.
1943 3059 2067 3129 Paulus

84 3144 134 3211 sed
154 3152 247 3211 notat
273 3144 378 3228 qualis
407 3143 506 3208 luerit
526 3143 652 3227 pridem
674 3163 734 3208 sue
756 3143 907 3220 conditio,
929 3163 1045 3225 nempe
1098 3141 1176 3206 dicit
1198 3141 1320 3219 velum,
1343 3140 1429 3225 quod
1450 3141 1554 3225 capite
1576 3150 1684 3226 gestet
1703 3142 1836 3225 mulier,
1859 3143 2066 3214 subiectionis

82 3231 160 3314 quod
192 3230 311 3297 relicte
341 3229 542 3314 petrianos
571 3228 666 3295 modo
694 3229 729 3292 in
762 3239 882 3293 terram
915 3227 1044 3312 longin-
1097 3247 1168 3294 esse
1190 3227 1374 3313 symbolum
1396 3225 1439 3314 (1.
1462 3225 1538 3294 Oor.
1563 3227 1613 3306 ll,
1638 3225 1700 3314 10).
1744 3228 1785 3294 Id
1812 3228 1944 3313 quidem
1966 3232 2065 3298 etiam

82 3337 170 3398 quem
191 3315 396 3402 migraverit,
417 3313 474 3380 scd
491 3313 629 3380 subinde
651 3321 780 3382 coactus
801 3313 901 3380 inerit
918 3325 1045 3379 mamre
1098 3311 1139 3378 ed
1166 3313 1303 3379 caelibes
1332 3313 1487 3397 pertinet:
1517 3313 1592 3396 quie
1612 3313 1647 3379 in
1669 3335 1745 3380 enm
1769 3315 1869 3380 ΐιιιοιιι
1898 3315 2066 3386 ordinatus

81 3400 264 3486 hospitium.
310 3399 421 3483 Quare
448 3398 533 3465 nihil
560 3401 680 3466 mirum
708 3400 737 3466 si
767 3419 841 3465 eum
868 3399 1045 3466 necessitas
1097 3405 1148 3465 est
1168 3418 1282 3466 sexus:
1303 3397 1360 3464 scd
1382 3397 1443 3464 hoc
1463 3397 1581 3481 aptius,
1604 3405 1638 3464 et
1658 3400 1763 3485 magis
1782 3401 1915 3549 proprie
1936 3401 1971 3466 iu
1992 3424 2065 3470 mu·

81 3486 117 3552 ad
137 3487 283 3554 ineunda
300 3506 389 3553 nova
406 3486 541 3552 consilia
562 3486 738 3569 impulerit.
782 3483 820 3552 Si
845 3486 917 3568 quis
941 3505 978 3550 ro
1021 3495 1044 3566 t,
1096 3483 1194 3550 lieres
1215 3484 1295 3550 viris
1317 3484 1506 3551 coniunctas
1528 3484 1694 3568 competit:
1718 3505 1781 3570 qno
1824 3486 1892 3551 sint
1907 3486 1978 3571 ipsc
1995 3502 2064 3554 me·

80 3593 133 3638 cur
159 3572 433 3658 peregrinationis
453 3592 532 3638 suas
560 3571 694 3656 angelos
715 3571 813 3638 iaciat
834 3569 955 3636 duces?
1030 3607 1045 3621 -
1097 3570 1242 3637 trimonii
1259 3569 1372 3636 ordine
1394 3569 1487 3653 quasi
1505 3568 1639 3636 relatae.
1685 3569 1741 3637 Sic
1762 3591 1839 3656 ergo
1861 3571 2066 3656 interpretor,

81 3663 206 3741 sponsio
232 3666 285 3724 est
300 3659 336 3724 in
353 3663 516 3740 promptu,
535 3655 696 3737 Quamvis
713 3657 812 3724 sciret
823 3656 990 3723 Abraham
1010 3679 1046 3724 se
1097 3657 1149 3721 uu
1171 3657 1197 3720 si
1219 3657 1291 3722 viro
1313 3675 1450 3735 careres,
1477 3655 1617 3721 obnoxie
1645 3675 1733 3722 esses
1761 3656 1874 3724 multis
1897 3658 2067 3742 pauculis:

81 3745 172 3809 nnius
201 3745 269 3809 Dei
295 3742 430 3809 arbitrio
457 3751 490 3807 et
516 3742 720 3825 providentia
751 3742 968 3892 peregrinari,
1003 3742 1044 3808 ad
1097 3760 1185 3806 nune
1205 3762 1305 3825 quum
1328 3739 1386 3806 tibi
1409 3740 1584 3824 pudicitiae
1606 3741 1772 3807 custodem
1791 3740 1884 3808 Dens
1906 3743 2070 3826 praefece-

80 3828 1045 3982 ttl⁰tt²tlt.t?ttl⁰t⁰’sttttttlltttlz'
1096 3826 2069 4000 ttetttttttttttttl0llt.,.tt‘lt‘t.tt

79 3999 137 4066 huc
169 4002 296 4080 tendit,
331 4006 368 4064 ut
398 4000 480 4066 sciet
503 3999 691 4066 Abimeleoh
715 3999 882 4066 Abrabam
902 4021 1045 4084 quuma
1098 3997 1182 4064 Sara
1199 4019 1234 4063 ss
1252 3997 1287 4063 in
1309 3999 1418 4064 mariti
1441 4009 1600 4082 potestate
1622 4017 1693 4063 esse
1715 3997 1933 4080 dissimulans,
1952 3967 2067 4070 diviso

78 4087 239 4153 malitiose
261 4084 383 4151 astutia
404 4092 565 4150 remotum
587 4085 695 4163 luisse,
718 4094 788 4150 tum
810 4085 969 4152 mendacii
992 4107 1045 4151 ex·
1095 4082 1258 4167 praesidio
1289 4104 1325 4149 se
1355 4082 1517 4149 nudasset.
1566 4082 1670 4165 Atque
1701 4084 1748 4150 ito
1778 4085 1964 4168 reprehensa
1993 4088 2067 4170 fuit.

77 4181 215 4254 purtem:
247 4169 366 4236 deinde
388 4170 463 4253 quia
491 4171 660 4237 erraticam
684 4179 716 4236 et
741 4171 918 4255 inquietam
941 4172 1044 4238 vitem
1098 4170 1172 4236 Hoc
1201 4189 1328 4252 quoque
1356 4167 1537 4234 membrum
1562 4176 1713 4251 torquent
1734 4171 1938 4253 interpretes.
1983 4171 2067 4239 Mihi

78 4254 229 4342 degebat,
255 4255 374 4324 Seram
397 4277 439 4320 ox
459 4257 635 4340 composito
664 4276 794 4340 semper
813 4256 901 4321 idem
923 4255 1044 4323 dixisse
1097 4255 1178 4321 haec
1212 4257 1323 4319 sabra
1354 4253 1512 4337 expositio
1545 4252 1677 4320 videtur
1709 4274 1796 4332 esse,
1834 4255 1920 4339 quod
1953 4277 2066 4340 pessus

76 4343 156 4425 qnod
179 4345 215 4408 in
245 4353 336 4410 terra
358 4341 473 4408 Gerar.
517 4343 599 4407 Tam
629 4343 748 4407 misere
773 4343 878 4407 saneti
900 4343 964 4406 viri
986 4365 1044 4408 an·
1097 4341 1196 4406 fuerit
1217 4340 1378 4407 Dominus
1400 4340 1516 4406 Sarum
1540 4360 1560 4402 a
1581 4339 1717 4422 profano
1740 4361 1817 4423 rege
1839 4343 1980 4425 coargui,
2004 4364 2066 4426 quo

76 4430 178 4494 rietes
196 4426 393 4495 Abimeleoh
416 4427 457 4492 ad
479 4425 734 4494 misericordiam
757 4429 887 4493 flectere
908 4436 1043 4512 poterat,
1097 4426 1219 4491 maiore
1247 4425 1443 4492 verecundia
1472 4445 1544 4490 eam
1578 4425 1729 4490 afficeret.
1774 4426 1955 4508 Loquentis
1977 4429 2063 4493 enim

76 4523 110 4578 nt
130 4515 228 4581 irasci
252 4513 424 4579 desineret.
1096 4531 1269 4596 personam
1291 4513 1434 4576 maxime
1463 4509 1602 4575 attendit
1625 4511 1749 4574 hloses:
1778 4513 1854 4593 quie
1879 4511 2063 4594 pudendum

159 4601 210 4666 14.
244 4599 290 4664 Et
316 4599 396 4681 cepit
420 4596 596 4664 Atimetest
620 4598 761 4680 praedes
807 4600 894 4663 Ante
922 4599 956 4663 in
980 4602 1045 4664 Ae·
1097 4598 1159 4663 fnit
1185 4607 1325 4661 matrem
1353 4595 1499 4662 fidelium
1527 4615 1547 4660 a
1579 4595 1637 4660 tali
1668 4595 1826 4680 magistro
1860 4618 1895 4660 re
1919 4597 2063 4664 rehendi.

74 4697 172 4770 gypto
195 4705 327 4770 qnoque
349 4684 474 4768 peculio
497 4695 529 4748 et
558 4684 750 4750 muneribus
779 4682 917 4750 donatus
939 4685 1045 4750 iuerat
1098 4683 1165 4748 Alii
1188 4692 1306 4766 putare
1327 4682 1433 4749 soteri
1457 4682 1635 4832 protectum
1659 4681 1796 4760 abices,
1819 4617 1916 4764 quod
1927 4683 1986 4748 teli
2009 4684 2065 4750 do-

74 4771 261 4837 Abreham:
292 4768 350 4836 sed
376 4770 437 4835 hoc
459 4768 640 4847 diversum,
670 4768 755 4853 quod
777 4768 907 4835 Pharao
937 4769 1045 4854 ipsum
1097 4777 1248 4836 cemento
1270 4768 1405 4846 erudite,
1431 4769 1458 4832 si
1482 4768 1493 4832 i
1514 4767 1609 4832 aliter
1637 4765 1772 4849 posthac
1801 4767 1963 4852 agendum
1993 4790 2065 4837 esse

74 4857 134 4922 alio
155 4855 327 4924 discedere
356 4857 509 4932 iusserat,
536 4855 725 4921 Abimeleoh
747 4874 824 4921 vero
846 4852 1045 4922 domicilium
1097 4854 1254 4920 didicerit.
1301 4853 1367 4920 Sed
1395 4852 1502 4937 potius
1530 4867 1642 4917 notare
1672 4851 1803 4917 videtur
1822 4853 1931 4919 Moses
1966 4875 2063 4938 quam

74 4943 105 5006 in
135 4964 242 5028 regno
275 4962 334 5007 suo
366 4940 470 5006 offert.
520 4940 704 5024 Utrumque
736 4960 815 5026 ergo
847 4962 956 5025 regem
979 4962 1044 5007 non
1097 4939 1165 5004 dixi
1193 4939 1401 5005 correctionis
1434 4938 1590 5022 speciem,
1621 4937 1706 5020 quod
1739 4937 1860 5003 scilicet
1892 4939 2066 5007 humiliata

74 5027 201 5112 vulgari
224 5036 317 5093 metu
338 5025 522 5110 perculsum
544 5027 645 5093 fuisse
667 5038 802 5093 constat.
838 5027 922 5092 Nem
944 5048 1043 5110 quum
1096 5025 1195 5090 fuerit
1215 5024 1315 5100 Sara,
1344 5045 1445 5108 quum
1467 5025 1502 5089 in
1530 5022 1733 5105 disciplinam
1762 5023 1891 5106 profani
1922 5024 2064 5092 hominis

73 5115 236 5181 sentirent
259 5134 295 5178 se
317 5133 337 5178 a
358 5113 501 5178 Domino
522 5121 701 5196 correptos,
727 5115 804 5196 quia
826 5113 952 5177 molesti
973 5114 1044 5177 fue·
1095 5110 1215 5176 tradita
1233 5110 1305 5176 fuit.

73 5211 145 5264 rent
168 5198 343 5272 Abrahae,
373 5197 498 5263 nullam
525 5198 700 5263 inveniunt
728 5199 797 5264 eins
821 5197 968 5282 placendi
991 5220 1044 5263 ra·
1183 5196 1232 5260 17.
1255 5195 1300 5261 Et
1326 5195 1429 5262 orauit
1448 5193 1621 5260 Abrohom.
1667 5193 1813 5276 Utraque
1834 5194 1867 5258 in
1888 5203 1980 5278 parts
2002 5199 2063 5262 mi-

73 5285 211 5366 tionem,
245 5283 309 5349 nisi
331 5282 497 5350 benefieiis
518 5282 641 5349 illatam
664 5293 776 5350 sancto
799 5285 869 5349 viro
889 5283 1043 5350 iniuriam
1095 5282 1205 5347 ridens
1234 5281 1363 5348 refulsit
1387 5280 1448 5345 Dei
1477 5280 1568 5344 levor
1591 5300 1669 5362 erga
1691 5277 1873 5343 Abraham:
1904 5280 1989 5363 quod
2012 5303 2066 5349 ar·

73 5377 296 5455 compensent.
341 5369 506 5436 Posterior
537 5379 646 5434 eutem
678 5369 733 5434 illa
765 5369 937 5436 diversitas
967 5369 1044 5436 hino
1068 5393 1072 5408 ’
1095 5377 1183 5432 mata
1201 5387 1300 5433 mena
1318 5367 1420 5450 ipsius
1436 5366 1590 5431 iniuriam
1612 5363 1703 5430 ultus
1720 5375 1783 5430 est:
1807 5371 1842 5428 et
1859 5363 1977 5431 deinde
1994 5367 2067 5453 ipso

1802 5464 1853 5520 19·
