5000 6208
114 413 173 480 229
477 472 481 478 .
772 409 1143 480 COMMENTARIUS
1165 411 1214 478 IN
1237 411 1452 482 GENESIN.
2045 410 2112 479 230

199 601 250 666 11.
285 599 329 664 Et
354 600 468 680 paries
490 598 603 679 filiam.
653 597 800 681 Exponit
829 599 968 682 augelus
999 597 1085 681 quod
1136 597 1238 662 tiliter
1265 607 1458 683 oppugnent
1478 619 1590 666 omnes
1611 598 1724 680 ricini,
1750 604 1784 663 ot
1804 596 1949 682 undique
1970 597 2010 664 ad
2033 619 2108 666 eum

114 687 257 754 breviter
290 685 329 751 de
362 689 485 751 semine
517 685 661 762 dixerat,
695 682 779 765 quod
810 685 975 750 numerari
1008 705 1086 768 prae
1136 681 1340 768 perdendum
1372 685 1574 768 conspirent,
1614 705 1699 751 unus
1731 691 1843 750 tamen
1875 683 1956 750 satis
1988 705 2110 784 magne

113 771 326 838 multitudiue
359 790 427 836 non
458 782 584 854 posset,
621 790 658 836 au
690 769 819 834 initium
853 770 929 836 iacit
961 769 1002 835 ab
1035 769 1085 835 Is·
1137 769 1259 834 virtute
1291 769 1332 834 ad
1364 769 1567 854 repellendos
1599 771 1746 836 omnium
1773 767 1916 853 impetus
1941 769 2109 853 praeditus

113 859 231 936 maele,
262 859 316 940 qui
344 864 443 940 capnt
471 866 505 922 et
533 856 624 940 origo
654 855 784 921 iuturus
817 864 896 920 erat.
940 854 1086 921 Tametsi
1137 855 1207 920 orit.
1252 854 1425 922 Caeterum
1455 856 1605 922 existimo
1633 875 1675 920 an
1700 855 1786 920 elnm
1815 855 1949 920 minime
1977 855 2109 939 plenam

113 953 223 1010 autem
254 951 368 1026 postea
400 939 583 1008 videbimus
615 941 716 1008 luisse
749 939 941 1024 reprobum:
976 949 1086 1005 tamen
1137 940 1286 1025 gratiam,
1308 939 1365 1006 sed
1383 941 1527 1007 modium
1545 940 1668 1024 aliquid
1720 939 1816 1006 maeli
1833 943 2031 1024 promittere.
2066 941 2110 1006 In

113 1031 291 1096 honorifico
330 1028 462 1094 nomine
500 1029 607 1111 ipsum
648 1025 803 1111 dignatur
833 1035 871 1090 nt
910 1025 1087 1110 temporale
1136 1026 1252 1110 primis
1273 1026 1452 1110 optandum
1474 1034 1579 1092 estut
1600 1047 1712 1112 pacem
1742 1025 1920 1092 habeamus
1941 1046 2017 1102 cnm
2039 1048 2110 1092 om-

113 1116 306 1182 beuoflcium
328 1121 422 1180 ornet
450 1112 542 1178 cuius
570 1114 732 1196 particeps
760 1112 821 1177 fuit
842 1111 979 1188 Ismael,
1010 1112 1087 1195 quia
1137 1111 1242 1177 nibus.
1289 1111 1376 1193 Quia
1398 1113 1460 1178 hou
1481 1112 1614 1178 Ismaeli
1637 1130 1790 1197 negetur,
1821 1111 1907 1195 quod
1929 1113 2110 1178 secundum

113 1202 294 1267 filiuserat
317 1199 434 1266 Abrae.
475 1198 531 1264 Sic
553 1200 641 1264 enim
663 1199 869 1282 interpretor,
891 1197 977 1280 quod
996 1198 1087 1262 Dens
1138 1205 1187 1264 est
1209 1197 1339 1275 ordine,
1370 1197 1417 1261 illi
1440 1197 1551 1277 datur,
1580 1220 1622 1262 ne
1648 1197 1797 1264 hostibus
1818 1197 2023 1278 recumbet,
2052 1197 2111 1266 sed

113 1295 363 1353 monumentum
387 1291 516 1350 exstare
539 1282 580 1348 ad
602 1292 749 1368 posteros
772 1283 914 1348 voluerit
931 1292 1088 1367 pateruae
1137 1280 1232 1349 fortis
1254 1285 1305 1362 sit,
1328 1296 1361 1348 et
1382 1283 1534 1349 robustus
1556 1282 1597 1348 ad
1619 1285 1687 1348 vim
1710 1303 1822 1348 eorum
1845 1283 2109 1368 propulsandam.

113 1371 360 1439 benevolentiae
392 1391 455 1452 que
476 1370 665 1454 complexus
694 1379 744 1434 est
769 1377 869 1435 totam
892 1371 1003 1436 Abrae
1031 1367 1086 1432 do·
1137 1368 1213 1434 Non
1245 1369 1388 1453 loquitur
1421 1379 1530 1436 autom
1564 1367 1603 1435 de
1631 1369 1774 1434 hominis
1787 1389 1950 1452 persona,
1983 1370 2040 1436 sed
2070 1369 2110 1436 de

114 1479 215 1524 mum.
261 1453 425 1538 Quamvis
454 1456 542 1520 enirn
567 1453 608 1520 ed
629 1455 802 1520 Ismaelem
832 1475 897 1520 non
927 1462 1089 1538 spectaret
1139 1464 1209 1519 tota
1231 1455 1399 1539 progenie:
1424 1476 1528 1536 neque
1550 1455 1637 1520 enim
1659 1454 1744 1538 quod
1767 1455 1927 1538 sequitur,
1949 1456 1985 1520 in
2008 1477 2111 1522 unum

114 1545 200 1609 vitae
233 1552 385 1610 aeternae
417 1540 547 1607 foedus:
587 1563 629 1606 ne
662 1549 772 1606 minen
806 1561 939 1622 prorsus
972 1560 1089 1623 expers
1138 1540 1303 1605 hominem
1326 1547 1400 1624 apte
1422 1539 1606 1623 quadraret.
1642 1539 1678 1606 si
1697 1541 1777 1606 haec
1799 1541 1957 1626 expositio
1974 1542 2112 1626 plueret,

114 1631 240 1714 gratiae
262 1628 360 1705 foret,
383 1637 510 1712 patrem
532 1627 644 1711 magni
667 1634 701 1691 et
721 1625 839 1691 famosi
861 1626 973 1710 populi
995 1627 1089 1691 Deus
1138 1647 1204 1691 non
1227 1625 1368 1709 simplex
1397 1648 1457 1693 neo
1486 1647 1576 1692 mera
1604 1625 1786 1692 benedictio
1808 1626 1863 1691 hio
1892 1628 2112 1710 promittitur:

116 1719 222 1798 ipsum
250 1714 425 1780 constituit.
470 1715 579 1797 Atque
600 1713 648 1778 ita
669 1711 879 1777 videmusne
906 1711 1088 1794 praesentis
1137 1710 1195 1776 sed
1212 1709 1390 1777 tolerabilis
1407 1711 1576 1778 statusvel
1595 1712 1776 1788 medimnis,
1796 1721 1835 1777 ut
1854 1713 1974 1778 sentiat
1989 1712 2110 1779 Ismad

114 1803 203 1867 ritae
224 1800 347 1866 int-nitu
369 1821 405 1864 se
433 1797 617 1864 extenderit
638 1797 709 1863 eius
738 1798 866 1864 bonitas
888 1796 928 1862 ad
958 1797 1089 1862 carnale
1137 1818 1212 1863 oum
1235 1798 1374 1880 posteris
1396 1797 1459 1863 sibi
1480 1798 1515 1862 in
1537 1797 1677 1884 gratiam
1700 1797 1803 1881 patris
1823 1797 1931 1863 Abrae
1953 1798 2112 1866 divinitus

114 1886 224 1953 Abrae
253 1905 374 1951 semen.
424 1882 522 1964 Quod
557 1886 585 1949 si
613 1903 732 1948 nomeu
766 1881 886 1950 Ismael
917 1892 1088 1948 aeternum
1139 1882 1263 1965 aliquid
1290 1882 1433 1948 concedi.
1484 1882 1600 1967 Itaque
1628 1883 1764 1948 minime
1792 1883 1827 1948 in
1858 1883 1924 1948 Dei
1951 1883 2118 1953 benefidis

115 1972 306 2056 temporalis
346 1971 396 2036 sui
444 1968 594 2035 beneficii
633 1968 821 2034 memoriale
862 1989 933 2034 esso
972 1967 1088 2047 voluit,
1139 1968 1359 2052 reputandum
1382 1977 1440 2047 est,
1463 1989 1576 2035 omnes
1598 1967 1720 2036 habere
1737 1967 1883 2048 infestos,
1906 1979 1939 2035 et
1956 1970 2117 2038 violenter

114 2060 249 2124 minime
270 2055 406 2123 ferenda
427 2055 489 2120 orit
506 2063 620 2121 nostra
646 2052 862 2140 ingratitudo:
885 2055 948 2120 nisi
969 2054 1089 2120 coeles-
1140 2053 1292 2121 omuibus
1318 2055 1483 2121 resistere:
1518 2053 1574 2121 sed
1600 2055 1662 2121 hou
1689 2060 1843 2138 tanquam
1872 2055 2053 2122 remedium
2081 2065 2117 2123 ct

114 2157 162 2210 tes
189 2144 259 2210 eius
285 2151 499 2226 aeternasque
521 2143 644 2226 gratias
672 2161 776 2223 usque
793 2140 834 2206 ad
851 2147 992 2205 mortem
1010 2139 1090 2205 cele·
1140 2141 1292 2206 levamen
1314 2139 1393 2206 mali
1422 2139 1569 2218 additur,
1600 2139 1798 2206 sustinendis
1828 2140 1973 2208 hostibus
2000 2163 2114 2226 parem

113 2229 255 2296 bromus.
1141 2225 1216 2306 soro,
1240 2226 1295 2308 qui
1319 2226 1439 2291 multos
1462 2224 1595 2290 habebit
1615 2226 1827 2291 adversarios.

199 2313 335 2380 Audierit
357 2311 472 2378 Iebooo
494 2311 692 2393 afflictionem
713 2315 809 2376 tuom.
853 2311 929 2376 Non
950 2311 1090 2396 legimus
1226 2310 1390 2378 Habitobit
1406 2331 1422 2376 o
1438 2312 1559 2395 repione
1578 2311 1725 2394 fratrum.
1766 2310 1876 2392 Quum
1899 2309 1959 2378 hoo
1981 2313 2114 2380 nonnisi

112 2405 206 2486 Agar
227 2401 262 2466 in
284 2399 353 2466 suis
375 2398 535 2481 angustiis
563 2397 748 2482 confugisse
770 2396 812 2462 ed
833 2417 962 2480 preces:
992 2405 1090 2480 atque
1140 2397 1176 2463 iu
1199 2399 1355 2481 populum
1377 2399 1507 2482 proprie
1528 2405 1699 2480 competat,
1720 2395 1797 2462 indo
1818 2397 1935 2463 molins
1957 2400 2113 2482 perspici·

112 2487 174 2554 hou
202 2485 362 2553 coniicere
391 2485 498 2567 potius
523 2482 601 2548 lieet
629 2503 671 2548 ex
700 2482 808 2548 verbis
837 2482 954 2560 Mosis,
988 2502 1090 2566 quum
1141 2505 1214 2549 mus
1236 2503 1290 2550 eos
1308 2482 1377 2549 falli
1395 2484 1451 2566 qui
1474 2483 1580 2548 locum
1599 2483 1800 2566 restringunt
1817 2479 1857 2546 ad
1875 2481 2024 2550 Ismaelis
2043 2505 2114 2568 per-

111 2571 356 2656 obstupesceret
376 2569 413 2634 in
434 2569 501 2636 suis
523 2570 677 2649 miseriis,
700 2579 815 2652 sponte
837 2568 968 2634 venisse
989 2588 1089 2650 auge·
1141 2590 1264 2634 sonam.
1320 2569 1423 2635 Porro
1463 2569 1518 2634 alii
1557 2567 1747 2652 intelligunt
1787 2569 1925 2652 posteris
1963 2568 2113 2638 Ismaelis

110 2657 192 2723 lum.
243 2654 433 2724 Notandum
464 2654 567 2739 igitur
599 2664 648 2720 eet
675 2652 802 2720 duobus
834 2651 939 2719 modis
971 2654 1088 2734 respici
1141 2655 1243 2720 fixam
1266 2654 1499 2720 habitationem
1519 2655 1589 2720 foro
1610 2675 1718 2722 coram
1741 2654 1855 2719 invitis
1876 2653 2049 2722 fratribus:
2075 2678 2113 2726 ao

110 2743 264 2808 homines
292 2763 312 2807 a
337 2739 410 2808 Deo
437 2746 475 2806 ut
500 2741 674 2806 iurentur:
708 2740 759 2805 vel
793 2759 893 2823 quum
925 2738 1089 2823 snpplioes
1141 2739 1169 2805 si
1192 2739 1329 2806 diceret:
1349 2740 1512 2808 violenter
1533 2750 1746 2824 occupaturos
1768 2749 1887 2804 torrem
1907 2761 2002 2824 quam
2021 2743 2114 2809 inha-

109 2831 184 2896 oius
205 2828 303 2896 fidem
326 2836 360 2893 et
381 2825 542 2892 auxilinm
562 2825 754 2910 implorant.
776 2826 829 2890 vol
852 2846 953 2908 quum
976 2846 1087 2890 eorum
1141 2825 1262 2905 bitent,
1285 2826 1362 2892 licet
1383 2824 1511 2893 obstare
1533 2835 1694 2892 donentur
1722 2825 1850 2894 fratres.
1895 2826 1963 2891 Alii
1984 2837 2112 2893 contra·

108 2914 210 2981 malis
242 2914 418 2992 succurrit,
458 2911 557 2981 etiam
589 2933 656 2977 non
689 2921 831 2996 rogatus.
876 2913 926 2977 Ao
958 2911 1088 2995 proprie
1140 2911 1226 2977 riam
1248 2912 1445 2977 seutentiam
1468 2912 1619 2989 afferunt,
1642 2909 1816 2977 Ismaelitis
1838 2912 1872 2975 in
1894 2933 2016 2997 magna
2037 2913 2112 2980 hos·

106 2999 245 3084 quidem
267 3020 322 3067 eos
350 2995 505 3066 exaudire
534 2997 669 3075 dicitur,
700 2999 755 3080 qui
777 3017 852 3064 eum
881 2997 1087 3062 liberatorem
1140 2998 1224 3063 tium
1259 2999 1352 3082 copia
1380 3019 1445 3064 non
1475 2996 1586 3064 defore
1612 3005 1725 3067 tamen
1758 2997 1878 3064 amicos
1916 3005 1950 3062 et
1984 2999 2112 3066 tratres.

107 3085 265 3170 precibus
304 3084 467 3151 invocant.
521 3083 693 3149 Interdum
729 3089 838 3148 umen
871 3102 971 3166 quum
1004 3082 1088 3148 muti
1139 3083 1212 3167 Ego
1235 3104 1312 3148 vero
1339 3092 1492 3149 neutram
1518 3083 1715 3149 sententiam
1741 3081 1858 3166 probo:
1888 3082 1996 3166 potius
2024 3085 2113 3151 enim

104 3173 222 3239 iacent
244 3171 410 3248 homines,
432 3191 493 3236 nec
514 3179 593 3235 vota
614 3189 673 3234 sua
694 3189 774 3252 prae
795 3177 928 3252 stupore
949 3168 990 3233 ad
1012 3188 1088 3234 oum
1139 3170 1305 3254 significat
1326 3169 1472 3254 angelus,
1493 3169 1649 3253 populum
1672 3168 1760 3232 huno
1781 3189 1801 3233 a
1822 3168 1959 3252 reliquis
1981 3190 2113 3254 sepera-

105 3257 270 3342 dirigunt,
288 3254 445 3323 exaudire
463 3253 582 3322 dicitur
599 3274 712 3320 eorum
731 3254 886 3320 miserias.
922 3253 996 3320 Hoc
1014 3275 1087 3338 pos·
1139 3263 1208 3321 tum
1228 3255 1309 3321 fore:
1330 3275 1368 3322 ao
1384 3255 1412 3321 si
1430 3253 1567 3320 diceret:
1586 3254 1660 3320 Non
1681 3255 1746 3319 erit
1765 3274 1841 3337 pars
1859 3253 1910 3318 rol
1929 3255 2113 3322 membrum

104 3344 214 3410 terius
236 3343 271 3408 in
293 3346 386 3427 Agar
406 3341 507 3406 fuisse
529 3341 700 3423 impletum
729 3338 895 3423 probabile
917 3349 981 3405 est:
1013 3341 1088 3423 qnia
1139 3341 1237 3406 unius
1266 3339 1391 3425 gentis,
1423 3339 1481 3406 sed
1509 3348 1613 3406 totum
1642 3360 1761 3422 corpus
1790 3339 1907 3404 officiet
1927 3349 1966 3405 ut
1994 3342 2115 3408 habeat

101 3450 169 3514 per
192 3427 370 3494 desertum¹
388 3427 512 3492 erranti
534 3427 626 3492 Deus
648 3434 764 3509 sponte
785 3425 934 3492 occurrit.
975 3423 1087 3490 (laete-
1140 3426 1329 3492 distinctum
1352 3434 1386 3492 et
1406 3425 1545 3509 speciale
1567 3446 1696 3491 nomen.

101 3535 186 3580 rum
213 3513 292 3598 quia
313 3514 404 3578 Deus
430 3523 469 3576 ut
498 3511 676 3596 plurimum
702 3510 823 3576 auxilio
853 3532 912 3576 suo
940 3509 1088 3575 destituit
1226 3511 1275 3577 13.
1309 3511 1435 3578 Vocooit
1462 3531 1572 3578 omnen
1601 3510 1740 3577 Ichoooe.
1784 3509 1860 3576 Non
1890 3508 2002 3576 dubito
2031 3512 2114 3595 quin

98 3599 306 3680 incredulos,
325 3597 429 3664 donec
445 3599 545 3662 lentis
565 3597 661 3663 malis
678 3597 816 3663 confecti
834 3595 1012 3675 tabescant,
1035 3595 1088 3661 rel
1139 3597 1301 3684 significet
1322 3598 1448 3676 Moses,
1471 3599 1578 3680 Agar,
1607 3605 1778 3680 postquam
1800 3594 1967 3662 admonita
1987 3596 2051 3662 fuit
2072 3599 2112 3664 ab

99 3707 161 3751 eos
182 3685 296 3752 statim
314 3683 477 3750 absorberi
496 3684 633 3767 patitur:
654 3704 749 3748 nomo
767 3690 916 3748 nostrum
933 3681 1088 3766 ἱςιιιιίιι
1138 3683 1271 3768 angelo,
1300 3691 1446 3761 mutasse
1475 3683 1637 3748 animum:
1674 3690 1771 3764 atque
1798 3683 1845 3748 ita
1873 3681 2040 3749 subactam
2077 3705 2114 3750 se

98 3793 187 3838 suae
210 3770 396 3854 indulgeat,
422 3768 479 3834 sed
502 3769 662 3834 malorum
685 3790 783 3834 seusu
806 3768 964 3832 admoniti
987 3766 1086 3850 proti·
1138 3769 1276 3836 vertisse
1294 3768 1336 3834 ad
1354 3790 1482 3853 preces:
1504 3769 1569 3834 nisi
1586 3769 1669 3834 sorte
1687 3768 1741 3834 hio
1761 3766 1893 3852 liuguae
1910 3768 2019 3854 potins
2036 3791 2113 3836 con·

97 3879 170 3924 nus
195 3858 304 3940 ipsum
327 3876 529 3939 quaeramus.
569 3853 708 3919 Interim
732 3863 842 3919 tamen
864 3853 926 3918 hoc
948 3852 989 3918 ed
1010 3851 1086 3918 fidei
1137 3854 1234 3920 lessio
1256 3875 1355 3939 qnam
1377 3855 1513 3920 mutatio
1532 3854 1633 3918 enimi
1651 3862 1793 3918 notatur.
1829 3854 1902 3938 Ego
1920 3863 2030 3920 tamen
2049 3855 2114 3923 huo

97 3943 392 4009 confirmationem
424 3961 490 4004 non
521 3962 637 4024 parum
670 3940 773 4018 valet,
813 3959 925 4022 preces
958 3948 1085 4005 nostras
1137 3941 1242 4022 magis
1262 3941 1394 4019 inclino,
1417 3939 1503 4024 quod
1525 3943 1626 4024 Agar,
1671 3940 1738 4004 rius
1760 3939 1828 4004 fero
1850 3949 1884 4004 et
1904 3938 2038 4006 indocili
2058 3943 2110 4008 in·

93 4030 247 4094 minime
268 4035 415 4110 spretum
438 4028 477 4091 iri
499 4046 520 4091 a
541 4024 694 4100 Domino,
717 4026 772 4109 qui
794 4022 944 4090 socordes
962 4034 995 4090 et
1017 4036 1084 4090 stn-
1136 4027 1232 4177 fieriu
1267 4023 1428 4110 praedita,
1457 4023 1522 4090 Dei
1553 3961 1791 4107 proviientiam
1821 4044 1910 4090 nunc
1935 4046 2109 4109 agnoscere

93 4115 201 4198 pidos
226 4113 350 4180 auxilio
372 4133 430 4178 sno
453 4113 638 4196 praevenit:
662 4110 767 4194 etqui
790 4109 880 4176 adest
903 4131 967 4174 non
991 4131 1085 4193 quae-
1159 4133 1267 4178 emum
1289 4112 1432 4194 incipiat.
1476 4111 1650 4176 Caeterum
1672 4108 1756 4193 quod
1779 4111 1910 4194 quidam
1928 4111 2037 4176 Deum
2061 4112 2109 4178 vi·

92 4200 259 4266 rentibus
282 4219 359 4264 enm
382 4197 485 4264 multo
507 4198 611 4280 magis
633 4196 696 4280 piis
722 4216 855 4262 suorum
875 4196 958 4260 votis
976 4197 1084 4279 propi·
1136 4198 1238 4264 sionis
1259 4199 1369 4263 vocari
1391 4205 1517 4281 putant,
1539 4197 1593 4280 qui
1616 4206 1752 4279 apparet
1769 4217 1806 4262 ac
1824 4217 1859 4260 se
1881 4197 2033 4278 patefacit
2050 4197 2108 4263 ho·

92 4287 190 4352 tium
214 4285 293 4351 fore.
1136 4282 1289 4370 minibus,
1307 4292 1455 4350 coactum
1473 4293 1532 4348 est.
1566 4282 1682 4346 Potius
1700 4287 1800 4366 Agar,
1818 4301 1919 4364 quum
1938 4284 2029 4365 prius
2046 4284 2108 4349 sibi

194 4371 248 4436 12.
272 4371 348 4453 Ipse
364 4370 424 4435 erit
442 4368 541 4450 seruo
585 4365 741 4433 Declarat
762 4365 897 4450 angelus
920 4366 1025 4449 qualis
1043 4369 1086 4434 sit
1136 4369 1208 4436 visa
1230 4377 1315 4435 osset
1337 4369 1468 4435 fortuito
1490 4368 1612 4451 raptari
1630 4388 1688 4451 per
1706 4367 1881 4445 desertum,
1904 4388 1993 4434 nuno
2009 4371 2108 4433 sentit

89 4460 240 4524 futurus
261 4455 391 4522 Ismael.
437 4454 717 4536 &implorantem
747 4450 832 4538 (meo
855 4451 988 4539 iudicio)
1010 4476 1083 4519 sen·
1135 4475 1171 4520 eo
1193 4454 1315 4520 fatetur
1336 4454 1495 4520 divinitus
1516 4453 1690 4538 gubernari
1714 4473 1766 4517 res
1791 4452 1961 4518 humanas.
2006 4451 2106 4538 Quis-

87 4565 153 4612 sus
181 4552 253 4620 est,
282 4541 352 4606 fore
375 4541 539 4606 hominem
567 4537 769 4614 bellicosum,
798 4549 830 4602 et
851 4537 998 4604 hostibus
1019 4538 1084 4605 for·
1135 4543 1208 4624 quia
1229 4549 1339 4606 antem
1361 4561 1396 4605 se
1418 4539 1533 4623 respici
1554 4561 1575 4605 a
1596 4539 1667 4603 Deo
1689 4558 1864 4621 persuasus
1884 4548 1948 4614 ost,
1974 4559 2106 4606 necesso

88 4629 313 4704 midabilem,
336 4635 372 4691 ut
393 4646 468 4691 eum
491 4644 587 4689 nomo
614 4627 748 4708 impune
770 4623 915 4690 lacessat.
962 4623 1083 4690 Vocem
1134 4637 1185 4693 est
1206 4636 1244 4692 ut
1266 4625 1411 4692 ambulet
1432 4624 1525 4709 quasi
1546 4623 1608 4691 sub
1629 4625 1700 4688 eius
1719 4623 1857 4696 oculis.⁴

86 4729 166 4786 tt‘tv
202 4711 339 4798 quidam
367 4710 561 4798 sylvestrem
584 4719 769 4793 exponunt,
799 4717 834 4774 et
855 4708 1014 4775 venandis
1035 4710 1082 4775 fe·
1222 4711 1331 4776 Nonne
1348 4713 1442 4776 etium
1458 4709 1507 4774 bio
1524 4709 1592 4775 eidi
1606 4715 1679 4792 poti
1696 4710 1847 4775 videnum
1864 4708 1938 4774 ote?
1961 4706 2103 4790 Quidam
2146 4777 2149 4783 ,

84 4805 137 4868 ris
171 4798 358 4866 addictum.
403 4797 504 4880 Atqui
533 4817 599 4861 non
629 4794 760 4860 aliunde
789 4795 928 4878 petenda
953 4793 1083 4860 videtur
1135 4806 1281 4876 vertunt,
1313 4799 1433 4862 Annon
1455 4795 1523 4860 ridi
1544 4807 1618 4878 post
1641 4795 1799 4860 visionem
1826 4794 1954 4859 meam?
1977 4793 2104 4862 Verum

85 4886 268 4972 expositio
290 4903 389 4967 quam
412 4904 453 4947 ex
473 4891 644 4949 contextu:
662 4881 808 4964 sequitur
825 4883 912 4944 enim
930 4881 1081 4947 continuo
1133 4885 1179 4951 sio
1200 4883 1321 4968 legitur
1342 4893 1381 4947 nt
1402 4880 1537 4946 reddidi.
1581 4880 1685 4946 Porro
1713 4879 1895 4945 sententiae
1923 4878 2104 4947 obscuritas

83 4985 186 5058 post:
227 4969 348 5036 Macae
375 4969 443 5034 eine
470 4973 578 5033 contro
605 4987 726 5046 omnes,
754 4972 917 5031 doacus
943 4969 1081 5032 omnium
1132 4969 1224 5035 uobis
1245 4968 1352 5032 varias
1373 4967 1593 5051 expositiones
1615 4968 1749 5050 peperit.
1793 4964 1953 5031 Nonnulli
1973 4988 2015 5030 ex
2036 4965 2104 5031 He·

81 5065 209 5128 contra
234 5076 313 5121 com.
359 5051 538 5135 Quaeritur
559 5063 669 5118 tamen
691 5074 734 5117 au
761 5053 887 5118 censeri
909 5051 995 5116 inter
1018 5052 1082 5117 Dei
1131 5053 1236 5120 brasis
1255 5053 1368 5120 dicunt
1384 5055 1536 5118 miratam
1553 5051 1654 5117 tuisse
1672 5053 1764 5135 Agar
1783 5051 1856 5116 viso
1872 5049 2004 5135 angelo:
2028 5053 2103 5134 quia

80 5143 265 5214 beneficia
283 5139 344 5206 hoo
362 5137 486 5216 debeat,
504 5158 602 5203 manu
620 5149 747 5204 armata
765 5139 851 5202 vitae
867 5157 946 5202 snae
959 5147 1080 5203 statum
1131 5160 1290 5224 nusquam
1300 5137 1411 5204 Deum
1428 5137 1571 5220 conspici
1589 5136 1724 5220 putabat
1741 5136 1806 5202 nisi
1822 5137 1857 5201 in
1876 5135 1970 5201 domo
1983 5135 2102 5203 Abrae.

82 5233 203 5298 tueri:
250 5247 351 5310 quum
391 5246 469 5308 pace
509 5223 592 5290 nihil
625 5224 731 5308 magis
769 5223 813 5289 sit
848 5224 1078 5307 expetendum.
1131 5223 1197 5292 Sed
1221 5225 1282 5291 hoc
1303 5224 1459 5308 trigidum
1482 5230 1547 5288 est:
1569 5231 1603 5287 et
1623 5221 1763 5288 Iudaeos
1781 5223 1828 5287 ita
1849 5242 1945 5306 saepe
1961 5222 2103 5305 ineptire

80 5318 218 5388 Nodus
244 5314 290 5378 ite
311 5309 397 5379 solvi
418 5318 532 5394 potest,
554 5309 639 5393 quod
662 5309 790 5387 Ismael,
813 5308 889 5376 licet
910 5329 985 5373 eum
1005 5310 1080 5375 hos-
1131 5311 1221 5395 eogit
1237 5331 1297 5376 sua
1314 5309 1458 5391 ambitio,
1471 5308 1549 5374 dnm
1566 5308 1602 5373 in
1619 5307 1769 5374 iactanda
1784 5307 1891 5393 gloria
1907 5308 2035 5394 generis
2052 5311 2105 5375 sui

1843 5409 1892 5466 15·
1945 5404 1954 5428 '
