4988 6192
120 447 176 510 561
772 443 1143 512 COMMENTARIUS
1165 445 1216 512 IN
1239 443 1453 512 assuant.
2045 445 2111 513 562

118 634 214 718 plicas
232 633 389 700 circuitus
410 653 474 698 non
498 653 568 700 esse
590 625 829 716 quaerendum,
850 653 984 714 querna
1006 653 1085 715 pue·
1137 641 1204 698 tam
1227 634 1338 717 exigui
1365 634 1590 698 numericam
1616 633 1774 696 immensa
1802 631 1859 696 illa
1888 632 2115 699 multidudine

119 721 191 784 ritia
213 719 325 785 didicit
347 719 529 804 praesidem
552 739 623 784 esse
644 719 761 783 domus
791 716 959 795 Abrahae,
991 717 1085 782 modo
1136 741 1233 802 quam
1246 719 1409 784 Dominus
1426 716 1549 797 eduxit,
1568 717 1738 782 mirificam
1761 716 2019 783 benedictionem
2043 739 2111 782 ma-

118 827 156 870 ne
178 806 219 870 ab
249 805 321 870 eius
349 807 469 888 pietate
491 804 674 890 degeneret.
720 803 895 868 Caeterum
925 813 1086 887 quatenus
1136 805 1187 888 gie
1221 805 1372 870 illustret.
1424 803 1521 884 Quod
1554 811 1663 867 autem
1697 802 1908 884 imputandus
1942 804 1985 868 sit
2018 824 2110 868 error

117 892 148 956 in
172 892 234 956 hac
263 900 356 974 parto
383 891 492 955 valere
523 891 637 956 debeat
658 901 789 974 patrum
813 890 985 968 autoritas,
1009 890 1085 954 alibi
1136 890 1286 968 librariis,
1309 889 1386 954 inde
1404 896 1541 966 constat,
1565 890 1641 971 quia
1658 887 1746 971 apud
1763 907 1897 972 graecos
1913 891 2110 971 interpretes

117 976 268 1042 diximus.
313 977 427 1057 Neque
456 977 542 1041 enim
575 977 637 1040 Dei
665 975 837 1040 consilium
867 975 944 1052 fuit,
968 976 1022 1040 vel
1051 997 1085 1040 se
1136 983 1266 1040 tactum
1293 976 1327 1040 in
1354 994 1457 1039 unum
1487 974 1593 1039 locum
1616 973 1774 1057 obrepsit:
1797 974 1875 1039 alibi
1897 982 2007 1038 autem
2035 995 2108 1040 cum

117 1063 301 1128 hominibus
323 1063 490 1140 subiicere,
513 1062 567 1127 vel
593 1063 662 1127 siue
685 1061 812 1127 delectu
834 1060 971 1144 probare
994 1059 1085 1143 quid·
1137 1061 1290 1127 hebraica
1324 1061 1556 1142 supputatione
1591 1060 1801 1126 conveniunt.
1856 1059 1967 1125 Facile
1999 1070 2109 1125 autem

116 1149 190 1232 quid
216 1170 235 1212 a
257 1148 433 1213 maioribus
455 1147 619 1230 proditum
649 1157 743 1223 esset,
767 1156 879 1228 utpote
910 1149 965 1228 qui
991 1147 1086 1212 toties
1136 1147 1216 1225 fuit,
1248 1147 1302 1211 ubi
1332 1148 1417 1212 notis
1440 1146 1613 1229 signantur
1640 1145 1777 1224 numeri,
1807 1146 1973 1230 corrumpi
2002 1146 2109 1210 locum

1137 1253 1248 1297 unum.
1283 1232 1372 1296 Hinc
1394 1233 1493 1296 etiam
1516 1232 1637 1298 Iactum
1661 1231 1762 1296 fuisse
1785 1231 1939 1314 suspicor,
1959 1232 2035 1314 quia
2052 1231 2109 1296 he-

1136 1317 1265 1383 braicae
1297 1319 1429 1401 linguae
1461 1317 1530 1382 fere
1562 1317 1670 1400 ignari
1699 1324 1792 1381 erant
1825 1317 1881 1399 qui
1914 1318 2108 1397 tractabant,

1136 1407 1350 1487 scripturam,
1373 1411 1413 1467 ut
1435 1402 1543 1468 locum
1564 1403 1600 1465 in
1621 1402 1701 1466 actis
1719 1403 1869 1468 vitiatum
1898 1421 1969 1467 esse
1992 1410 2108 1484 putan-

1136 1505 1201 1570 tes,
1230 1510 1401 1573 perperam
1432 1510 1545 1553 verum
1578 1509 1749 1552 numerum
1776 1488 1947 1553 mutarint.
1994 1487 2030 1555 Si
2057 1488 2109 1554 cui

1137 1585 1246 1639 tamen
1270 1574 1374 1658 magia
1392 1574 1527 1657 placeat,
1541 1573 1664 1638 Lucam
1683 1572 1820 1637 rudibus
1842 1581 1875 1638 et
1892 1574 2110 1640 elementariis

1138 1661 1198 1726 hoc
1220 1659 1359 1740 dedisse,
1379 1661 1436 1743 qui
1458 1679 1593 1743 graecae
1616 1659 1748 1724 lectioni
1771 1660 1894 1724 assueti
1916 1667 2018 1737 erant,
2040 1680 2107 1724 non

1137 1745 1306 1811 contendo.
1352 1747 1390 1810 In
1414 1745 1522 1810 verbis
1545 1743 1673 1828 quidem
1697 1745 1800 1810 Musis
1822 1744 1914 1809 nulla
1935 1753 1986 1811 est
2007 1746 2109 1810 ambi-

1137 1833 1255 1916 guitas,
1278 1852 1339 1898 neo
1361 1839 1411 1896 est
1432 1851 1491 1895 cur
1512 1853 1572 1896 nos
1592 1830 1722 1895 tantula
1743 1851 1796 1896 res
1817 1837 1977 1913 torqueat,
1987 1832 2022 1894 in
2045 1849 2109 1913 qua

1137 1918 1221 1982 nihil
1244 1928 1295 1981 est
1317 1915 1464 1982 absurdi:
1492 1937 1598 2000 neque
1629 1915 1716 1980 enim
1746 1917 1867 1980 mirum
1898 1925 1957 1994 est,
1981 1918 2109 1983 literam

1137 2025 1236 2068 unam
1266 2003 1400 2068 alterius
1429 2003 1500 2068 loco
1526 2005 1560 2066 in
1593 2002 1714 2067 notulis
1740 2001 1843 2066 fuisse
1865 2004 2020 2085 positam:
2049 2004 2111 2071 hoe

1138 2090 1243 2174 magis
1266 2089 1305 2154 ad
1335 2109 1405 2153 rem
1435 2089 1586 2172 pertinet,
1610 2107 1762 2170 quorsum
1786 2108 1806 2151 a
1826 2088 1920 2152 Mose
1950 2089 2111 2155 referatur

1138 2185 1206 2239 tam
1229 2176 1367 2258 exiguus
1389 2194 1555 2253 numerus,
1575 2171 1768 2256 expendere.
1807 2173 1891 2238 Nam
1915 2195 1978 2256 quo
2000 2176 2111 2242 minus

1138 2270 1393 2326 consentaneum
1412 2268 1471 2338 est,
1482 2259 1632 2324 homines
1650 2259 1857 2344 septuaginta
1871 2279 1936 2324 non
1955 2261 2001 2323 ita
2013 2261 2111 2346 longo

1139 2347 1296 2428 temporis
1316 2367 1468 2412 successu
1491 2347 1526 2410 in
1547 2353 1675 2410 tantum
1705 2345 1861 2428 populum
1883 2345 2039 2411 oravisse:
2064 2349 2110 2411 ita

1138 2431 1215 2496 inde
1237 2431 1357 2496 clarius
1369 2432 1433 2496 Dei
1456 2431 1563 2514 gratia
1584 2430 1717 2495 relucet.
1753 2432 1860 2513 Atque
1882 2430 1962 2496 haec
1985 2454 2111 2516 quoque

1138 2519 1222 2582 ratio
1246 2527 1296 2581 ost
1316 2537 1376 2582 eur
1398 2537 1570 2581 numerum
1593 2515 1681 2580 hunc
1703 2517 1832 2598 saepius
1851 2516 1999 2582 celebret.
2030 2519 2111 2584 Fuit

1139 2604 1227 2668 enim
1257 2602 1337 2668 haec
1365 2604 1500 2667 minime
1522 2603 1667 2666 humana
1698 2601 1929 2685 propagandae
1957 2604 2111 2671 ecelesiae

1139 2689 1239 2767 ratio,
1269 2709 1370 2770 quum
1398 2688 1559 2754 solitarius
1585 2687 1724 2753 vixisset
1753 2686 1920 2751 Abraham
1943 2709 2047 2772 usque
2069 2691 2112 2755 ad

1140 2775 1284 2853 senium,
1318 2782 1391 2856 post
1419 2781 1558 2838 mortem
1591 2773 1686 2838 Isaac
1715 2781 1855 2839 restaret
1889 2795 1976 2838 unua
2004 2776 2111 2856 Iacob,

1140 2869 1254 2925 anctus
1283 2880 1363 2924 vero
1392 2859 1548 2926 mediocri
1574 2859 1699 2923 familia
1720 2858 1755 2923 in
1777 2859 1935 2943 angulum
1966 2862 2110 2946 Aegypti

1140 2946 1311 3011 conclusus
1341 2946 1436 3025 foret,
1459 2953 1593 3029 repente
1622 2943 1780 3012 scaturire
1806 2945 2030 3011 incredibilem
2054 2969 2111 3031 po·

1139 3032 1254 3113 pulum
1282 3051 1324 3095 ex
1353 3031 1445 3095 fonte
1474 3031 1573 3096 arido.
1618 3030 1714 3111 Quod
1744 3028 1826 3097 Saul
1851 3051 1936 3096 unus
1965 3054 2006 3097 ex
2035 3033 2111 3100 liliis

1140 3117 1304 3182 Simeonis
1327 3116 1446 3183 dicitur
1465 3125 1564 3182 natus
1585 3138 1626 3181 ex
1649 3115 1883 3195 Chananitide,
1908 3137 2009 3199 quum
2031 3120 2111 3184 alio-

1139 3223 1212 3266 rum
1242 3210 1364 3267 matres
1392 3225 1457 3267 non
1482 3202 1628 3268 nominet
1649 3203 1776 3280 Moses,
1798 3222 1866 3266 non
1896 3202 2010 3269 dubito
2033 3206 2112 3288 quin

1139 3288 1287 3354 consulto
1302 3288 1458 3371 probrum
1477 3288 1606 3372 generis
1625 3297 1738 3352 notare
1760 3287 1909 3353 voluerit.
1944 3289 2113 3358 caverunt

1138 3377 1227 3439 enim
1250 3373 1361 3439 sedulo
1379 3375 1483 3439 sancti
1502 3383 1620 3456 patres,
1634 3395 1674 3438 ne
1692 3395 1727 3438 se
1746 3372 1917 3439 connubiis
1935 3376 2112 3444 miscerent

1138 3480 1212 3526 oum
1236 3469 1334 3544 gente
1357 3459 1429 3538 illa,
1454 3481 1473 3524 a
1496 3480 1559 3542 qua
1580 3460 1712 3524 coelesti
1734 3458 1864 3524 decreto
1886 3459 1983 3526 divisi
2006 3473 2109 3530 erant.

1138 3544 1235 3626 Quod
1259 3546 1385 3624 Moses,
1414 3545 1602 3628 perscriptis
1630 3544 1816 3610 nominibus
1839 3545 1981 3610 liliorum
2009 3549 2109 3630 Luae,

1138 3633 1172 3696 in
1201 3631 1328 3715 epilogo
1358 3631 1435 3696 dicit
1465 3631 1563 3696 luisse
1588 3631 1724 3715 triginta
1752 3639 1820 3694 tres
1841 3631 1984 3716 animas,
2007 3655 2110 3717 quum

1137 3729 1246 3782 tamen
1270 3737 1335 3782 non
1360 3718 1469 3801 plures
1492 3718 1627 3800 triginta
1650 3715 1775 3782 duabus
1803 3717 1965 3798 posuerit:
1988 3717 2035 3784 ita
2057 3741 2110 3786 ac·

1137 3803 1230 3885 cipio,
1251 3803 1350 3868 Iacob
1371 3804 1514 3886 primum
1535 3803 1570 3867 in
1588 3801 1701 3866 ordine
1724 3799 1841 3866 debere
1862 3804 1996 3869 censeri.
2040 3805 2108 3872 Nec

1137 3889 1248 3954 obstat
1271 3887 1356 3970 quod
1381 3888 1458 3952 dicit
1480 3887 1617 3953 totidem
1638 3888 1687 3952 illi
1710 3887 1811 3953 fuisse
1841 3888 1926 3953 lilios
1949 3889 2000 3954 vel
2022 3891 2106 3957 filias

1137 3995 1178 4037 cx
1202 3975 1280 4038 Lea.
1315 3974 1390 4038 Etsi
1412 3974 1499 4038 enim
1522 3973 1651 4057 proprie
1674 3972 1714 4038 de
1732 3973 1808 4038 filiis
1829 3972 1968 4038 habetur
1990 3995 2105 4058 sermo,

1136 4060 1265 4123 initium
1284 4069 1393 4124 tamen
1415 4059 1556 4123 sumitur
1574 4079 1594 4124 a
1611 4059 1724 4142 eapite.
1758 4059 1842 4123 Nam
1861 4057 1946 4142 quod
1960 4059 2105 4128 Hebraei

1136 4144 1296 4210 Iochebed
1338 4146 1440 4211 Musis
1470 4153 1607 4209 matrem
1646 4143 1860 4222 subaudiunt,
1895 4146 1973 4227 quia
2005 4147 2105 4215 nimis

1135 4239 1282 4295 eoactum
1311 4240 1380 4314 est,
1407 4230 1551 4315 repudio.
1598 4230 1648 4294 De
1676 4229 1805 4294 filiabus
1834 4229 1932 4294 etiam
1954 4241 2106 4300 movetur

1136 4317 1291 4399 quaestio,
1305 4337 1413 4381 annon
1431 4318 1541 4401 plures
1560 4315 1710 4380 habuerit
1727 4334 1825 4397 quam
1843 4312 1934 4380 duas.
1969 4316 2007 4383 Si
2030 4327 2103 4384 tan-

1135 4413 1204 4466 tum
1233 4403 1459 4482 nominaretur
1479 4403 1581 4478 Dina,
1605 4401 1667 4466 dici
1689 4409 1797 4483 posset
1824 4419 2011 4483 expressam
2034 4407 2103 4471 aius

116 1233 250 1298 damnat
270 1233 305 1296 in
319 1233 447 1298 Iudaeis
466 1235 598 1298 stultam
622 1242 751 1316 patrum
774 1233 1004 1296 imitationem:
1029 1233 1084 1297 sed

115 1320 147 1382 in
171 1341 256 1402 pura
278 1320 328 1382 soi
352 1319 469 1384 notitia
490 1329 603 1384 tenere
620 1319 727 1384 Iacob.

197 1405 228 1469 4.
265 1404 310 1469 et
332 1405 444 1486 Ioseph
459 1411 553 1486 portet
573 1423 710 1470 eranam.
755 1401 910 1468 Glausula
927 1401 1008 1468 haee
1029 1401 1086 1466 ad·

115 1490 179 1554 dita
192 1491 256 1555 fuit
267 1491 434 1556 testandae
451 1492 585 1556 maioris
603 1490 826 1574 indulgentiae
844 1509 950 1553 causa.
974 1487 1086 1569 Quan-

114 1597 211 1660 quam
243 1577 331 1640 enim
363 1576 440 1640 dum
462 1578 595 1660 optabat
617 1577 715 1641 Iacob
738 1575 800 1639 sibi
828 1584 956 1638 mortuo
979 1575 1086 1639 claudi

114 1663 223 1727 oculos
253 1683 353 1726 uranu
378 1663 505 1744 Ioseph,
536 1663 612 1729 huic
639 1669 712 1726 voto
741 1659 900 1743 quaedam
930 1660 1086 1743 implicita

113 1757 181 1812 erat
198 1749 309 1813 carnis
325 1750 514 1812 iufirmitas:
531 1769 596 1812 non
618 1757 726 1811 tamen
741 1755 899 1829 gravatur
911 1747 1000 1810 Deus
1019 1766 1086 1809 mo·

113 1855 179 1898 rem
205 1845 379 1917 gererent
398 1835 474 1898 novi
498 1834 606 1898 exsilii
619 1832 763 1896 dolorem
784 1840 953 1914 temperet.
984 1832 1087 1896 Porro

113 1921 236 1984 seimus
256 1919 513 1984 vetustissimum
530 1921 631 1983 fuisso
649 1919 748 1982 ritum
768 1915 939 1982 claudendi
959 1917 1084 1982 oculos:

112 2015 210 2088 atque
229 2013 268 2069 ut
286 2007 421 2088 quisque
439 2005 598 2088 sanguine
616 2004 668 2068 vel
688 2022 798 2068 amore
817 2011 888 2067 erat
905 2003 1085 2084 proximus,

110 2092 214 2156 fuisse
238 2091 302 2155 hoc
323 2091 427 2155 officio
450 2089 649 2155 defunctum.

196 2176 228 2241 5.
265 2175 311 2240 Et
327 2177 466 2241 surrexit
479 2176 622 2242 Iohocob.
654 2173 819 2258 Surgondi
838 2175 938 2240 verbo
956 2174 1087 2239 ridetur

111 2275 225 2327 notare
256 2261 380 2340 Moses,
409 2263 586 2344 sumpsisse
613 2258 710 2326 Iacob
740 2281 781 2324 ex
811 2259 935 2324 visione
964 2281 1087 2324 novum

111 2349 274 2430 vigorem.
306 2347 501 2433 Quanquam
522 2348 609 2413 enim
625 2368 688 2412 non
709 2344 899 2410 exciderant
916 2346 999 2410 aliae
1016 2367 1086 2429 prc-

111 2435 303 2512 missiones,
338 2433 432 2498 valde
460 2442 570 2498 tamen
605 2441 823 2515 opportunum
857 2430 920 2494 fuit
947 2431 1088 2496 recentis

111 2520 292 2584 memoriae
316 2519 516 2598 subsidium,
539 2527 577 2584 ut
605 2527 728 2582 terram
751 2517 909 2582 Ohanaan
932 2518 968 2580 in
991 2518 1088 2582 eorde

111 2626 169 2670 suo
203 2617 351 2690 gestans,
385 2627 486 2688 aequo
520 2605 628 2670 animo
660 2603 760 2668 ferret
793 2603 862 2666 eius
896 2603 1086 2668 absentiam.

111 2691 225 2772 Quum
251 2700 361 2755 autem
383 2690 502 2756 dicitur
531 2711 639 2756 secum
661 2689 775 2752 tulisse
802 2708 1012 2771 quaecunque
1035 2710 1087 2753 ac·

110 2779 282 2860 quisierat,
294 2777 345 2841 vel
364 2776 555 2860 possederat
576 2778 610 2840 in
628 2783 717 2839 terra
729 2773 900 2852 (lhanaan,
922 2774 1088 2857 probabile

110 2872 160 2929 eat
181 2884 256 2928 una
277 2883 351 2928 oum
374 2882 490 2944 pecore
510 2864 639 2928 venisse
661 2881 774 2926 servos
793 2868 827 2923 et
848 2860 992 2924 ancillas.
1027 2863 1087 2924 At·

110 2950 224 3031 quiin
252 2967 385 3032 egressu
416 2949 507 3012 nulla
529 2969 641 3014 eorum
671 2946 711 3010 fit
733 2947 870 3009 mentio:
902 2946 966 3009 imo
989 2946 1086 3027 paulo

108 3045 191 3120 post,
218 3054 324 3118 quum
346 3034 476 3117 singula
498 3033 641 3098 familiae
659 3032 766 3114 capita
784 3039 954 3095 enumerat
968 3031 1086 3110 Moses,

108 3123 245 3187 venisse
275 3118 351 3183 dicit
379 3122 589 3204 septuaginta
611 3127 740 3181 tantum
769 3116 904 3181 animas.
949 3116 987 3180 Si
1016 3118 1087 3199 quis

108 3205 206 3288 dicat,
227 3203 327 3269 Iacob
346 3204 455 3270 inedia
476 3215 624 3272 coactum
642 3224 753 3268 servos
775 3201 1014 3280 manumisisse,
1034 3202 1086 3266 vel

107 3315 186 3359 casu
219 3291 333 3372 aliquo
361 3291 455 3354 nobis
482 3291 647 3376 incognito
669 3309 724 3353 eos
750 3287 941 3371 perdidisse,
968 3285 1088 3372 frigida

107 3380 171 3442 erit
200 3377 382 3441 divinatio:
413 3377 498 3442 nihil
521 3379 608 3440 enim
638 3374 736 3439 habet
758 3373 891 3451 coloris,
914 3393 1014 3455 quum
1037 3373 1087 3437 in·

106 3463 263 3529 duatrius
291 3471 376 3526 esset
398 3463 648 3545 paterfamilias,
672 3471 705 3525 et
732 3461 872 3524 terrenis
896 3458 959 3522 Dei
989 3460 1087 3525 bene·

106 3547 312 3614 dictionibus
336 3549 482 3626 floreret,
502 3547 661 3612 nudatum
690 3565 824 3629 prorsus
847 3546 961 3624 luisse,
984 3554 1024 3609 ut
1045 3567 1087 3610 ne

104 3635 267 3700 servulus
289 3633 419 3714 quidem
450 3633 480 3697 ei
509 3642 656 3698 restaret.
701 3631 809 3714 Magis
838 3631 1004 3711 probabile
1027 3641 1086 3708 est,

104 3741 210 3802 quum
238 3718 281 3783 ed
304 3720 437 3786 serviles
459 3739 573 3803 operas
596 3717 690 3781 tracti
719 3725 813 3792 sunt,
836 3716 940 3782 servis
960 3737 1086 3800 quoquc

102 3807 207 3872 fuisse
243 3802 395 3887 spoliatos
427 3806 461 3868 in
490 3805 659 3889 Aegypto:
693 3804 807 3867 saltem
843 3822 907 3865 non
939 3803 1084 3867 relictam

102 3892 170 3957 illis
195 3891 304 3956 fuisse
321 3891 455 3974 copiam,
478 3893 570 3956 cuius
588 3889 707 3954 fiducia
724 3886 897 3971 quidquam
916 3886 1085 3952 auderent.

103 3976 311 4060 Quanquam
333 3987 443 4040 autem
471 3977 505 4040 in
527 3973 728 4040 liberationis
751 3973 887 4038 historia
916 3973 955 4037 de
982 3975 1085 4040 servis

102 4064 255 4130 subticet
276 4061 401 4144 Moses,
424 4081 465 4125 ex
487 4062 559 4126 aliis
580 4073 689 4125 tamen
712 4059 792 4123 locis
813 4058 929 4124 elicere
952 4079 1084 4142 promp-

102 4157 176 4213 tum
201 4157 267 4225 est,
291 4167 358 4212 non
379 4149 502 4230 absque
525 4147 628 4212 servis
651 4164 800 4228 egressos
822 4163 901 4208 esso.

193 4235 227 4300 8.
266 4231 355 4300 Haec
374 4237 447 4298 ant
469 4238 571 4298 uatem
593 4232 731 4296 nomiae.
764 4231 928 4295 Recenaet
944 4229 1029 4294 lilios
1052 4239 1085 4295 et

101 4329 248 4403 nepotes
258 4318 365 4397 Iacob,
389 4318 489 4383 donee
511 4317 552 4383 ad
574 4337 734 4384 summam
758 4315 886 4380 numeri
905 4317 1083 4397 perveniat.

102 4405 205 4486 Quod
232 4414 343 4470 autem
365 4404 574 4488 septuaginta
594 4413 726 4468 tantum
748 4403 840 4483 ponit
858 4401 993 4478 animas,
1009 4400 1084 4468 Ste-

100 4492 245 4576 phanus
277 4499 384 4554 autem
418 4487 504 4574 (Act.
536 4491 572 4569 l,
604 4487 657 4576 14)
687 4489 830 4571 quinquo
851 4486 1083 4570 superaddidit,
1134 4487 1334 4552 mentionem
1356 4491 1427 4553 fieri
1458 4497 1590 4574 propter
1617 4487 1785 4572 singulare
1813 4486 1939 4552 facinus
1965 4489 2102 4571 quodsi

98 4577 321 4647 librariorum
344 4596 454 4642 errore
476 4575 599 4641 iactum
617 4595 688 4640 esse
711 4594 776 4637 non
799 4573 918 4639 dubito.
948 4574 1085 4639 Infirma
1134 4574 1324 4657 contigerat.
1372 4573 1437 4640 Sed
1461 4575 1535 4657 quia
1556 4574 1593 4638 in
1614 4572 1768 4658 progenie
1791 4572 1875 4637 Aser
1896 4573 2031 4641 alteram
2054 4575 2103 4642 fe·

100 4665 196 4728 enim
211 4663 394 4744 Augustini
416 4661 534 4726 solutio
556 4669 614 4738 est,
634 4658 719 4742 quod
731 4657 919 4741 Stephanus
937 4681 995 4742 per
1011 4682 1084 4744 pro-
1134 4661 1256 4724 minam
1274 4668 1426 4724 numerat
1435 4661 1554 4743 Moses,
1571 4658 1680 4742 potius
1701 4657 1836 4723 coniicio
1854 4658 1905 4722 vel
1923 4679 1979 4724 aas
1995 4660 2103 4728 adhue

99 4749 218 4835 lepsin
240 4769 295 4812 eoa
314 4747 571 4829 annumeretqui
585 4746 775 4829 posteanati
788 4745 910 4809 suntin
924 4749 1083 4830 Aegypto,
1133 4746 1235 4811 fuisse
1262 4745 1433 4828 innuptas,
1457 4745 1509 4811 vel
1539 4745 1639 4810 solas:
1669 4765 1747 4809 nam
1771 4742 1811 4807 de
1833 4745 1988 4812 uxoribus
2010 4748 2103 4814 nulla

98 4835 205 4920 longe
225 4835 315 4898 enim
333 4830 924 4916 maiorcatalogustexendusl’uisset.
956 4831 1084 4896 Deinde
1134 4831 1188 4897 hie
1211 4833 1248 4896 lit
1270 4834 1401 4896 mentio.

98 4928 276 5006 repugnat
298 4920 359 4985 hoc
376 4920 513 5002 spiritus
535 4917 638 4983 sancti
656 4915 1082 4998 consilio,quemadmodum
1219 4917 1270 4982 28.
1304 4916 1347 4981 Et
1369 4915 1509 4981 lahadot
1528 4917 1620 4980 'mise't
1639 4919 1710 4980 uate
1730 4935 1763 4980 se
1784 4915 1827 4978 od
1849 4914 1969 4996 Ioseph.
2015 4918 2101 4999 Quia

98 5008 206 5092 paulo
231 5015 306 5088 post
326 5005 522 5071 videbimus:
547 5005 624 5086 quia
641 5003 694 5066 hic
714 5023 778 5066 nou
802 5003 911 5086 agitur
929 5014 1082 5085 quautam
1133 5004 1223 5088 regio
1244 5002 1301 5066 illa
1323 5002 1446 5068 delecta
1467 5003 1573 5067 fuerat
1590 5020 1610 5065 a
1629 4999 1747 5083 Ioseph
1763 4999 1798 5063 in
1816 5000 1993 5082 hospitium
2017 5008 2101 5087 patri

98 5093 256 5158 sobolem
282 5090 380 5156 Iacob
409 5091 552 5156 moriens
579 5091 786 5172 superstitem
816 5089 1000 5172 reliquerit,
1026 5089 1083 5154 sed
1134 5099 1166 5154 et
1187 5088 1351 5162 iratribus,
1372 5088 1445 5154 ideo
1466 5109 1554 5153 nunc
1575 5095 1668 5171 rogat
1690 5084 1795 5164 Iacob,
1818 5094 1856 5150 nt
1877 5087 1984 5152 locum
2007 5109 2100 5171 para-

99 5201 168 5264 quo
194 5179 252 5242 die
275 5175 441 5242 descendit
463 5178 496 5240 in
508 5175 697 5260 Aegyptum
720 5185 843 5256 quanta
865 5174 896 5237 ei
918 5174 1016 5238 luerit
1036 5175 1084 5240 fa·
1134 5184 1205 5240 tum
1235 5175 1412 5252 adveniens
1439 5175 1594 5256 reperiat:
1628 5173 1689 5239 hoo
1721 5173 1807 5235 enim
1839 5171 1929 5237 valet
1954 5173 2101 5258 loquutio

98 5265 210 5330 milia.
258 5260 477 5347 Septuaginta
499 5262 625 5326 animas
646 5281 666 5325 a
688 5282 723 5326 se
745 5260 932 5345 progenitas
950 5259 1084 5325 duxisse
1134 5283 1198 5344 qua
1220 5261 1330 5326 Moses
1359 5262 1478 5325 utitur:
1509 5279 1574 5324 non
1604 5257 1690 5342 quod
1720 5257 1779 5322 sibi
1802 5256 1897 5323 aedes
1919 5262 2044 5327 exstrui
2067 5273 2099 5331 et

98 5359 286 5424 narratur,
316 5349 368 5413 vel
399 5349 466 5413 illic
494 5348 670 5431 reperisse,
696 5354 734 5411 ut
757 5345 956 5428 comparatio
984 5347 1084 5412 huius
1133 5347 1242 5413 ornari
1269 5346 1426 5430 postulet:
1455 5345 1512 5412 sed
1534 5352 1662 5410 tantum
1691 5350 1730 5408 ut
1758 5343 1829 5408 sine
1856 5343 2007 5412 molestia
2032 5350 2102 5420 illio

213 5450 328 5508 want
341 5465 433 5520 opera.
470 5447 529 5506 Vol.
544 5446 667 5504 XXIII.
1863 5445 1897 5499 36
