4988 6192
115 477 180 544 525
719 463 722 472 ’
770 473 1142 546 COMMENTARIUS
1163 475 1213 541 IN
1235 475 1450 543 GENESIN.
1682 558 1683 562 Ἰ
2046 483 2111 551 526

115 664 267 732 osculum
295 681 408 754 omnes
457 664 650 749 arriperent,
680 663 787 747 excipi
815 663 900 732 volo.
945 663 1090 730 Currum
1141 664 1255 729 timam
1277 665 1433 730 servandi
1454 663 1555 731 triciti
1574 665 1734 733 rationem
1757 665 1932 733 invenerit.
1976 667 2109 738 Arduus

117 749 253 818 secundi
275 750 391 834 legunt
448 749 555 816 ebraei
576 750 612 814 in
633 749 889 827 construetione,
909 769 970 833 pro
991 769 1090 816 amru
1140 749 1228 815 enim
1245 750 1310 815 fuit
1330 749 1422 816 labor
1443 749 1559 816 horrea
1575 769 1635 834 per
1655 751 1801 835 singulas
1819 752 1914 820 nrbes
1931 761 2109 837 exstruere,

116 831 1090 1006 bffidqubfflnidlssglillrfft‘lfflll
1139 835 1636 1005 tlltttttltlnttttt
1658 846 1920 1006 pittatia?
1939 849 2110 993 ttl‘tt

115 1008 208 1092 poni.
252 971 308 1074 De
334 1024 414 1073 voce
442 1007 667 1097 mutuarias
694 1015 772 1072 sunt
800 1006 978 1089 opiniones.
1022 1004 1090 1087 Qui
1139 1026 1205 1071 non
1227 1008 1361 1072 minoris
1378 1006 1595 1090 perspicaciae
1611 1006 1842 1074 documentum
1858 1010 1929 1090 fnit,
1940 1032 1982 1077 ne
1990 945 2108 1079 1{eddius-

139 1103 246 1158 atrem
267 1101 418 1160 tenerum
439 1100 625 1175 exponunt,
648 1092 724 1176 quia
747 1097 841 1157 tener
860 1091 968 1158 adhuc
996 1093 1091 1158 annis
1139 1111 1203 1174 qne
1230 1093 1373 1176 regionis
1404 1092 1518 1178 incolis
1551 1093 1659 1159 uictus
1694 1094 1790 1179 longe
1821 1095 1979 1178 petendus
2011 1105 2107 1164 esset.

115 1113 254 1262 loseph,
276 1177 372 1244 senili
394 1177 525 1244 dotatus
553 1186 641 1244 esset
663 1178 826 1262 gravitate
846 1185 880 1242 et
907 1176 1090 1260 prudentie,
1140 1167 1244 1242 Paulo
1272 1185 1345 1261 post
1366 1176 1559 1262 adiungitur
1577 1179 1765 1264 integritas,
1788 1201 1872 1263 quae
1892 1201 1959 1247 non
1986 1183 2108 1249 minori

114 1263 200 1330 mibi
222 1263 335 1347 procul
353 1281 518 1330 accersere
538 1261 695 1328 videntur
715 1262 801 1345 quod
823 1283 883 1329 suo
907 1270 1090 1328 commento
1139 1262 1235 1329 leude
1256 1263 1357 1347 digna
1376 1263 1448 1340 fuit,
1467 1262 1554 1348 quod
1571 1263 1697 1330 scibant
1717 1266 1754 1331 in
1776 1265 1835 1331 illa
1851 1267 2013 1333 immensa
2034 1289 2109 1335 con·

115 1349 323 1434 respondeat.
367 1348 434 1430 Qui
456 1355 591 1414 vertunt
609 1357 736 1431 patrem
758 1349 854 1434 regis,
875 1349 969 1432 quasi
990 1348 1089 1416 dictio
1163 1349 1231 1415 orie
1251 1349 1292 1416 ab
1313 1349 1402 1414 omni
1419 1348 1552 1415 licentia
1568 1348 1733 1429 abstinuit,
1745 1371 1811 1418 non
1828 1371 1922 1420 secus
1941 1373 1980 1420 ac
1996 1353 2024 1420 si
2039 1373 2107 1420 mo·

115 1435 160 1501 sit
182 1457 225 1500 ex
243 1433 394 1504 hebraico
415 1436 547 1499 nomine
569 1447 615 1501 :tlt
638 1443 672 1498 et
688 1431 817 1500 arabico
838 1445 881 1523 Tt
902 1434 1089 1518 composita,
1139 1369 1214 1500 dica
1240 1441 1370 1500 tantum
1399 1435 1585 1518 procuratio
1614 1434 1762 1503 iniuncta
1793 1437 1884 1504 foret.
1927 1439 2108 1524 Utriusque

115 1521 217 1606 paulo
244 1521 319 1604 plus
339 1518 463 1585 habent
483 1519 610 1586 coloris.
654 1518 817 1602 Equidem
839 1519 868 1585 si
885 1540 949 1587 vox
971 1520 1014 1584 sit
1032 1519 1089 1584 he-
1139 1529 1251 1585 antem
1278 1520 1413 1586 virtutis
1440 1520 1513 1586 laus
1540 1520 1702 1604 estquod
1729 1531 1903 1607 postquam
1930 1524 2108 1594 immensos

115 1605 236 1683 braiua,
259 1605 343 1672 mihi
364 1603 497 1671 videtur
517 1605 625 1690 magis
641 1605 809 1689 probabile
825 1604 911 1688 quod
933 1605 988 1670 alii
1010 1605 1089 1670 affe·
1140 1625 1273 1672 acervos
1299 1605 1446 1690 collegit,
1468 1625 1535 1670 non
1563 1615 1673 1672 tamen
1701 1607 1879 1691 quidquam
1906 1611 2044 1676 remittit
2064 1632 2107 1677 ex

114 1703 210 1757 runt:
233 1691 331 1758 Genu
359 1692 462 1757 flecte.
507 1687 576 1757 Sed
602 1693 681 1774 quia
707 1691 855 1774 suspicor
882 1689 1089 1775 aegyptiacas
1139 1691 1235 1757 solita
1256 1689 1434 1776 diligentia,
1457 1690 1560 1757 donec
1580 1711 1693 1758 omnes
1722 1703 1892 1777 susceptae
1920 1696 2108 1780 provinciae

114 1777 227 1861 potius
254 1796 350 1842 voces
378 1775 492 1840 relerri
521 1796 542 1841 a
569 1775 676 1853 Mose,
706 1785 774 1841 tam
801 1775 864 1842 hoc
892 1775 962 1843 loeo
991 1795 1089 1859 qnam
1139 1796 1292 1842 numeros
1313 1777 1471 1844 absolvat.
1515 1775 1657 1844 Satietaa
1679 1775 1730 1863 (nt
1749 1779 1785 1843 in
1805 1780 1910 1847 veteri
1936 1781 2106 1864 proverbio

112 1863 215 1946 paulu
230 1871 319 2013 qest,
341 1860 473 1928 consulo
495 1861 668 1928 lectoribus
694 1881 737 1928 ne
758 1883 793 1928 se
814 1862 938 1928 frustra
959 1870 1089 1944 torque-
1139 1861 1201 1949 ost)
1222 1861 1389 1928 bstidium
1411 1863 1510 1945 parit:
1533 1883 1570 1930 ac
1593 1861 1730 1946 proinde
1757 1863 1955 1933 abnndantia
1975 1875 2014 1932 ut
2033 1867 2106 1950 plu·

114 1959 185 2013 ant.
262 1957 276 2012 t
303 1965 384 2014 sane
410 1946 546 2014 ridicule
575 1948 683 2032 argnti
704 1957 783 2012 sunt
811 1948 866 2030 qui
889 1967 1008 2012 nomen
1030 1947 1088 2012 he·
1138 1948 1261 2012 rimum
1278 1947 1429 2032 ignaviae
1447 1954 1553 2013 mater
1567 1957 1627 2014 est.
1666 1948 1762 2016 Unde
1780 1971 1857 2036 ergo
1873 1952 1912 2017 fit
1928 1961 1967 2017 ut
1989 1973 2107 2036 aequa·

114 2033 265 2100 braicum
280 2051 389 2117 aroge
406 2033 557 2182 aeglyptio
574 2031 763 2117 impositum
781 2053 852 2099 esse
863 2040 991 2116 putant,
1002 2030 1089 2115 quod
1139 2032 1237 2098 bilem
1255 2039 1365 2099 teneat
1381 2053 1513 2099 cursum
1533 2033 1692 2100 sedulitas
1701 2035 1830 2119 Ioseph,
1846 2057 1906 2103 uec
1925 2038 2107 2120 praesentis

113 2118 156 2184 ab
178 2118 246 2184 illis
263 2119 402 2184 vertitur
422 2139 462 2183 re
498 2117 614 2183 mundi
631 2117 825 2201 redemptor,
844 2118 899 2183 rel
917 2117 1108 2204 mysterio-v
1139 2119 1249 2202 copiae
1277 2126 1411 2202 aspectu
1439 2119 1497 2184 fiat
1525 2119 1708 2201 remissior,
1734 2121 1799 2186 nisi
1827 2125 1903 2205 quia
1927 2121 2107 2206 prudenter

112 2205 292 2288 expositor.
322 2203 466 2270 Graecos
483 2203 575 2287 aequi
592 2203 678 2269 malo
699 2203 756 2287 qui
773 2210 948 2287 utrumque
968 2223 1089 2269 nomen
1139 2203 1296 2288 expendit
1316 2205 1442 2270 nullam
1463 2203 1533 2270 fore
1560 2213 1687 2270 tantam
1707 2207 1833 2289 copiam
1855 2228 1954 2291 quam
1978 2216 2104 2292 septem

112 2291 277 2358 intactum
298 2287 498 2372 reliquendo,
520 2288 600 2355 satis
620 2289 801 2354 ostendunt
822 2288 883 2355 sibi
905 2288 1010 2356 rideri
1032 2309 1089 2353 ex·
1138 2291 1217 2354 anni
1239 2288 1367 2355 steriles
1390 2309 1456 2354 non
1478 2288 1683 2376 deglutiant?
1711 2290 1830 2357 Fidem
1853 2313 1896 2376 qu
1939 2315 1979 2359 ne
1999 2302 2032 2359 et
2052 2314 2105 2360 ra·

111 2383 248 2442 traneae
268 2373 412 2461 linguae.
456 2372 555 2456 Quod
576 2395 725 2440 socerum
746 2374 864 2458 Ioseph
886 2373 1088 2441 sacerdotem
1139 2395 1209 2441 ram
1237 2374 1385 2458 publicae
1412 2375 1526 2440 salutis
1558 2395 1670 2442 curam
1698 2376 1734 2442 in
1762 2397 1801 2444 eo
1827 2314 1986 2462 prodidit,
2018 2379 2105 2464 quod

112 2461 217 2527 luisse
237 2459 294 2527 vul
360 2459 564 2538 existimant,
585 2479 770 2543 quanquam
793 2477 858 2524 non
880 2460 1009 2538 refello,
1030 2461 1090 2526 vix
1138 2459 1269 2526 assiduo
1296 2469 1421 2544 septem
1448 2481 1609 2527 annorum
1637 2461 1748 2528 labora
1776 2461 1922 2530 deleesua
1949 2485 2015 2530 non
2046 2471 2106 2544 est,

113 2553 229 2646 tamen
251 2481 396 2646 edddcor
412 2553 451 2610 ut
472 2544 612 2646 credam.
656 2543 768 2626 Quum
786 2545 889 2630 igitur
909 2557 974 2642 qm)
997 2547 1089 2629 priu-
1138 2566 1199 2612 nec
1220 2566 1366 2629 unquam
1392 2546 1531 2629 quierit,
1559 2546 1661 2614 donec
1683 2548 1718 2612 in
1742 2555 1867 2633 septem
1896 2548 1977 2617 alios
2002 2570 2106 2618 anuos

114 2629 1088 2800 Qmmddffidfffiugffiaddrdffid’prlffddibtddjodldd
1137 2641 1348 2784 prosqqqtugq
1369 2643 1576 2800 {diffusuros
1604 2719 1673 2785 nati
1695 2723 1769 2785 aetat
1793 2718 1864 2800 fita
1907 2719 2103 2806 Quanquam

114 2804 225 2870 etiem
239 2811 372 2885 satrapa
392 2801 446 2868 vel
467 2802 651 2886 praelectus
669 2804 753 2868 foret
774 2802 917 2869 civitatis
940 2801 1004 2869 On.
1138 2803 1261 2888 aliquid
1291 2804 1422 2886 piatatis
1454 2804 1579 2886 spirent
1608 2804 1757 2884 nomina,
1790 2823 1872 2889 quae
1913 2828 1954 2872 ex
1992 2827 2103 2873 rerum

202 2887 255 2954 46.
283 2885 368 2954 Erat
388 2889 439 2956 cir
461 2888 590 2972 alpina
605 2907 767 2954 amorum.
801 2886 896 2955 Duas
912 2887 954 2955 ob
971 2907 1086 2955 causae
1138 2896 1260 2955 eventu
1280 2888 1360 2954 filiis
1380 2889 1534 2972 imposuit
1554 2887 1684 2974 Ioseph,
1706 2891 1783 2974 quia
1803 2892 1839 2954 in
1860 2891 1925 2958 illis
1942 2893 2005 2958 Dei
2026 2913 2102 2977 gra-

113 2975 219 3040 reiart
239 2973 349 3040 Mosae
372 2991 437 3057 qua
464 2982 569 3039 aetate
591 2981 763 3057 provectus
783 2969 882 3056 merit
902 2973 1021 3058 Ioseph
1043 2971 1085 3038 ad
1137 2975 1224 3056 tiam
1238 2973 1396 3042 celebrat:
1415 2975 1475 3040 vix
1496 2980 1606 3040 tamen
1634 2975 1670 3039 in
1692 2983 1795 3041 totum
1817 2983 1925 3059 potest
1953 2977 2102 3044 excusari

113 3058 213 3145 regni
233 3058 478 3142 praefecturam.
521 3057 649 3125 Rarum
670 3060 758 3126 enim
782 3073 831 3124 est
859 3068 896 3124 ut
917 3079 1012 3126 senes
1033 3058 1084 3124 iu·
1136 3058 1256 3128 oblivio
1278 3067 1433 3143 paternae
1462 3059 1594 3141 domus,
1621 3081 1720 3143 quem
1747 3061 1809 3128 sibi
1834 3061 2001 3129 inductam
2031 3083 2104 3130 esse
2143 3092 2145 3103 ι

112 3145 256 3213 renibus
282 3165 319 3211 ee
344 3144 503 3230 regendos
536 3144 681 3211 tradant:
712 3144 800 3212 unde
828 3143 989 3245 singulari
1022 3145 1086 3210 Dei
1138 3144 1225 3214 dicit.
1258 3145 1349 3213 Haeo
1367 3145 1489 3229 piacet
1510 3165 1548 3212 ac
1569 3154 1682 3212 sancta
1702 3147 1995 3231 gratiarumactio,
2017 3148 2104 3233 quod

113 3231 201 3298 dono
223 3229 347 3299 mmm
368 3229 467 3296 ruisse
488 3229 663 3315 colligitur,
686 3237 724 3296 nt
740 3230 812 3297 sine
828 3228 952 3296 inrrdia
969 3249 1086 3316 regna·
1137 3229 1231 3298 Deus
1252 3231 1398 3298 oblivisci
1419 3251 1495 3298 enm
1515 3231 1591 3298 lecit
1611 3230 1769 3315 pristinas
1782 3253 1895 3300 omnes
1913 3254 2102 3301 aerumnas:

112 3325 166 3383 ret
186 3316 318 3400 Ioseph,
340 3335 379 3382 ao
399 3314 448 3380 illi
469 3315 655 3382 reverentia
674 3323 708 3380 et
731 3316 885 3382 molestes
905 3335 1007 3399 supra
1027 3335 1086 3380 an·
1137 3316 1195 3384 sed
1217 3315 1329 3384 nullus
1354 3316 1459 3383 honor
1485 3317 1667 3383 tenuasse
1691 3316 1819 3396 debuit,
1847 3327 1885 3384 nt
1906 3317 2103 3386 desiderium

112 3421 235 3468 norum
255 3420 431 3469 numerum
447 3407 619 3468 constaret.
663 3401 749 3466 Nam
771 3401 798 3468 si
820 3401 1002 3485 pericnlum
1023 3400 1087 3466 fuit
1136 3410 1171 3470 et
1191 3402 1382 3468 memoriam
1402 3408 1559 3486 paternae
1580 3401 1696 3468 domus
1717 3423 1758 3469 ex
1784 3403 1894 3470 animo
1916 3405 2102 3488 deponeret.

112 3509 157 3554 ne
167 3487 378 3554 Timotheum
395 3486 672 3572 contemptibilem
689 3485 1086 3568 reddiretiuventus,non
1138 3486 1190 3556 Sit
1218 3488 1295 3556 licet
1322 3486 1484 3554 secundus
1510 3488 1621 3554 rexA
1708 3487 1751 3569 ti,
1776 3487 1893 3555 inielix
1920 3497 2030 3556 tamen
2053 3496 2103 3557 eet

111 3575 226 3640 minus
246 3581 376 3640 contem
400 3573 450 3639 tui
471 3571 632 3640 obnoxius
654 3572 768 3640 luisset
788 3571 927 3658 Ioseph,
949 3572 1014 3640 nisi
1036 3571 1087 3638 di·
1136 3575 1207 3641 aius
1228 3572 1370 3641 conditio
1387 3571 1543 3656 quamdiu
1570 3571 1687 3640 abaco
1700 3575 1767 3640 aeia
1788 3575 1924 3642 exsulat.
1959 3573 2103 3656 Quidam

112 3660 242 3726 vinitas
253 3666 348 3743 parta
363 3593 413 3726 idi
430 3655 546 3725 luisset
563 3659 730 3725 autoritas.
758 3658 957 3742 Quanquam
974 3665 1086 3725 autem
1135 3667 1173 3726 ut
1193 3666 1336 3745 purgent
1357 3678 1377 3723 a
1397 3657 1452 3722 cul
1475 3677 1495 3722 a
1515 3663 1665 3724 sanctum
1688 3659 1814 3744 virum,
1836 3669 2005 3743 exponunt
2026 3679 2102 3726 aum

114 3765 189 3812 sam
209 3744 344 3829 propria
359 3742 522 3812 industria
541 3743 606 3812 sibi
627 3744 796 3829 anquirere
817 3765 884 3810 non
905 3745 1021 3828 potuit,
1043 3742 1085 3810 ad
1135 3745 1252 3812 laetari
1273 3743 1439 3828 praesenti
1490 3744 1520 3811 ei
1542 3745 1663 3830 gratia,
1695 3751 1732 3810 nt
1751 3744 1887 3827 posthac
1908 3743 2018 3812 illatas
2038 3745 2102 3814 sibi

113 3851 188 3898 eam
217 3838 330 3896 tamen
358 3828 543 3915 augendam
570 3837 604 3896 et
631 3829 888 3897 confirmandam
919 3829 1085 3914 probabile
1135 3829 1331 3897 alratribue
1351 3828 1491 3895 iniurias
1517 3849 1583 3896 non
1611 3829 1817 3906 recordetur:
1846 3829 1903 3897 eed
1932 3831 1995 3898 hoo
2016 3829 2103 3918 (meo

113 3926 167 3984 eat
188 3915 327 3982 eximias
348 3917 496 3993 virtutes,
518 3933 599 3999 quas
626 3916 662 3982 in
682 3936 759 3982 eum
779 3915 962 3983 contulerat
983 3916 1084 3995 Deua,
1133 3915 1269 4005 iudicio)
1290 3915 1388 3982 nimie
1408 3921 1557 3983 eoactum
1578 3923 1637 3981 est.
1681 3915 1750 3982 Nec
1777 3937 1855 3982 vero
1884 3917 1982 3982 anxie
2010 3915 2102 3984 labo·

113 4023 182 4070 non
205 4021 322 4086 pamm
343 4001 495 4068 valuisse.
539 4000 693 4068 Secunda
713 4002 797 4067 ratio
815 4000 979 4068 notandae
1000 4009 1086 4066 aeta·
1135 4003 1276 4070 randum
1297 4009 1347 4068 ast
1368 4001 1404 4066 in
1425 3998 1610 4068 excusando
1631 4009 1763 4085 peccato
1782 4000 1920 4086 Ioseph:
1962 4001 2020 4068 uin
2041 4021 2101 4086 po·

112 4088 159 4155 tis
178 4094 240 4167 est,
263 4095 299 4152 ot
320 4105 432 4154 secum
452 4085 642 4171 expandant
661 4087 800 4154 lectores
821 4084 993 4153 diuturnas
1013 4087 1085 4152 eius
1135 4088 1200 4154 tius
1220 4087 1348 4154 moneri
1369 4105 1429 4153 nos
1455 4086 1597 4152 arbitror
1617 4093 1817 4171 quantopere
1846 4023 2028 4154 cavendum
2057 4087 2102 4154 sit

113 4191 308 4256 aerumnae,
330 4172 449 4257 quibus
475 4173 566 4241 varie
594 4173 734 4240 afflictus
758 4173 873 4240 fuerat.
917 4173 1025 4256 Atque
1047 4179 1086 4236 ut
1135 4172 1291 4240 amundi
1318 4172 1493 4252 illecebris,
1521 4192 1563 4240 ne
1590 4181 1716 4239 mentes
1741 4183 1872 4240 nostras
1900 4173 1976 4258 plus
2003 4192 2102 4257 quam

113 4257 307 4325 humaniter
338 4267 497 4326 mactabis
527 4260 624 4340 foret,
656 4257 763 4343 potuit
795 4267 904 4324 tamen
930 4258 1084 4324 tredecim
1135 4259 1266 4346 parsit
1295 4257 1508 4324 demulceant
1558 4258 1645 4324 Ecce
1673 4257 1760 4324 enim
1787 4256 1925 4341 Ioseph,
1953 4258 2102 4341 quamvis

112 4363 276 4411 annorum
298 4344 451 4410 exsilium
472 4345 665 4430 gravissima
682 4365 752 4412 esse
774 4345 920 4424 tentatio,
932 4342 1018 4429 quod
1034 4362 1086 4407 re-
1132 4364 1214 4429 pnre
1234 4344 1344 4410 Deum
1363 4343 1465 4428 colet,
1487 4342 1621 4409 honoris
1651 4349 1760 4409 tamen
1788 4341 1958 4410 dulcedine
1985 4353 2100 4428 captus

112 4432 204 4496 ditus
224 4429 267 4494 ed
288 4439 458 4513 paternam
475 4429 607 4497 domum
629 4451 696 4497 non
714 4436 843 4496 tantum
864 4430 996 4498 vinculo
1018 4449 1086 4495 ser·
1133 4430 1356 4498 obnubilatam
1390 4428 1489 4495 habet
1520 4436 1678 4510 mentem,
1710 4435 1748 4494 ut
1787 4439 1943 4514 paternae
1983 4427 2099 4495 domus

112 4515 251 4593 vitatis,
279 4513 337 4581 sed
366 4516 464 4580 etiem
492 4535 622 4582 carcere
647 4516 832 4584 obstruetur
858 4516 952 4582 foret.
995 4515 1086 4599 Ergo
1132 4518 1313 4594 immemor,
1335 4513 1398 4582 sibi
1419 4515 1453 4580 in
1472 4516 1625 4599 Aegypto
1648 4514 1781 4598 placeat.
1820 4515 1924 4598 Atqui
1947 4514 2008 4581 hoc
2030 4515 2098 4580 lere

112 4599 248 4668 nonnisi
273 4599 372 4685 lonqa
392 4600 569 4668 tolerantia
590 4600 754 4685 probatus,
776 4601 943 4668 meliorem
965 4610 1086 4668 statum
1133 4609 1205 4668 erat
1225 4621 1245 4666 a
1263 4601 1326 4667 Dei
1347 4619 1446 4685 grege
1468 4598 1641 4666 discedere.
1685 4599 1777 4666 Haec
1796 4599 1929 4683 quidem
1951 4599 2099 4665 laudabi-

110 4687 265 4755 obtinuit
310 4684 452 4753 Subiioit
473 4685 590 4756 deinde
609 4688 734 4766 Moses,
755 4687 868 4753 sedulo
889 4695 924 4753 et
944 4685 1086 4755 exauda·
1131 4686 1175 4753 lis
1194 4685 1361 4762 modestia,
1384 4683 1468 4769 quod
1486 4683 1618 4750 divinae
1635 4704 1714 4768 erga
1734 4706 1769 4751 aa
1789 4683 1945 4751 bonitatis
1966 4684 2096 4769 praedi-

111 4775 199 4840 eima
226 4770 292 4837 fide
313 4771 382 4839 suia
406 4772 554 4857 partibus
574 4791 650 4840 esse
671 4771 871 4838 defunctum.
915 4771 1001 4837 Nam
1022 4772 1086 4838 cir·
1132 4770 1255 4839 candae
1275 4771 1397 4850 studio,
1424 4771 1531 4854 ipsum
1561 4791 1626 4836 non
1648 4769 1748 4853 pudet
1777 4769 1917 4836 afflictae
1948 4771 2097 4836 fortunae

110 4859 224 4928 cuitus
245 4858 421 4936 ista,cuins
438 4857 477 4924 fit
497 4859 706 4939 mentio,non
728 4857 875 4942 vulgaris
897 4856 1085 4943 diligentiae
1133 4859 1373 4924 monimentum
1397 4865 1541 4922 statuere
1567 4857 1604 4920 in
1624 4855 1766 4921 filiorum
1794 4855 1988 4922 nominibus.
2032 4855 2099 4939 Qui

110 4947 248 5030 signum
280 4943 352 5009 luit.
395 4943 530 5010 Poterat
561 4952 649 5011 certe
680 4963 846 5010 assumere
876 4944 1016 5028 legatos,
1049 4943 1085 5006 in
1134 4965 1175 5010 ex
1197 4942 1334 5009 obscuro
1355 4950 1388 5006 et
1410 4941 1544 5026 ignobili
1555 4941 1625 5007 loco
1635 4939 1775 5006 traducti
1798 4950 1877 5007 sunt
1892 4943 1928 5005 in
1950 4941 2098 5021 sublime,

110 5028 422 5116 quorumbumeroe
437 5030 595 5096 maiorem
604 5027 724 5097 laboris
734 5040 767 5094 ot
778 5029 946 5096 molestiae
956 5035 1084 5112 partem
1134 5037 1291 5113 cuperent
1307 5027 1503 5093 exstinctam
1515 5047 1585 5093 esse
1596 5026 1732 5127 originis
1752 5027 2001 5106 euaenotitiam,
2023 5027 2100 5110 quia

111 5119 281 5185 reiiceret:
303 5113 360 5181 eed
383 5113 461 5198 quie
480 5114 640 5181 divinitus
661 5136 697 5182 aa
718 5123 870 5182 vocatum
892 5135 964 5182 esse
985 5116 1086 5197 novit,
1133 5114 1196 5180 sibi
1229 5113 1417 5198 probrosam
1456 5131 1528 5179 essa
1566 5113 1764 5180 existumant.
1826 5111 1947 5180 Sancto
1986 5112 2098 5196 itaquo

110 5211 171 5270 tan
196 5219 273 5267 uam
290 5200 452 5266 rationem
469 5199 556 5283 apud
573 5199 716 5267 tribunal
733 5199 874 5267 coeleste
888 5199 1083 5281 redditurus,
1134 5199 1254 5284 Ioseph
1286 5198 1390 5281 pluris
1421 5197 1483 5262 luit
1521 5197 1651 5265 divinae
1689 5197 1814 5282 gratiae
1852 5196 2098 5278 commendatio,

111 5291 147 5355 ni
176 5289 183 5302 '
222 5285 333 5353 oneris
360 5299 500 5352 remeat.
544 5287 594 5353 Ac
617 5288 730 5370 paucis
751 5287 862 5353 verbis
883 5286 1083 5353 incredibilis
1133 5305 1231 5369 quam
1252 5286 1363 5350 fucosa
1382 5283 1418 5347 in
1440 5283 1585 5349 futurum
1607 5294 1737 5367 tempus
1759 5283 1918 5350 nobilitas.

110 5376 206 5442 illins
226 5369 403 5456 prudentia
424 5390 444 5435 a
465 5371 559 5439 Mose
580 5372 742 5449 laudatur,
764 5372 850 5455 quod
872 5380 1007 5455 repente
1025 5393 1082 5457 op·
1219 5369 1270 5436 53.
1293 5368 1338 5435 Et
1362 5368 1446 5452 finiti
1474 5371 1790 5451 meermanni.
1830 5369 1902 5435 Iam
1930 5369 2021 5452 prius
2047 5369 2097 5434 in·
