5000 6208
391 437 454 502 327
969 516 972 524 ,
1045 435 1415 503 COMMENTARIUS
1438 435 1488 501 IN
1511 434 1725 504 GENESIN.
2315 439 2378 504 328

390 625 595 710 copnationcm
616 643 716 689 mam
734 643 862 707 perpes,
884 628 913 689 et
933 625 1039 706 capies
1059 645 1186 690 uxorem
1205 624 1274 706 fitia
1294 643 1361 689 mco
1411 623 1509 689 divit:
1530 621 1719 691 Benedictus
1740 623 1855 691 Iebova
1872 622 1962 690 Deus
1982 626 2101 692 donnini
2122 627 2183 692 mei
2204 625 2377 707 Amatam,

392 709 496 775 Istoc.
533 709 562 774 5.
586 707 630 774 Et
650 709 733 775 diait
753 710 797 775 ad
818 729 887 774 eum
904 729 1024 777 servus:
1046 710 1085 776 Si
1103 710 1239 793 forsitan
1256 709 1360 774 notue-
1410 709 1732 791 potamioenae
1759 711 2007 776 misericordiam
2033 731 2143 793 acam,
2174 714 2379 778 etveritatcm

389 795 434 861 rit
454 795 567 861 muticr
588 795 692 860 vmire
709 799 784 877 post
803 815 852 860 me
873 795 916 860 ad
944 799 1060 862 mrrmn
1086 795 1178 874 banc,
1207 793 1362 877 numquid
1409 813 1501 860 mam
1522 816 1544 860 a
1565 795 1691 860 domino
1718 815 1792 861 urea.
1837 795 1906 879 Epo
1927 797 2050 877 invia,
2080 797 2173 862 drmit
2193 805 2241 864 me
2263 796 2379 864 Iebova

389 881 560 947 reducendo
580 881 728 946 reducam
743 879 847 961 fitium
863 885 953 945 tuum
968 881 1011 947 ad
1027 886 1144 947 terram
1161 882 1243 948 mede
1260 899 1360 964 apres·
1410 879 1452 946 ad
1484 880 1607 946 dommn
1637 880 1777 962 fratrum
1807 881 1926 947 donum
1958 883 2026 948 mei.
2082 883 2133 949 28.
2167 883 2211 948 Et
2241 884 2380 948 manmit

388 985 444 1030 sus
461 966 516 1032 es?
557 964 587 1031 6.
611 965 656 1031 Et
676 966 759 1031 dicit
779 966 821 1031 vd
843 985 913 1031 eum
934 966 1116 1033 Abrabam:
1141 965 1223 1035 Cave
1247 965 1305 1032 tibi
1323 984 1362 1030 ne
1404 964 1529 1046 puella,
1565 971 1593 1031 et
1624 967 1784 1032 nunciavit
1815 966 1923 1031 domm
1953 969 2066 1033 mauis
2101 990 2178 1035 suae
2210 969 2378 1036 secundum

387 1051 467 1134 forte
498 1051 632 1117 reducas
662 1051 766 1133 fitium
796 1071 897 1116 meum
929 1051 1011 1117 nttuc.
1064 1053 1093 1117 ’1.
1124 1051 1239 1119 Iebooa
1271 1051 1361 1117 Deus
1409 1051 1502 1116 verba
1522 1049 1603 1116 baec.
1648 1051 1699 1117 29.
1723 1051 1767 1116 Et
1787 1051 1853 1132 ipsi
1875 1051 1974 1118 Ribca
1994 1059 2060 1119 erat
2079 1053 2196 1136 frater.
2220 1061 2247 1119 et
2267 1075 2378 1120 nonum

388 1138 481 1216 coeti,
509 1139 564 1219 qui
584 1137 761 1202 manee
788 1137 876 1202 amn
899 1139 1006 1219 patris
1025 1139 1100 1216 mei,
1128 1142 1295 1204 eteterra
1315 1156 1361 1202 co-
1408 1137 1476 1202 eius
1505 1136 1634 1202 Laban:
1662 1143 1691 1202 et
1718 1139 1854 1202 aeona
1883 1137 1993 1203 Laban
2021 1139 2194 1204 advirum
2219 1141 2308 1220 foras
2334 1140 2380 1204 ad

387 1224 548 1306 perationis
568 1241 671 1301 meae,
700 1227 728 1288 et
749 1223 805 1303 aui
827 1221 971 1306 loquutus
992 1227 1036 1290 est
1063 1223 1156 1305 mibi,
1186 1223 1293 1307 etqui
1312 1223 1360 1288 iu-
1407 1222 1533 1304 fontem.
1584 1221 1635 1287 30.
1666 1221 1746 1288 Fuit
1772 1227 1873 1288 auteur
1898 1243 1995 1304 quum
2021 1223 2150 1289 vidisset
2176 1225 2321 1290 inaurem
2350 1229 2381 1290 et

277 1347 283 1356 ·
389 1309 474 1374 ravit
494 1306 588 1386 mibi,
622 1308 762 1376 tuendo:
792 1307 912 1374 Semini
939 1313 991 1375 tuo
1016 1309 1093 1375 dabo
1121 1314 1238 1374 terram
1265 1308 1361 1373 banc:
1409 1307 1555 1374 armillas
1574 1309 1612 1374 in
1627 1306 1775 1374 omnibns
1802 1309 1920 1374 sororis
1939 1329 2032 1386 suae,
2061 1314 2089 1374 ct
2116 1329 2211 1392 mum
2238 1311 2382 1376 audisset

390 1394 458 1476 ipse
478 1394 574 1460 mittet
603 1393 745 1477 cupetum
770 1413 862 1458 scum
892 1399 962 1459 ante
983 1398 1026 1472 te,
1054 1400 1082 1460 et
1108 1396 1212 1475 capies
1232 1413 1360 1460 uxorem
1408 1393 1476 1475 ipse
1497 1393 1588 1459 verba
1610 1391 1711 1458 Ribca
1731 1392 1849 1459 sororis
1870 1413 1960 1472 mae,
1989 1395 2130 1461 dicendo:
2155 1393 2208 1460 Sic
2233 1395 2380 1478 toquutus

387 1478 457 1560 fitia
483 1499 548 1545 meo
575 1479 655 1545 inde.
701 1479 730 1544 8.
763 1479 851 1560 Quod
877 1481 909 1544 si
936 1479 1067 1545 notuerit
1096 1481 1209 1546 mulier
1228 1500 1360 1564 perpere
1409 1483 1453 1544 est
1473 1479 1516 1544 ad
1536 1498 1585 1544 me
1606 1479 1671 1544 vir:
1690 1479 1772 1544 veuit
1793 1479 1836 1544 ad
1856 1479 1976 1558 nimum,
2006 1485 2134 1548 etevce:
2162 1480 2265 1547 stabat
2284 1483 2379 1548 iveta

384 1569 457 1646 post
474 1565 662 1645 tamardus
678 1565 742 1630 cris
756 1565 794 1629 ab
811 1566 1009 1631 adiuratione
1024 1585 1092 1631 uua
1111 1567 1188 1631 ista:
1204 1566 1361 1632 duntaxat
1408 1565 1547 1642 cometas,
1569 1565 1660 1630 taeta
1678 1564 1799 1646 fontem.
1843 1563 1895 1630 31.
1918 1565 1963 1630 Et
1982 1565 2082 1632 dicit:
2104 1564 2270 1650 Inpredere
2291 1566 2380 1632 bene·

387 1649 492 1730 fitium
519 1669 621 1716 meum
645 1670 684 1715 ne
712 1650 844 1716 reducas
869 1651 954 1718 ittuc.
999 1651 1028 1716 9.
1053 1650 1095 1716 Et
1116 1651 1224 1733 posuit
1250 1671 1361 1717 servus
1408 1649 1485 1716 dicte
1506 1649 1647 1728 Iebovae,
1668 1654 1703 1714 ut
1723 1650 1801 1732 quid
1820 1671 1928 1716 manes
1946 1651 2053 1734 foris?
2073 1656 2101 1716 et
2121 1673 2173 1734 epo
2188 1653 2309 1733 paravi
2325 1654 2381 1718 da-

390 1755 520 1801 manum
547 1755 640 1801 suam
673 1735 731 1802 sub
756 1737 872 1820 femore
895 1736 1059 1802 Abrabam
1086 1737 1206 1802 dmuini
1231 1738 1299 1814 sui,
1333 1741 1361 1803 et
1408 1753 1504 1813 mmm,
1525 1740 1553 1800 et
1573 1736 1673 1800 tomm
1694 1735 1830 1802 camelis.
1875 1735 1926 1802 32.
1945 1734 1990 1801 Et
2006 1738 2087 1802 venit
2107 1738 2159 1802 vir
2179 1738 2222 1803 ad
2241 1737 2378 1816 denium,

390 1821 512 1886 iuravit
531 1823 561 1887 ei
582 1841 677 1904 super
703 1842 738 1887 re
754 1821 820 1888 tac.
858 1822 908 1887 10.
932 1821 976 1888 Et
996 1823 1111 1904 accepit
1131 1842 1238 1888 servus
1259 1823 1359 1888 mecm
1409 1825 1437 1886 et
1453 1821 1544 1886 satuit
1563 1821 1704 1901 cometas,
1726 1827 1754 1886 a
1774 1821 1859 1888 dedit
1872 1823 2003 1903 pateam
2024 1827 2052 1888 et
2066 1821 2221 1904 pabutum
2240 1824 2382 1903 canetis,

390 1906 519 1972 camelos
541 1926 557 1971 e
578 1906 704 1972 cometis
725 1908 845 1972 domini
864 1908 927 1987 sni,
950 1913 978 1972 et
993 1909 1152 1990 perrevit:
1174 1909 1250 1990 quia
1272 1927 1360 1974 omne
1409 1910 1574 1988 etaquam
1595 1907 1638 1972 ad
1659 1905 1828 1974 munaum
1843 1907 1939 1989 pedes
1960 1908 2043 1985 eius,
2073 1913 2101 1974 et
2118 1909 2215 1992 pedes
2234 1911 2380 1974 virorum

391 1991 502 2056 bouum
522 1992 640 2058 dmnini
661 1993 714 2058 sui
735 1998 802 2058 erat
822 1994 857 2058 in
877 2014 975 2058 manu
996 1994 1081 2059 cives:
1103 1997 1130 2056 et
1151 1994 1303 2070 surrevit,
1333 1997 1360 2058 a
1409 1993 1464 2075 qui
1484 1997 1572 2057 aaut
1592 2011 1662 2058 cum
1683 2013 1724 2058 eo.
1768 1991 1820 2057 33.
1843 1991 1887 2058 Et
1908 1994 2048 2076 positum
2069 1999 2115 2059 est
2141 2014 2244 2060 meam
2265 2015 2314 2073 eo,
2343 1999 2379 2060 ut

384 2078 541 2228 &efectus
557 2083 600 2143 est
616 2080 667 2243 ize
667 2077 1029 2246 aleierrmfencbmmt’ead
1024 2079 1203 2228 6311101111
1192 2079 1360 2231 “ambigi
1408 2077 1589 2228 manbuterzte:
1606 2083 1634 2142 et
1650 2078 1838 2229 &istd-bitom
1848 2079 2002 2246 mm
2019 2078 2110 2230 dogio
2126 2080 2383 2250 lbquatiemtpsum

435 2213 441 2228 .
549 2184 608 2228 enu
727 2185 743 2229 e
867 2183 1000 2230 camos
1073 2183 1190 2230 racio
1408 2185 1426 2227 v
1479 2185 1500 2229 a
1579 2184 1609 2228 a.
1750 2184 1826 2228 en:
1979 2183 2003 2229 e.
2098 2217 2105 2231 .
2322 2187 2379 2231 nr:

384 2254 518 2330 putenm
527 2185 646 2330 yaauae,
667 2254 800 2332 tempore
821 2251 1008 2332 vespertino,
1038 2254 1171 2332 tenpore
1199 2270 1257 2330 quo
1278 2271 1359 2334 epre-
1411 2247 1527 2314 Savus
1555 2248 1717 2314 Amabam
1742 2269 1821 2314 sum.
1871 2247 1922 2314 35.
1951 2248 2066 2314 Iebova
2094 2257 2196 2317 autem
2223 2251 2381 2316 benedicit

390 2335 523 2400 diuntur
539 2332 694 2401 mulieres
712 2355 793 2418 auae
809 2334 970 2400 baurimct.
1008 2333 1360 2402 lemovicanum
1409 2335 1532 2400 domiuo
1553 2353 1619 2400 meo
1639 2333 1738 2412 valde,
1760 2335 2023 2417 dampnificatus
2044 2341 2102 2414 est,
2125 2340 2153 2402 et
2174 2337 2257 2402 dedit
2277 2338 2307 2402 ci
2323 2358 2381 2418 pe-

390 2419 683 2485 Deusdominimei
695 2419 868 2500 Abrabam,
880 2421 1360 2503 venererefacnuuccoramme
1409 2421 1500 2486 mdes
1521 2423 1549 2484 et
1571 2419 1671 2498 bova,
1694 2425 1721 2484 et
1742 2425 1919 2502 arpmtrcm,
1946 2426 2125 2501 etaurum,
2147 2427 2175 2487 et
2202 2442 2322 2501 servvs,
2351 2428 2380 2487 et

390 2504 488 2582 bedu,
508 2505 605 2588 etfac
621 2505 868 2572 misericordiam
885 2525 955 2572 cum
971 2506 1094 2572 domim
1111 2526 1175 2572 meo
1186 2506 1358 2572 Abrabam.
1410 2505 1550 2583 enata,
1574 2509 1602 2570 et
1622 2504 1761 2584 camelos,
1785 2510 1813 2568 ct
1832 2506 1948 2572 osium.
1992 2505 2043 2572 36.
2067 2506 2112 2572 Et
2126 2509 2249 2590 peperit
2273 2506 2381 2574 Sarab

392 2589 441 2655 13.
462 2589 541 2656 Ecce
557 2611 611 2674 epo
629 2596 675 2656 sto
692 2592 782 2656 iuxta
797 2591 913 2673 fontem
935 2611 1043 2673 aquae,
1065 2595 1092 2657 et
1111 2591 1201 2672 filiae
1218 2593 1359 2658 virorum
1409 2611 1492 2657 uuor
1513 2591 1633 2656 domini
1653 2591 1714 2656 mei
1734 2589 1837 2670 fitium
1865 2592 1989 2657 domiuo
2010 2611 2077 2658 meo
2098 2599 2171 2674 post
2199 2598 2381 2660 senectutem

389 2677 526 2742 civitatis
546 2677 743 2758 eprcdinntur
765 2678 807 2742 ad
837 2676 1044 2742 hauriendam
1065 2697 1190 2759 aquam.
1236 2677 1285 2743 14.
1311 2677 1360 2742 Sit
1410 2697 1509 2754 mam,
1531 2681 1559 2740 et
1579 2676 1663 2742 dedit
1683 2676 1713 2741 ei
1734 2678 1839 2742 ovinia
1860 2697 1940 2758 puae
1960 2683 2033 2742 sunt
2054 2680 2091 2744 ei.
2131 2678 2183 2743 37.
2206 2678 2249 2744 Et
2269 2680 2381 2745 iurare

389 2781 468 2845 erpo,
486 2762 596 2845 puetta
617 2762 660 2827 ad
688 2782 783 2844 quam
811 2763 935 2828 dicero:
956 2761 1082 2828 ludina
1103 2783 1186 2828 nuuc
1213 2761 1360 2846 bpdriam
1408 2762 1481 2844 fecit
1501 2782 1548 2827 mc
1569 2761 1714 2826 mmmus
1734 2781 1835 2838 meus,
1869 2762 2012 2828 dicendo:
2034 2764 2106 2829 Nou
2126 2765 2231 2846 capies
2251 2785 2380 2831 acorem
2483 2796 2484 2804 ¹

387 2852 482 2924 tuam,
505 2857 533 2913 et
549 2847 667 2912 bibam:
688 2847 864 2914 etdiaerit:
886 2847 975 2927 Bibe,
998 2850 1134 2914 etetiam
1150 2849 1278 2914 canetis
1295 2851 1360 2915 tuis
1408 2847 1475 2930 fitia
1502 2866 1568 2912 meo
1588 2847 1626 2912 de
1651 2845 1778 2928 filiabus
1798 2846 2007 2928 Obmaamei,
2039 2851 2075 2914 iu
2101 2851 2191 2915 maius
2219 2855 2305 2916 terra
2326 2871 2381 2934 epo
2483 2829 2484 2858 ¹

382 2938 493 3013 potum
514 2933 610 2999 dabo:
630 2935 735 3015 ipsam
746 2935 996 3015 praeparaveris
1016 2954 1102 2999 servo
1123 2938 1174 2999 tuo
1195 2934 1308 3002 Istrae:
1333 2939 1361 3000 et
1410 2931 1520 2998 tabita.
1564 2932 1616 2998 38.
1641 2931 1703 2998 Sed
1723 2932 1767 2998 ad
1786 2933 1910 2998 domum
1925 2935 2034 3014 patris
2054 2936 2117 3000 urei
2132 2955 2259 3018 perpes,
2287 2941 2318 3002 ct
2338 2935 2379 3001 ad

382 3039 442 3101 per
458 3017 512 3084 boc
529 3019 629 3084 sciam
645 3019 725 3101 quod
744 3019 860 3101 feceris
880 3019 1128 3086 misericordiam
1149 3039 1219 3085 cum
1236 3021 1359 3087 domiuo
1409 3017 1569 3102 familiam
1589 3037 1705 3096 mam,
1731 3022 1759 3083 et
1780 3019 1884 3100 capies
1905 3038 2032 3086 uxoren
2051 3020 2118 3101 fitia
2139 3041 2217 3087 meo.
2260 3021 2312 3088 39.
2336 3020 2379 3086 12

389 3125 461 3170 meo.
508 3104 558 3169 15.
581 3103 626 3168 Et
645 3104 723 3186 fuit,
752 3107 916 3186 uunquam
940 3106 1009 3188 ipse
1033 3104 1240 3188 complevisset
1265 3106 1359 3190 toqui,
1410 3105 1482 3170 dini
1506 3105 1631 3170 doruino
1657 3121 1738 3170 noea:
1763 3102 1913 3170 Forsitan
1941 3125 2003 3170 nou
2029 3111 2136 3189 perpet
2167 3107 2281 3174 muticr
2302 3111 2378 3188 post

389 3209 470 3258 ecce:
494 3187 593 3256 Ribca
615 3189 834 3273 eprediebatur,
856 3211 936 3272 quae
955 3196 1032 3256 nata
1053 3196 1121 3256 erat
1141 3190 1274 3257 Bctbuct
1292 3191 1360 3273 fitia
1410 3210 1466 3255 me
1510 3191 1562 3255 40.
1586 3189 1629 3254 Ε1
1649 3189 1733 3255 divit
1753 3190 1797 3255 ad
1816 3209 1880 3254 me:
1902 3189 2032 3271 Iobova,
2052 3191 2089 3256 in
2109 3193 2200 3258 cuius
2220 3198 2378 3274 conspectu

389 3273 531 3340 Mitcbatv
558 3277 669 3341 ucoris
692 3275 817 3340 Nactae
842 3276 958 3358 fratris
983 3275 1163 3357 Abrabam,
1190 3281 1220 3343 et
1245 3276 1361 3360 bpdria
1411 3275 1586 3354 ambrdavi,
1619 3276 1715 3341 mittet
1737 3276 1883 3358 anpetum
1903 3295 1997 3341 suum
2018 3282 2129 3358 tecum
2150 3284 2179 3345 et
2199 3279 2378 3344 secundabit

390 3361 460 3426 eius
477 3365 545 3427 erat
560 3380 655 3444 super
670 3359 833 3426 humerum
849 3363 926 3427 eius.
964 3362 1014 3427 16.
1035 3361 1148 3428 Puetta
1169 3367 1271 3429 esctun
1292 3367 1359 3429 erat
1410 3363 1496 3426 vum
1528 3365 1631 3426 tuam:
1661 3365 1691 3426 et
1717 3361 1822 3442 capies
1852 3380 1980 3427 imorem
2006 3361 2073 3442 ma
2099 3382 2165 3430 meo
2190 3364 2228 3430 de
2250 3364 2376 3448 familia
2482 3361 2483 3426 ἶ

383 3445 520 3528 pulchra
549 3449 673 3530 aspectu
702 3447 807 3524 vatdo,
836 3448 937 3531 virpo,
962 3454 990 3514 et
1015 3448 1066 3512 vir
1093 3469 1155 3514 non
1183 3469 1215 3515 vo
1292 3453 1360 3513 crat
1409 3466 1488 3524 mea,
1511 3447 1596 3512 etde
1617 3447 1705 3512 doum
1719 3447 1829 3528 patris
1848 3448 1918 3512 mei.
1962 3447 2014 3512 41.
2040 3448 2128 3514 Tunc
2154 3451 2289 3516 mundus
2313 3451 2378 3515 eris

503 3551 583 3614 W
612 3531 1359 3685 intentionaverimus
1410 3531 1839 3684 temisve-'tau‘
1864 3533 2237 3687 mitid·
2260 3556 2377 3686 ”tte

388 3617 803 3779 msuils'bimddaubcfnidtddiviti
825 3639 937 3769 Potiu
957 3705 1000 3770 da
1027 3703 1107 3769 mibi
1125 3640 1219 3772 Snunb
1237 3641 1360 3788 parum
1409 3723 1487 3769 uvea.
1525 3702 1577 3768 42.
1605 3702 1682 3768 Veni
1697 3703 1795 3786 ipitur
1811 3668 1902 3770 bodie
1917 3703 1962 3769 ad
1974 3705 2097 3785 fanum,
2116 3711 2145 3770 et
2160 3642 2376 3772 dicibuletivvo

389 3807 489 3870 aquae
510 3808 548 3852 ec
565 3788 679 3872 tepdria
700 3794 766 3854 tna.
802 3789 852 3855 18.
871 3789 917 3854 Et
936 3789 1035 3857 divit:
1059 3789 1139 3856 Bibe
1159 3791 1281 3857 dominc
1298 3792 1359 3856 mi:
1411 3789 1500 3858 Dens
1519 3789 1640 3854 domini
1656 3789 1717 3853 mei
1736 3787 1907 3866 Abrabam,
1929 3791 2009 3854 situ
2025 3809 2107 3855 nunc
2123 3793 2275 3858 secundas
2290 3793 2376 3856 viam

391 3877 420 3937 et
436 3872 612 3955 festinavit,
638 3879 665 3938 et
686 3875 809 3939 dernimt
829 3874 974 3958 hydriam
1002 3896 1094 3942 uvam
1115 3897 1210 3958 super
1231 3897 1360 3942 manum
1409 3894 1510 3942 meam
1524 3895 1586 3956 per
1607 3893 1702 3956 quam
1723 3894 1775 3958 epo
1795 3875 1926 3954 anibula,
1962 3875 2014 3941 43.
2033 3875 2121 3956 Ecce,
2143 3897 2198 3962 epo
2218 3883 2263 3942 sto
2281 3879 2376 3942 invto

390 3977 495 4038 suarm
523 3963 552 4023 et
570 3965 681 4040 potum
707 3959 791 4025 dedit
809 3961 848 4025 ei.
894 3961 944 4026 19.
981 3960 1041 4028 Ubi
1068 3962 1227 4044 complevit
1249 3967 1360 4045 potum
1407 3961 1522 4044 fontem
1549 3979 1666 4042 apiae:
1697 3959 1803 4041 taque
1829 3960 1886 4038 sit,
1915 3961 2001 4044 virpo
2028 3982 2108 4044 picae
2135 3963 2302 4047 epredietnr
2331 3963 2375 4028 ad
2481 4025 2482 4036 ,

389 4044 466 4109 darc
483 4044 529 4109 ei:
545 4045 723 4110 tuncdiccit:
740 4045 849 4110 Etiam
868 4046 994 4112 caudis
1009 4048 1073 4113 tuis
1089 4047 1248 4126 hauriam,
1267 4050 1360 4114 dmiec
1409 4045 1626 4124 hauriendum,
1643 4049 1671 4110 et
1687 4043 1795 4110 dicero
1812 4046 1858 4109 ei:
1876 4044 1932 4112 Da
1948 4046 2027 4112 mibi
2040 4053 2148 4130 potum
2166 4069 2246 4116 nvnc
2256 4069 2374 4131 parum

388 4131 604 4212 compleverint
624 4129 732 4196 bibere
777 4131 828 4196 20.
852 4131 895 4196 Et
921 4133 1094 4215 festinavit,
1123 4139 1152 4199 et
1177 4133 1286 4216 effudit
1306 4133 1359 4218 tep-
1408 4151 1508 4214 aquae
1528 4151 1567 4196 ec
1587 4129 1701 4214 bpdria
1722 4135 1786 4208 tua,
1829 4130 1881 4196 44.
1902 4131 1947 4196 Et
1963 4131 2081 4198 dicmit
2100 4133 2198 4200 mibi:
2219 4133 2324 4200 Etiam
2342 4143 2378 4202 tu

390 4215 497 4280 driam
518 4217 667 4281 suumin
687 4216 809 4296 cantate,
837 4223 866 4283 et
890 4219 1029 4283 mmrrit
1049 4219 1150 4286 adbuc
1171 4220 1214 4284 ad
1230 4223 1359 4300 puteum
1409 4217 1491 4296 bibe,
1518 4221 1547 4282 ct
1575 4218 1669 4281 dmm
1697 4216 1824 4283 cannetis
1852 4218 1917 4282 tuis
1942 4217 2107 4298 hauriam,
2140 4220 2214 4300 ipsa
2234 4220 2275 4286 sit
2294 4242 2381 4286 neor

389 4305 426 4366 ut
441 4301 599 4366 hauriret:
617 4306 645 4367 et
661 4301 768 4368 deusd
784 4302 926 4370 omnibns
942 4304 1069 4370 cometis
1085 4306 1162 4370 eius.
1191 4305 1243 4370 21.
1258 4303 1359 4370 Porro
1409 4323 1505 4385 quam
1520 4303 1730 4384 praeparavit
1751 4301 1865 4368 Iebova
1883 4303 1953 4385 filio
1979 4304 2099 4370 domini
2120 4307 2191 4370 urei.
2234 4305 2282 4372 45.
2305 4307 2378 4391 Epo

390 4387 440 4452 vir
460 4385 600 4468 stupebat
619 4407 715 4470 super
735 4408 772 4454 ea
793 4393 912 4469 memes,
945 4395 981 4454 ut
1007 4391 1098 4456 sciret
1124 4395 1230 4456 utrum
1250 4410 1358 4456 secuu-
1409 4393 1575 4470 antequam
1596 4387 1776 4470 corupterem
1796 4386 1882 4470 bani
1903 4389 1939 4454 in
1959 4389 2046 4454 corde
2069 4409 2148 4469 meo,
2178 4411 2255 4470 ecce,
2275 4391 2379 4459 Ribca

386 4473 492 4539 desset
514 4472 627 4540 lebona
647 4475 733 4539 viam
753 4493 853 4554 suam
876 4495 988 4540 annon.
1029 4476 1080 4542 22.
1104 4475 1149 4542 Et
1167 4476 1240 4559 fuit,
1262 4495 1359 4557 auum
1409 4473 1631 4559 eprodiebatsu,
1653 4477 1681 4538 et
1701 4472 1815 4557 bpdria
1832 4476 1901 4540 eius
1916 4481 1984 4540 erat
2000 4495 2096 4555 anper
2115 4475 2275 4543 tamenn
2291 4479 2379 4543 eius:

388 4558 618 4639 canpteousem
637 4560 748 4625 cameti
769 4559 883 4638 bibere,
911 4561 1046 4643 protadii
1065 4563 1116 4627 vir
1137 4561 1281 4627 inaurem
1302 4582 1359 4627 au·
1408 4558 1606 4626 etdesceudit
1625 4560 1669 4625 ad
1683 4559 1812 4641 fontem,
1834 4563 1862 4624 et
1885 4560 2006 4626 bausit.-
2026 4561 2142 4627 cidini
2158 4564 2202 4629 ad
2221 4584 2301 4628 eam:
2319 4563 2380 4629 Da
2480 4567 2481 4586 ¹

387 4663 482 4721 ream,
505 4645 649 4711 semissis
662 4646 790 4728 pondus
810 4647 886 4725 eius,
909 4650 937 4710 et
958 4648 1039 4712 duas
1061 4646 1220 4728 armillas,
1247 4657 1280 4712 vt
1301 4669 1358 4731 po·
1408 4643 1488 4710 mibi
1511 4649 1620 4724 potum
1647 4664 1737 4710 nunc.
1781 4645 1833 4710 46.
1857 4644 1901 4710 Et
1925 4644 2101 4728 festinavit,
2129 4653 2157 4712 et
2184 4649 2302 4714 demmt
2324 4649 2379 4731 top

389 4730 455 4793 suit
476 4749 572 4810 super
594 4750 707 4795 manus
733 4733 818 4796 eins:
844 4733 944 4796 decem
973 4735 1064 4798 aurei
1085 4733 1213 4816 pondus
1240 4753 1357 4798 aarum
1408 4731 1514 4796 driam
1535 4749 1628 4794 suam
1648 4731 1782 4812 desuper
1802 4751 1850 4808 se,
1878 4735 1905 4798 et
1932 4731 2028 4796 dicit:
2048 4731 2145 4814 Bibe,
2167 4739 2196 4798 et
2216 4735 2306 4799 etiam
2329 4755 2381 4798 va-

389 4813 441 4879 23.
460 4814 584 4879 Etiam
602 4817 739 4883 diverat:
757 4816 856 4896 Filia,
874 4819 964 4884 cuius
982 4818 1039 4883 es?
1057 4820 1165 4885 indica
1182 4838 1263 4884 uueec
1279 4819 1359 4884 mitt
1408 4816 1497 4882 metis
1513 4815 1578 4880 tuis
1593 4820 1704 4895 potum
1720 4816 1809 4882 dabo.
1839 4815 1884 4882 Et
1904 4815 1975 4894 bibi,
1997 4822 2024 4880 ct
2041 4819 2135 4884 ctiam
2152 4817 2273 4886 camelis
2289 4821 2381 4884 dedit

389 4899 542 4980 uunquid
557 4903 653 4966 estin
671 4902 758 4968 donno
773 4905 883 4984 patris
903 4905 950 4968 tui
967 4903 1053 4970 tocus
1070 4904 1156 4970 nobis
1173 4905 1216 4970 ad
1231 4925 1359 4985 pernoc-
1403 4908 1522 4986 potnm.
1566 4900 1618 4966 47.
1642 4900 1688 4966 Et
1708 4902 1896 4986 interrvpavi
1917 4921 1995 4979 eam,
2018 4907 2045 4968 et
2066 4903 2155 4970 dini:
2177 4905 2262 4970 Filia
2281 4906 2382 4969 acius

388 4984 545 5051 tandum?
595 4986 646 5052 24.
680 4987 725 5052 Et
755 4989 880 5054 dicuat
919 4989 962 5054 ad
994 5010 1080 5054 eum:
1108 4989 1197 5055 ditia
1228 4990 1360 5057 Betbuet
1408 4988 1466 5054 es?
1484 4987 1529 5051 Et
1549 4986 1647 5052 divit:
1665 4985 1754 5053 Filia
1771 4985 1906 5053 Betbuet
1919 4987 1983 5068 fita·
2003 4989 2138 5068 Nacbor,
2156 5011 2242 5072 quem
2251 4993 2381 5070 peperit

387 5091 467 5146 sum,
487 5070 552 5151 pta·
570 5071 720 5151 Memnon,
742 5093 831 5155 quem
848 5076 971 5158 peperit
987 5076 1054 5155 ipsi
1073 5075 1208 5141 Nacbor.
1245 5074 1296 5142 25.
1315 5076 1360 5141 Et
1409 5071 1612 5140 amitttat.
1656 5073 1701 5138 Et
1715 5075 1812 5156 posui
1839 5075 1984 5139 inaurem
2011 5094 2108 5157 super
2133 5095 2224 5141 nares
2242 5076 2329 5154 eius,
2354 5082 2382 5139 et
2479 5087 2480 5092 ’

387 5156 470 5222 divit
491 5157 534 5222 ad
551 5177 637 5222 eum:
659 5159 769 5224 Etiam
786 5160 898 5242 pateo,
927 5161 1020 5225 etiam
1042 5161 1197 5243 pabutum
1226 5163 1359 5227 muttum
1408 5157 1554 5226 anmittas
1585 5177 1679 5238 super
1710 5179 1823 5224 manum
1854 5162 1929 5224 eius.
1974 5159 2026 5224 48.
2061 5160 2107 5226 Et
2138 5160 2285 5227 iuctiuavi
2320 5183 2381 5238 uec,

389 5247 433 5306 est
454 5243 541 5322 apud
562 5263 634 5323 nos,
662 5246 755 5310 etiam
776 5245 861 5310 iocus
882 5247 924 5311 ad
940 5248 1195 5328 pernoctandum.
1240 5248 1291 5313 26.
1316 5247 1360 5314 Et
1410 5244 1632 5324 incurvaoique
1663 5265 1712 5309 me
1745 5243 1888 5326 Iebovae,
1922 5249 1948 5308 et
1981 5245 2123 5311 auctiva·
2156 5245 2278 5312 Iebovac
2308 5247 2384 5312 Deo

385 5327 549 5392 inclinavit
577 5348 611 5393 se
633 5330 696 5411 vir,
725 5337 753 5396 ct
782 5331 955 5397 incurvavit
982 5353 1014 5397 se
1040 5332 1179 5400 chovae.
1230 5333 1282 5398 27.
1314 5333 1359 5399 Et
1409 5330 1527 5396 domiui
1554 5331 1615 5394 mei
1635 5329 1817 5410 Abrabam,
1846 5332 1903 5413 qui
1931 5331 2023 5396 ducit
2051 5351 2098 5397 me
2115 5353 2174 5412 per
2194 5333 2270 5396 viam
2299 5334 2386 5397 seri-
