<?xml version="1.0" encoding="UTF-8"?>
<!DOCTYPE html PUBLIC "-//W3C//DTD XHTML 1.0 Transitional//EN"
    "http://www.w3.org/TR/xhtml1/DTD/xhtml1-transitional.dtd">
<html xmlns="http://www.w3.org/1999/xhtml" xml:lang="en" lang="en">
 <head>
  <title>
</title>
<meta http-equiv="Content-Type" content="text/html;charset=utf-8" />
  <meta name='ocr-system' content='tesseract 3.04.00' />
  <meta name='ocr-capabilities' content='ocr_page ocr_carea ocr_par ocr_line ocrx_word'/>
</head>
<body>
  <div class='ocr_page' id='page_1' title='image "./ioanniscalvinio06reusgoog_0156.png"; bbox 0 0 5000 6208; ppageno 0'>
   <div class='ocr_carea' id='block_1_1' title="bbox 389 381 2386 452">
    <p class='ocr_par' dir='ltr' id='par_1_1' title="bbox 389 381 2386 452">
     <span class='ocr_line' id='line_1_1' title="bbox 389 381 2386 452; baseline -0.001 -2"><span class='ocrx_word' id='word_1_1' title='bbox 389 385 454 452; x_wconf 83' lang='lat'><strong>239</strong></span> <span class='ocrx_word' id='word_1_2' title='bbox 1049 381 1420 450; x_wconf 69' lang='lat' dir='ltr'><strong>COMMENTARIUS</strong></span> <span class='ocrx_word' id='word_1_3' title='bbox 1442 383 1492 448; x_wconf 86' lang='lat' dir='ltr'><strong>IN</strong></span> <span class='ocrx_word' id='word_1_4' title='bbox 1515 381 1729 449; x_wconf 78' lang='lat' dir='ltr'><strong>GENESIN.</strong></span> <span class='ocrx_word' id='word_1_5' title='bbox 2325 384 2386 448; x_wconf 75' lang='lat'>‘240</span> 
     </span>
    </p>
   </div>
   <div class='ocr_carea' id='block_1_2' title="bbox 389 567 2388 656">
    <p class='ocr_par' dir='ltr' id='par_1_2' title="bbox 389 567 2388 656">
     <span class='ocr_line' id='line_1_2' title="bbox 389 567 2388 656; baseline -0.002 -15"><span class='ocrx_word' id='word_1_6' title='bbox 389 572 478 641; x_wconf 89' lang='lat' dir='ltr'><strong>ceria</strong></span> <span class='ocrx_word' id='word_1_7' title='bbox 496 581 530 639; x_wconf 91' lang='lat' dir='ltr'><strong>et</strong></span> <span class='ocrx_word' id='word_1_8' title='bbox 552 571 686 637; x_wconf 89' lang='lat' dir='ltr'><strong>tandem</strong></span> <span class='ocrx_word' id='word_1_9' title='bbox 708 569 938 636; x_wconf 75' lang='lat' dir='ltr'><strong>exhaeredatis</strong></span> <span class='ocrx_word' id='word_1_10' title='bbox 961 568 1167 636; x_wconf 91' lang='lat' dir='ltr'><strong>naturalibus</strong></span> <span class='ocrx_word' id='word_1_11' title='bbox 1188 568 1282 647; x_wconf 87' lang='lat' dir='ltr'><strong>filiis,</strong></span> <span class='ocrx_word' id='word_1_12' title='bbox 1305 567 1363 636; x_wconf 92' lang='lat' dir='ltr'><strong>ad·</strong></span> <span class='ocrx_word' id='word_1_13' title='bbox 1414 591 1511 656; x_wconf 89' lang='lat' dir='ltr'><strong>quam</strong></span> <span class='ocrx_word' id='word_1_14' title='bbox 1537 569 1671 636; x_wconf 84' lang='lat' dir='ltr'><strong>verbum</strong></span> <span class='ocrx_word' id='word_1_15' title='bbox 1696 571 1831 648; x_wconf 83' lang='lat' dir='ltr'><strong>visibile,</strong></span> <span class='ocrx_word' id='word_1_16' title='bbox 1856 569 1907 635; x_wconf 86' lang='lat' dir='ltr'><strong>vel</strong></span> <span class='ocrx_word' id='word_1_17' title='bbox 1929 570 2097 653; x_wconf 89' lang='lat' dir='ltr'><strong>sculptura</strong></span> <span class='ocrx_word' id='word_1_18' title='bbox 2119 580 2152 635; x_wconf 92' lang='lat' dir='ltr'><strong>et</strong></span> <span class='ocrx_word' id='word_1_19' title='bbox 2174 571 2300 655; x_wconf 84' lang='lat' dir='ltr'><strong>effigies</strong></span> <span class='ocrx_word' id='word_1_20' title='bbox 2317 593 2388 656; x_wconf 84' lang='lat' dir='ltr'><strong>gra·</strong></span> 
     </span>
    </p>
   </div>
   <div class='ocr_carea' id='block_1_3' title="bbox 390 654 2473 744">
    <p class='ocr_par' dir='ltr' id='par_1_3' title="bbox 390 654 2473 744">
     <span class='ocr_line' id='line_1_3' title="bbox 390 654 2473 744; baseline -0.002 -19"><span class='ocrx_word' id='word_1_21' title='bbox 390 660 547 726; x_wconf 73' lang='lat' dir='ltr'><strong>eutitium</strong></span> <span class='ocrx_word' id='word_1_22' title='bbox 580 678 684 743; x_wconf 89' lang='lat' dir='ltr'><strong>genus</strong></span> <span class='ocrx_word' id='word_1_23' title='bbox 716 678 758 723; x_wconf 90' lang='lat' dir='ltr'><strong>ex</strong></span> <span class='ocrx_word' id='word_1_24' title='bbox 790 657 942 723; x_wconf 86' lang='lat' dir='ltr'><strong>omnibus</strong></span> <span class='ocrx_word' id='word_1_25' title='bbox 974 654 1089 722; x_wconf 91' lang='lat' dir='ltr'><strong>muudi</strong></span> <span class='ocrx_word' id='word_1_26' title='bbox 1113 656 1219 744; x_wconf 89' lang='lat' dir='ltr'><strong>plagis</strong></span> <span class='ocrx_word' id='word_1_27' title='bbox 1242 655 1364 722; x_wconf 87' lang='lat' dir='ltr'><strong>hahere</strong></span> <span class='ocrx_word' id='word_1_28' title='bbox 1415 655 1480 722; x_wconf 90' lang='lat' dir='ltr'><strong>tiae</strong></span> <span class='ocrx_word' id='word_1_29' title='bbox 1510 657 1574 721; x_wconf 91' lang='lat' dir='ltr'><strong>Dei</strong></span> <span class='ocrx_word' id='word_1_30' title='bbox 1603 677 1685 738; x_wconf 89' lang='lat' dir='ltr'><strong>quae</strong></span> <span class='ocrx_word' id='word_1_31' title='bbox 1715 657 1850 736; x_wconf 84' lang='lat' dir='ltr'><strong>verbum</strong></span> <span class='ocrx_word' id='word_1_32' title='bbox 1885 656 2001 722; x_wconf 90' lang='lat' dir='ltr'><strong>melius</strong></span> <span class='ocrx_word' id='word_1_33' title='bbox 2033 654 2185 721; x_wconf 76' lang='lat' dir='ltr'><strong>illustret.</strong></span> <span class='ocrx_word' id='word_1_34' title='bbox 2237 655 2389 739; x_wconf 78' lang='lat' dir='ltr'><strong>Quodsi</strong></span> <span class='ocrx_word' id='word_1_35' title='bbox 2472 695 2473 720; x_wconf 66' lang='grc' dir='ltr'>ι</span> 
     </span>
    </p>
   </div>
   <div class='ocr_carea' id='block_1_4' title="bbox 337 739 2394 4169">
    <p class='ocr_par' dir='ltr' id='par_1_4' title="bbox 337 739 2394 4169">
     <span class='ocr_line' id='line_1_4' title="bbox 388 739 2388 828; baseline -0.003 -17"><span class='ocrx_word' id='word_1_36' title='bbox 388 745 492 828; x_wconf 90' lang='lat' dir='ltr'><strong>coepit</strong></span> <span class='ocrx_word' id='word_1_37' title='bbox 514 743 692 810; x_wconf 88' lang='lat' dir='ltr'><strong>Abraham.</strong></span> <span class='ocrx_word' id='word_1_38' title='bbox 1414 755 1530 808; x_wconf 89' lang='lat' dir='ltr'><strong>mutua</strong></span> <span class='ocrx_word' id='word_1_39' title='bbox 1552 757 1601 806; x_wconf 87' lang='lat' dir='ltr'><strong>est</strong></span> <span class='ocrx_word' id='word_1_40' title='bbox 1623 743 1709 806; x_wconf 89' lang='lat' dir='ltr'><strong>iuter</strong></span> <span class='ocrx_word' id='word_1_41' title='bbox 1740 742 1874 807; x_wconf 89' lang='lat' dir='ltr'><strong>verbum</strong></span> <span class='ocrx_word' id='word_1_42' title='bbox 1897 750 1931 806; x_wconf 89' lang='lat' dir='ltr'><strong>et</strong></span> <span class='ocrx_word' id='word_1_43' title='bbox 1952 739 2049 807; x_wconf 90' lang='lat' dir='ltr'><strong>fidem</strong></span> <span class='ocrx_word' id='word_1_44' title='bbox 2079 741 2212 820; x_wconf 91' lang='lat' dir='ltr'><strong>relatio,</strong></span> <span class='ocrx_word' id='word_1_45' title='bbox 2242 743 2388 827; x_wconf 90' lang='lat' dir='ltr'><strong>sequitur</strong></span> 
     </span>
     <span class='ocr_line' id='line_1_5' title="bbox 481 825 2387 912; baseline -0.001 -17"><span class='ocrx_word' id='word_1_46' title='bbox 481 827 521 896; x_wconf 89' lang='lat' dir='ltr'><strong>Ut</strong></span> <span class='ocrx_word' id='word_1_47' title='bbox 539 829 601 894; x_wconf 60' lang='lat' dir='ltr'><strong>um</strong></span> <span class='ocrx_word' id='word_1_48' title='bbox 621 829 679 894; x_wconf 79' lang='lat' dir='ltr'><strong>tibi</strong></span> <span class='ocrx_word' id='word_1_49' title='bbox 699 829 736 893; x_wconf 81' lang='lat' dir='ltr'><strong>iu</strong></span> <span class='ocrx_word' id='word_1_50' title='bbox 755 826 869 894; x_wconf 84' lang='lat' dir='ltr'><strong>Deum.</strong></span> <span class='ocrx_word' id='word_1_51' title='bbox 914 825 989 894; x_wconf 89' lang='lat' dir='ltr'><strong>Uno</strong></span> <span class='ocrx_word' id='word_1_52' title='bbox 1009 827 1071 893; x_wconf 91' lang='lat' dir='ltr'><strong>hoc</strong></span> <span class='ocrx_word' id='word_1_53' title='bbox 1092 826 1128 892; x_wconf 93' lang='lat' dir='ltr'><strong>in</strong></span> <span class='ocrx_word' id='word_1_54' title='bbox 1150 827 1252 893; x_wconf 82' lang='lat' dir='ltr'><strong>verbo</strong></span> <span class='ocrx_word' id='word_1_55' title='bbox 1276 828 1364 895; x_wconf 89' lang='lat' dir='ltr'><strong>olars</strong></span> <span class='ocrx_word' id='word_1_56' title='bbox 1414 829 1514 894; x_wconf 87' lang='lat' dir='ltr'><strong>finem</strong></span> <span class='ocrx_word' id='word_1_57' title='bbox 1545 829 1634 894; x_wconf 91' lang='lat' dir='ltr'><strong>huuc</strong></span> <span class='ocrx_word' id='word_1_58' title='bbox 1655 840 1689 891; x_wconf 89' lang='lat' dir='ltr'><strong>et</strong></span> <span class='ocrx_word' id='word_1_59' title='bbox 1710 849 1805 892; x_wconf 90' lang='lat' dir='ltr'><strong>usum</strong></span> <span class='ocrx_word' id='word_1_60' title='bbox 1835 829 2048 893; x_wconf 88' lang='lat' dir='ltr'><strong>sacramentis</strong></span> <span class='ocrx_word' id='word_1_61' title='bbox 2077 831 2280 912; x_wconf 89' lang='lat' dir='ltr'><strong>propositum</strong></span> <span class='ocrx_word' id='word_1_62' title='bbox 2309 837 2387 904; x_wconf 79' lang='lat' dir='ltr'><strong>esse,</strong></span> 
     </span>
     <span class='ocr_line' id='line_1_6' title="bbox 389 908 2389 998; baseline -0.001 -18"><span class='ocrx_word' id='word_1_63' title='bbox 389 914 550 992; x_wconf 90' lang='lat' dir='ltr'><strong>docemur,</strong></span> <span class='ocrx_word' id='word_1_64' title='bbox 573 914 744 998; x_wconf 81' lang='lat' dir='ltr'><strong>spirituale</strong></span> <span class='ocrx_word' id='word_1_65' title='bbox 765 913 828 980; x_wconf 89' lang='lat' dir='ltr'><strong>hoc</strong></span> <span class='ocrx_word' id='word_1_66' title='bbox 849 913 951 978; x_wconf 82' lang='lat' dir='ltr'><strong>fuisse</strong></span> <span class='ocrx_word' id='word_1_67' title='bbox 972 912 1101 990; x_wconf 87' lang='lat' dir='ltr'><strong>foedus,</strong></span> <span class='ocrx_word' id='word_1_68' title='bbox 1125 935 1191 979; x_wconf 91' lang='lat' dir='ltr'><strong>non</strong></span> <span class='ocrx_word' id='word_1_69' title='bbox 1210 908 1364 998; x_wconf 81' lang='lat' dir='ltr'><strong>prahsen·</strong></span> <span class='ocrx_word' id='word_1_70' title='bbox 1415 921 1454 978; x_wconf 92' lang='lat' dir='ltr'><strong>ut</strong></span> <span class='ocrx_word' id='word_1_71' title='bbox 1473 913 1572 979; x_wconf 91' lang='lat' dir='ltr'><strong>fidem</strong></span> <span class='ocrx_word' id='word_1_72' title='bbox 1594 912 1758 994; x_wconf 87' lang='lat' dir='ltr'><strong>adiuvent,</strong></span> <span class='ocrx_word' id='word_1_73' title='bbox 1782 925 1994 994; x_wconf 82' lang='lat' dir='ltr'><strong>promoveant</strong></span> <span class='ocrx_word' id='word_1_74' title='bbox 2015 933 2053 980; x_wconf 91' lang='lat' dir='ltr'><strong>ac</strong></span> <span class='ocrx_word' id='word_1_75' title='bbox 2073 914 2277 979; x_wconf 87' lang='lat' dir='ltr'><strong>confirment.</strong></span> <span class='ocrx_word' id='word_1_76' title='bbox 2322 913 2389 993; x_wconf 81' lang='lat' dir='ltr'><strong>Qui</strong></span> 
     </span>
     <span class='ocr_line' id='line_1_7' title="bbox 389 997 2391 1084; baseline 0 -20"><span class='ocrx_word' id='word_1_77' title='bbox 389 1003 432 1066; x_wconf 88' lang='lat' dir='ltr'><strong>tis</strong></span> <span class='ocrx_word' id='word_1_78' title='bbox 453 1009 582 1066; x_wconf 90' lang='lat' dir='ltr'><strong>tautum</strong></span> <span class='ocrx_word' id='word_1_79' title='bbox 605 1000 695 1066; x_wconf 79' lang='lat' dir='ltr'><strong>vitas</strong></span> <span class='ocrx_word' id='word_1_80' title='bbox 717 1006 866 1083; x_wconf 90' lang='lat' dir='ltr'><strong>respectu</strong></span> <span class='ocrx_word' id='word_1_81' title='bbox 889 1000 1061 1076; x_wconf 90' lang='lat' dir='ltr'><strong>sancitum,</strong></span> <span class='ocrx_word' id='word_1_82' title='bbox 1083 999 1141 1065; x_wconf 89' lang='lat' dir='ltr'><strong>sed</strong></span> <span class='ocrx_word' id='word_1_83' title='bbox 1163 999 1250 1067; x_wconf 88' lang='lat' dir='ltr'><strong>unde</strong></span> <span class='ocrx_word' id='word_1_84' title='bbox 1272 1020 1364 1084; x_wconf 92' lang='lat' dir='ltr'><strong>spem</strong></span> <span class='ocrx_word' id='word_1_85' title='bbox 1416 1021 1492 1065; x_wconf 84' lang='lat' dir='ltr'><strong>vero</strong></span> <span class='ocrx_word' id='word_1_86' title='bbox 1509 999 1586 1065; x_wconf 90' lang='lat' dir='ltr'><strong>fidei</strong></span> <span class='ocrx_word' id='word_1_87' title='bbox 1608 997 1804 1066; x_wconf 88' lang='lat' dir='ltr'><strong>adminicula</strong></span> <span class='ocrx_word' id='word_1_88' title='bbox 1821 1018 1892 1064; x_wconf 89' lang='lat' dir='ltr'><strong>esse</strong></span> <span class='ocrx_word' id='word_1_89' title='bbox 1908 1007 2040 1083; x_wconf 86' lang='lat' dir='ltr'><strong>negant,</strong></span> <span class='ocrx_word' id='word_1_90' title='bbox 2063 1010 2120 1065; x_wconf 89' lang='lat' dir='ltr'><strong>aut</strong></span> <span class='ocrx_word' id='word_1_91' title='bbox 2137 1000 2230 1066; x_wconf 82' lang='lat' dir='ltr'><strong>uerbi</strong></span> <span class='ocrx_word' id='word_1_92' title='bbox 2246 1000 2391 1066; x_wconf 90' lang='lat' dir='ltr'><strong>subsidia</strong></span> 
     </span>
     <span class='ocr_line' id='line_1_8' title="bbox 389 1083 2391 1169; baseline -0.002 -17"><span class='ocrx_word' id='word_1_93' title='bbox 389 1095 542 1152; x_wconf 85' lang='lat' dir='ltr'><strong>aeternae</strong></span> <span class='ocrx_word' id='word_1_94' title='bbox 564 1086 682 1152; x_wconf 88' lang='lat' dir='ltr'><strong>salutis</strong></span> <span class='ocrx_word' id='word_1_95' title='bbox 704 1086 889 1168; x_wconf 87' lang='lat' dir='ltr'><strong>conciperet</strong></span> <span class='ocrx_word' id='word_1_96' title='bbox 909 1083 1096 1163; x_wconf 84' lang='lat' dir='ltr'><strong>Abraham,</strong></span> <span class='ocrx_word' id='word_1_97' title='bbox 1126 1093 1160 1151; x_wconf 87' lang='lat' dir='ltr'><strong>at</strong></span> <span class='ocrx_word' id='word_1_98' title='bbox 1180 1085 1216 1150; x_wconf 93' lang='lat' dir='ltr'><strong>in</strong></span> <span class='ocrx_word' id='word_1_99' title='bbox 1238 1086 1364 1152; x_wconf 88' lang='lat' dir='ltr'><strong>coelum</strong></span> <span class='ocrx_word' id='word_1_100' title='bbox 1415 1085 1456 1151; x_wconf 91' lang='lat' dir='ltr'><strong>ad</strong></span> <span class='ocrx_word' id='word_1_101' title='bbox 1484 1084 1580 1150; x_wconf 87' lang='lat' dir='ltr'><strong>fldem</strong></span> <span class='ocrx_word' id='word_1_102' title='bbox 1614 1083 1848 1161; x_wconf 84' lang='lat' dir='ltr'><strong>roborandam,</strong></span> <span class='ocrx_word' id='word_1_103' title='bbox 1877 1083 2016 1150; x_wconf 83' lang='lat' dir='ltr'><strong>foederis</strong></span> <span class='ocrx_word' id='word_1_104' title='bbox 2045 1104 2166 1151; x_wconf 89' lang='lat' dir='ltr'><strong>nomen</strong></span> <span class='ocrx_word' id='word_1_105' title='bbox 2199 1097 2391 1169; x_wconf 83' lang='lat' dir='ltr'><strong>expungant</strong></span> 
     </span>
     <span class='ocr_line' id='line_1_9' title="bbox 337 1169 2390 1254; baseline -0.001 -17"><span class='ocrx_word' id='word_1_106' title='bbox 337 1195 339 1210; x_wconf 91' lang='lat'><em>·</em></span> <span class='ocrx_word' id='word_1_107' title='bbox 389 1193 492 1254; x_wconf 89' lang='lat' dir='ltr'><strong>nsque</strong></span> <span class='ocrx_word' id='word_1_108' title='bbox 514 1181 664 1250; x_wconf 82' lang='lat' dir='ltr'><strong>evectus,</strong></span> <span class='ocrx_word' id='word_1_109' title='bbox 693 1169 831 1236; x_wconf 88' lang='lat' dir='ltr'><strong>solidam</strong></span> <span class='ocrx_word' id='word_1_110' title='bbox 861 1171 1101 1254; x_wconf 83' lang='lat' dir='ltr'><strong>perfectamque</strong></span> <span class='ocrx_word' id='word_1_111' title='bbox 1129 1170 1364 1237; x_wconf 88' lang='lat' dir='ltr'><strong>beatitudinum</strong></span> <span class='ocrx_word' id='word_1_112' title='bbox 1416 1191 1546 1238; x_wconf 88' lang='lat' dir='ltr'><strong>necesse</strong></span> <span class='ocrx_word' id='word_1_113' title='bbox 1579 1179 1643 1236; x_wconf 91' lang='lat' dir='ltr'><strong>est:</strong></span> <span class='ocrx_word' id='word_1_114' title='bbox 1683 1171 1759 1254; x_wconf 93' lang='lat' dir='ltr'><strong>quia</strong></span> <span class='ocrx_word' id='word_1_115' title='bbox 1791 1180 1849 1236; x_wconf 92' lang='lat' dir='ltr'><strong>aut</strong></span> <span class='ocrx_word' id='word_1_116' title='bbox 1880 1169 2001 1236; x_wconf 87' lang='lat' dir='ltr'><strong>lusorie</strong></span> <span class='ocrx_word' id='word_1_117' title='bbox 2035 1179 2068 1235; x_wconf 91' lang='lat' dir='ltr'><strong>et</strong></span> <span class='ocrx_word' id='word_1_118' title='bbox 2099 1171 2257 1236; x_wconf 83' lang='lat' dir='ltr'><strong>fallaciter</strong></span> <span class='ocrx_word' id='word_1_119' title='bbox 2289 1193 2324 1237; x_wconf 88' lang='lat' dir='ltr'><strong>se</strong></span> <span class='ocrx_word' id='word_1_120' title='bbox 2354 1174 2390 1236; x_wconf 92' lang='lat' dir='ltr'><strong>in</strong></span> 
     </span>
     <span class='ocr_line' id='line_1_10' title="bbox 390 1255 2392 1341; baseline 0 -19"><span class='ocrx_word' id='word_1_121' title='bbox 390 1256 659 1341; x_wconf 87' lang='lat' dir='ltr'><strong>apprehenderet.</strong></span> <span class='ocrx_word' id='word_1_122' title='bbox 703 1257 789 1322; x_wconf 90' lang='lat' dir='ltr'><strong>Nam</strong></span> <span class='ocrx_word' id='word_1_123' title='bbox 821 1277 904 1339; x_wconf 91' lang='lat' dir='ltr'><strong>quos</strong></span> <span class='ocrx_word' id='word_1_124' title='bbox 934 1256 997 1322; x_wconf 90' lang='lat' dir='ltr'><strong>sibi</strong></span> <span class='ocrx_word' id='word_1_125' title='bbox 1025 1257 1116 1321; x_wconf 92' lang='lat' dir='ltr'><strong>Deus</strong></span> <span class='ocrx_word' id='word_1_126' title='bbox 1145 1258 1178 1323; x_wconf 94' lang='lat' dir='ltr'><strong>in</strong></span> <span class='ocrx_word' id='word_1_127' title='bbox 1208 1257 1365 1341; x_wconf 92' lang='lat' dir='ltr'><strong>populum</strong></span> <span class='ocrx_word' id='word_1_128' title='bbox 1415 1277 1602 1340; x_wconf 82' lang='lat' dir='ltr'><strong>sponsorem</strong></span> <span class='ocrx_word' id='word_1_129' title='bbox 1625 1256 1721 1322; x_wconf 85' lang='lat' dir='ltr'><strong>offert</strong></span> <span class='ocrx_word' id='word_1_130' title='bbox 1742 1255 1843 1334; x_wconf 88' lang='lat' dir='ltr'><strong>Deus,</strong></span> <span class='ocrx_word' id='word_1_131' title='bbox 1866 1255 1918 1322; x_wconf 85' lang='lat' dir='ltr'><strong>vel</strong></span> <span class='ocrx_word' id='word_1_132' title='bbox 1941 1255 2008 1322; x_wconf 92' lang='lat' dir='ltr'><strong>illio</strong></span> <span class='ocrx_word' id='word_1_133' title='bbox 2028 1257 2152 1340; x_wconf 89' lang='lat' dir='ltr'><strong>reperit</strong></span> <span class='ocrx_word' id='word_1_134' title='bbox 2172 1255 2254 1323; x_wconf 85' lang='lat' dir='ltr'><strong>fides</strong></span> <span class='ocrx_word' id='word_1_135' title='bbox 2275 1279 2337 1340; x_wconf 93' lang='lat' dir='ltr'><strong>quo</strong></span> <span class='ocrx_word' id='word_1_136' title='bbox 2355 1278 2392 1322; x_wconf 90' lang='lat' dir='ltr'><strong>sc</strong></span> 
     </span>
     <span class='ocr_line' id='line_1_11' title="bbox 390 1340 2390 1428; baseline 0 -20"><span class='ocrx_word' id='word_1_137' title='bbox 390 1344 538 1426; x_wconf 90' lang='lat' dir='ltr'><strong>adoptat,</strong></span> <span class='ocrx_word' id='word_1_138' title='bbox 573 1364 674 1426; x_wconf 92' lang='lat' dir='ltr'><strong>quum</strong></span> <span class='ocrx_word' id='word_1_139' title='bbox 705 1361 783 1408; x_wconf 91' lang='lat' dir='ltr'><strong>suae</strong></span> <span class='ocrx_word' id='word_1_140' title='bbox 816 1340 963 1408; x_wconf 88' lang='lat' dir='ltr'><strong>iustitiae</strong></span> <span class='ocrx_word' id='word_1_141' title='bbox 1002 1341 1100 1407; x_wconf 81' lang='lat' dir='ltr'><strong>iaciat</strong></span> <span class='ocrx_word' id='word_1_142' title='bbox 1140 1342 1365 1428; x_wconf 90' lang='lat' dir='ltr'><strong>bonorumque</strong></span> <span class='ocrx_word' id='word_1_143' title='bbox 1415 1341 1539 1418; x_wconf 81' lang='lat' dir='ltr'><strong>fulciat,</strong></span> <span class='ocrx_word' id='word_1_144' title='bbox 1562 1354 1595 1406; x_wconf 88' lang='lat' dir='ltr'><strong>ct</strong></span> <span class='ocrx_word' id='word_1_145' title='bbox 1616 1342 1704 1406; x_wconf 90' lang='lat' dir='ltr'><strong>unde</strong></span> <span class='ocrx_word' id='word_1_146' title='bbox 1727 1340 1955 1408; x_wconf 80' lang='lat' dir='ltr'><strong>certitudinem</strong></span> <span class='ocrx_word' id='word_1_147' title='bbox 1977 1363 2071 1408; x_wconf 90' lang='lat' dir='ltr'><strong>suam</strong></span> <span class='ocrx_word' id='word_1_148' title='bbox 2091 1343 2272 1408; x_wconf 87' lang='lat' dir='ltr'><strong>confirmet.</strong></span> <span class='ocrx_word' id='word_1_149' title='bbox 2317 1345 2390 1408; x_wconf 78' lang='lat' dir='ltr'><strong>Etsi</strong></span> 
     </span>
     <span class='ocr_line' id='line_1_12' title="bbox 389 1425 2392 1512; baseline -0 -18"><span class='ocrx_word' id='word_1_150' title='bbox 389 1431 536 1495; x_wconf 92' lang='lat' dir='ltr'><strong>omnium</strong></span> <span class='ocrx_word' id='word_1_151' title='bbox 558 1429 748 1512; x_wconf 89' lang='lat' dir='ltr'><strong>participes,</strong></span> <span class='ocrx_word' id='word_1_152' title='bbox 778 1425 928 1494; x_wconf 88' lang='lat' dir='ltr'><strong>coelestis</strong></span> <span class='ocrx_word' id='word_1_153' title='bbox 949 1447 1077 1511; x_wconf 91' lang='lat' dir='ltr'><strong>quoque</strong></span> <span class='ocrx_word' id='word_1_154' title='bbox 1099 1429 1186 1494; x_wconf 88' lang='lat' dir='ltr'><strong>vitae</strong></span> <span class='ocrx_word' id='word_1_155' title='bbox 1208 1428 1364 1494; x_wconf 90' lang='lat' dir='ltr'><strong>haeredes</strong></span> <span class='ocrx_word' id='word_1_156' title='bbox 1416 1439 1526 1494; x_wconf 89' lang='lat' dir='ltr'><strong>autem</strong></span> <span class='ocrx_word' id='word_1_157' title='bbox 1555 1428 1697 1492; x_wconf 87' lang='lat' dir='ltr'><strong>tenenda</strong></span> <span class='ocrx_word' id='word_1_158' title='bbox 1724 1439 1775 1492; x_wconf 90' lang='lat' dir='ltr'><strong>est</strong></span> <span class='ocrx_word' id='word_1_159' title='bbox 1802 1425 1967 1492; x_wconf 87' lang='lat' dir='ltr'><strong>distinctio</strong></span> <span class='ocrx_word' id='word_1_160' title='bbox 1995 1427 2081 1493; x_wconf 91' lang='lat' dir='ltr'><strong>inter</strong></span> <span class='ocrx_word' id='word_1_161' title='bbox 2110 1429 2246 1494; x_wconf 86' lang='lat' dir='ltr'><strong>verbum</strong></span> <span class='ocrx_word' id='word_1_162' title='bbox 2269 1441 2303 1493; x_wconf 90' lang='lat' dir='ltr'><strong>et</strong></span> <span class='ocrx_word' id='word_1_163' title='bbox 2323 1431 2392 1512; x_wconf 90' lang='lat' dir='ltr'><strong>sig-</strong></span> 
     </span>
     <span class='ocr_line' id='line_1_13' title="bbox 389 1512 2392 1599; baseline -0.001 -18"><span class='ocrx_word' id='word_1_164' title='bbox 389 1515 569 1582; x_wconf 90' lang='lat' dir='ltr'><strong>constituit.</strong></span> <span class='ocrx_word' id='word_1_165' title='bbox 599 1513 758 1579; x_wconf 88' lang='lat' dir='ltr'><strong>Notcmus</strong></span> <span class='ocrx_word' id='word_1_166' title='bbox 781 1532 859 1596; x_wconf 85' lang='lat' dir='ltr'><strong>crgo</strong></span> <span class='ocrx_word' id='word_1_167' title='bbox 881 1512 943 1579; x_wconf 92' lang='lat' dir='ltr'><strong>hoc</strong></span> <span class='ocrx_word' id='word_1_168' title='bbox 965 1534 1036 1579; x_wconf 90' lang='lat' dir='ltr'><strong>esse</strong></span> <span class='ocrx_word' id='word_1_169' title='bbox 1063 1514 1276 1596; x_wconf 88' lang='lat' dir='ltr'><strong>praecipuum</strong></span> <span class='ocrx_word' id='word_1_170' title='bbox 1298 1516 1364 1579; x_wconf 84' lang='lat' dir='ltr'><strong>loe·</strong></span> <span class='ocrx_word' id='word_1_171' title='bbox 1415 1534 1513 1578; x_wconf 93' lang='lat' dir='ltr'><strong>num:</strong></span> <span class='ocrx_word' id='word_1_172' title='bbox 1544 1512 1686 1579; x_wconf 90' lang='lat' dir='ltr'><strong>sciamus</strong></span> <span class='ocrx_word' id='word_1_173' title='bbox 1707 1524 1826 1588; x_wconf 89' lang='lat' dir='ltr'><strong>tamen,</strong></span> <span class='ocrx_word' id='word_1_174' title='bbox 1858 1513 2056 1596; x_wconf 84' lang='lat' dir='ltr'><strong>simulatque</strong></span> <span class='ocrx_word' id='word_1_175' title='bbox 2077 1515 2112 1578; x_wconf 94' lang='lat' dir='ltr'><strong>in</strong></span> <span class='ocrx_word' id='word_1_176' title='bbox 2134 1515 2237 1579; x_wconf 91' lang='lat' dir='ltr'><strong>oculis</strong></span> <span class='ocrx_word' id='word_1_177' title='bbox 2259 1516 2392 1599; x_wconf 89' lang='lat' dir='ltr'><strong>signum</strong></span> 
     </span>
     <span class='ocr_line' id='line_1_14' title="bbox 390 1597 2392 1684; baseline 0 -20"><span class='ocrx_word' id='word_1_178' title='bbox 390 1600 476 1666; x_wconf 90' lang='lat' dir='ltr'><strong>deris</strong></span> <span class='ocrx_word' id='word_1_179' title='bbox 498 1609 605 1684; x_wconf 92' lang='lat' dir='ltr'><strong>caput,</strong></span> <span class='ocrx_word' id='word_1_180' title='bbox 627 1599 713 1683; x_wconf 93' lang='lat' dir='ltr'><strong>quod</strong></span> <span class='ocrx_word' id='word_1_181' title='bbox 736 1621 771 1664; x_wconf 92' lang='lat' dir='ltr'><strong>sc</strong></span> <span class='ocrx_word' id='word_1_182' title='bbox 792 1599 870 1664; x_wconf 88' lang='lat' dir='ltr'><strong>filiis</strong></span> <span class='ocrx_word' id='word_1_183' title='bbox 892 1598 1047 1664; x_wconf 84' lang='lat' dir='ltr'><strong>Abrahae</strong></span> <span class='ocrx_word' id='word_1_184' title='bbox 1069 1600 1178 1665; x_wconf 91' lang='lat' dir='ltr'><strong>Deum</strong></span> <span class='ocrx_word' id='word_1_185' title='bbox 1200 1599 1269 1665; x_wconf 88' lang='lat' dir='ltr'><strong>l&#39;ore</strong></span> <span class='ocrx_word' id='word_1_186' title='bbox 1290 1621 1363 1683; x_wconf 89' lang='lat' dir='ltr'><strong>pro·</strong></span> <span class='ocrx_word' id='word_1_187' title='bbox 1414 1601 1524 1682; x_wconf 87' lang='lat' dir='ltr'><strong>ipsum</strong></span> <span class='ocrx_word' id='word_1_188' title='bbox 1541 1599 1689 1675; x_wconf 81' lang='lat' dir='ltr'><strong>incurrit,</strong></span> <span class='ocrx_word' id='word_1_189' title='bbox 1709 1597 1827 1663; x_wconf 89' lang='lat' dir='ltr'><strong>debere</strong></span> <span class='ocrx_word' id='word_1_190' title='bbox 1845 1599 1880 1663; x_wconf 93' lang='lat' dir='ltr'><strong>in</strong></span> <span class='ocrx_word' id='word_1_191' title='bbox 1899 1601 2032 1665; x_wconf 90' lang='lat' dir='ltr'><strong>auribus</strong></span> <span class='ocrx_word' id='word_1_192' title='bbox 2048 1620 2224 1683; x_wconf 88' lang='lat' dir='ltr'><strong>personare</strong></span> <span class='ocrx_word' id='word_1_193' title='bbox 2243 1601 2392 1666; x_wconf 81' lang='lat' dir='ltr'><strong>verbum.</strong></span> 
     </span>
     <span class='ocr_line' id='line_1_15' title="bbox 389 1683 2393 1768; baseline 0 -17"><span class='ocrx_word' id='word_1_194' title='bbox 389 1687 549 1751; x_wconf 89' lang='lat' dir='ltr'><strong>mittatis</strong></span> <span class='ocrx_word' id='word_1_195' title='bbox 571 1685 626 1768; x_wconf 94' lang='lat' dir='ltr'><strong>qui</strong></span> <span class='ocrx_word' id='word_1_196' title='bbox 650 1685 830 1751; x_wconf 80' lang='lat' dir='ltr'><strong>viventium</strong></span> <span class='ocrx_word' id='word_1_197' title='bbox 853 1683 945 1750; x_wconf 89' lang='lat' dir='ltr'><strong>Deus</strong></span> <span class='ocrx_word' id='word_1_198' title='bbox 966 1694 1032 1759; x_wconf 87' lang='lat' dir='ltr'><strong>est,</strong></span> <span class='ocrx_word' id='word_1_199' title='bbox 1062 1706 1126 1750; x_wconf 91' lang='lat' dir='ltr'><strong>non</strong></span> <span class='ocrx_word' id='word_1_200' title='bbox 1150 1693 1363 1751; x_wconf 88' lang='lat' dir='ltr'><strong>mortuorum.</strong></span> <span class='ocrx_word' id='word_1_201' title='bbox 1415 1686 1532 1768; x_wconf 89' lang='lat' dir='ltr'><strong>Itaque</strong></span> <span class='ocrx_word' id='word_1_202' title='bbox 1554 1685 1632 1749; x_wconf 93' lang='lat' dir='ltr'><strong>dum</strong></span> <span class='ocrx_word' id='word_1_203' title='bbox 1656 1684 1716 1750; x_wconf 91' lang='lat' dir='ltr'><strong>hoc</strong></span> <span class='ocrx_word' id='word_1_204' title='bbox 1738 1684 1807 1750; x_wconf 92' lang='lat' dir='ltr'><strong>loco</strong></span> <span class='ocrx_word' id='word_1_205' title='bbox 1829 1684 1960 1749; x_wconf 90' lang='lat' dir='ltr'><strong>iubetur</strong></span> <span class='ocrx_word' id='word_1_206' title='bbox 1982 1683 2152 1750; x_wconf 81' lang='lat' dir='ltr'><strong>Abraham</strong></span> <span class='ocrx_word' id='word_1_207' title='bbox 2174 1706 2306 1751; x_wconf 84' lang='lat' dir='ltr'><strong>servare</strong></span> <span class='ocrx_word' id='word_1_208' title='bbox 2328 1687 2393 1751; x_wconf 84' lang='lat' dir='ltr'><strong>loe·</strong></span> 
     </span>
     <span class='ocr_line' id='line_1_16' title="bbox 389 1767 2394 1854; baseline -0.001 -15"><span class='ocrx_word' id='word_1_209' title='bbox 389 1769 550 1854; x_wconf 78' lang='lat' dir='ltr'><strong>Sequitur</strong></span> <span class='ocrx_word' id='word_1_210' title='bbox 578 1769 695 1836; x_wconf 87' lang='lat' dir='ltr'><strong>deinde</strong></span> <span class='ocrx_word' id='word_1_211' title='bbox 724 1771 818 1853; x_wconf 89' lang='lat' dir='ltr'><strong>quasi</strong></span> <span class='ocrx_word' id='word_1_212' title='bbox 845 1771 983 1834; x_wconf 89' lang='lat' dir='ltr'><strong>auctarii</strong></span> <span class='ocrx_word' id='word_1_213' title='bbox 1006 1769 1094 1850; x_wconf 79' lang='lat' dir='ltr'><strong>viee,</strong></span> <span class='ocrx_word' id='word_1_214' title='bbox 1126 1769 1212 1853; x_wconf 93' lang='lat' dir='ltr'><strong>quod</strong></span> <span class='ocrx_word' id='word_1_215' title='bbox 1241 1781 1364 1836; x_wconf 89' lang='lat' dir='ltr'><strong>terram</strong></span> <span class='ocrx_word' id='word_1_216' title='bbox 1416 1770 1491 1849; x_wconf 93' lang='lat' dir='ltr'><strong>dus,</strong></span> <span class='ocrx_word' id='word_1_217' title='bbox 1515 1790 1579 1835; x_wconf 94' lang='lat' dir='ltr'><strong>non</strong></span> <span class='ocrx_word' id='word_1_218' title='bbox 1602 1768 1697 1835; x_wconf 93' lang='lat' dir='ltr'><strong>modo</strong></span> <span class='ocrx_word' id='word_1_219' title='bbox 1719 1767 1844 1835; x_wconf 90' lang='lat' dir='ltr'><strong>nudum</strong></span> <span class='ocrx_word' id='word_1_220' title='bbox 1866 1773 2089 1836; x_wconf 89' lang='lat' dir='ltr'><strong>caeremoniae</strong></span> <span class='ocrx_word' id='word_1_221' title='bbox 2110 1791 2208 1836; x_wconf 91' lang='lat' dir='ltr'><strong>usum</strong></span> <span class='ocrx_word' id='word_1_222' title='bbox 2228 1771 2278 1836; x_wconf 93' lang='lat' dir='ltr'><strong>illi</strong></span> <span class='ocrx_word' id='word_1_223' title='bbox 2300 1769 2394 1837; x_wconf 89' lang='lat' dir='ltr'><strong>Deus</strong></span> 
     </span>
     <span class='ocr_line' id='line_1_17' title="bbox 390 1854 2394 1940; baseline -0.002 -16"><span class='ocrx_word' id='word_1_224' title='bbox 390 1877 426 1924; x_wconf 88' lang='lat' dir='ltr'><strong>se</strong></span> <span class='ocrx_word' id='word_1_225' title='bbox 447 1855 601 1922; x_wconf 89' lang='lat' dir='ltr'><strong>daturum</strong></span> <span class='ocrx_word' id='word_1_226' title='bbox 630 1857 832 1940; x_wconf 87' lang='lat' dir='ltr'><strong>pronunciat.</strong></span> <span class='ocrx_word' id='word_1_227' title='bbox 876 1855 998 1922; x_wconf 80' lang='lat' dir='ltr'><strong>Fateor</strong></span> <span class='ocrx_word' id='word_1_228' title='bbox 1026 1855 1158 1938; x_wconf 90' lang='lat' dir='ltr'><strong>quidem</strong></span> <span class='ocrx_word' id='word_1_229' title='bbox 1181 1856 1287 1922; x_wconf 93' lang='lat' dir='ltr'><strong>maius</strong></span> <span class='ocrx_word' id='word_1_230' title='bbox 1305 1857 1364 1923; x_wconf 91' lang='lat' dir='ltr'><strong>ali·</strong></span> <span class='ocrx_word' id='word_1_231' title='bbox 1415 1854 1631 1932; x_wconf 89' lang='lat' dir='ltr'><strong>commendat,</strong></span> <span class='ocrx_word' id='word_1_232' title='bbox 1653 1855 1709 1920; x_wconf 88' lang='lat' dir='ltr'><strong>sed</strong></span> <span class='ocrx_word' id='word_1_233' title='bbox 1731 1854 1806 1921; x_wconf 86' lang='lat' dir='ltr'><strong>vult</strong></span> <span class='ocrx_word' id='word_1_234' title='bbox 1826 1856 1999 1940; x_wconf 77' lang='lat' dir='ltr'><strong>praecipue</strong></span> <span class='ocrx_word' id='word_1_235' title='bbox 2021 1856 2062 1922; x_wconf 91' lang='lat' dir='ltr'><strong>ad</strong></span> <span class='ocrx_word' id='word_1_236' title='bbox 2084 1859 2184 1922; x_wconf 88' lang='lat' dir='ltr'><strong>finem</strong></span> <span class='ocrx_word' id='word_1_237' title='bbox 2206 1856 2394 1922; x_wconf 87' lang='lat' dir='ltr'><strong>attendere:</strong></span> 
     </span>
     <span class='ocr_line' id='line_1_18' title="bbox 389 1940 2394 2026; baseline -0 -18"><span class='ocrx_word' id='word_1_238' title='bbox 389 1941 524 2026; x_wconf 90' lang='lat' dir='ltr'><strong>quidet</strong></span> <span class='ocrx_word' id='word_1_239' title='bbox 553 1941 773 2024; x_wconf 84' lang='lat' dir='ltr'><strong>praestantius</strong></span> <span class='ocrx_word' id='word_1_240' title='bbox 804 1941 1034 2007; x_wconf 85' lang='lat' dir='ltr'><strong>adumbratum</strong></span> <span class='ocrx_word' id='word_1_241' title='bbox 1063 1942 1165 2008; x_wconf 84' lang='lat' dir='ltr'><strong>fuisse</strong></span> <span class='ocrx_word' id='word_1_242' title='bbox 1193 1944 1365 2009; x_wconf 84' lang='lat' dir='ltr'><strong>subterra</strong></span> <span class='ocrx_word' id='word_1_243' title='bbox 1415 1951 1558 2008; x_wconf 88' lang='lat' dir='ltr'><strong>atcerte</strong></span> <span class='ocrx_word' id='word_1_244' title='bbox 1580 1962 1680 2024; x_wconf 93' lang='lat' dir='ltr'><strong>quum</strong></span> <span class='ocrx_word' id='word_1_245' title='bbox 1712 1941 1821 2005; x_wconf 89' lang='lat' dir='ltr'><strong>anima</strong></span> <span class='ocrx_word' id='word_1_246' title='bbox 1848 1941 1935 2025; x_wconf 87' lang='lat' dir='ltr'><strong>signi</strong></span> <span class='ocrx_word' id='word_1_247' title='bbox 1957 1941 2001 2008; x_wconf 87' lang='lat' dir='ltr'><strong>sit</strong></span> <span class='ocrx_word' id='word_1_248' title='bbox 2027 1942 2214 2025; x_wconf 87' lang='lat' dir='ltr'><strong>promissio,</strong></span> <span class='ocrx_word' id='word_1_249' title='bbox 2238 1943 2295 2009; x_wconf 91' lang='lat' dir='ltr'><strong>uhi</strong></span> <span class='ocrx_word' id='word_1_250' title='bbox 2316 1940 2394 2008; x_wconf 92' lang='lat' dir='ltr'><strong>inde</strong></span> 
     </span>
     <span class='ocr_line' id='line_1_19' title="bbox 389 2026 2393 2112; baseline 0.001 -18"><span class='ocrx_word' id='word_1_251' title='bbox 389 2029 564 2094; x_wconf 84' lang='lat' dir='ltr'><strong>Ohanaan:</strong></span> <span class='ocrx_word' id='word_1_252' title='bbox 587 2026 622 2092; x_wconf 93' lang='lat' dir='ltr'><strong>id</strong></span> <span class='ocrx_word' id='word_1_253' title='bbox 642 2035 751 2092; x_wconf 67' lang='lat' dir='ltr'><strong>tamam</strong></span> <span class='ocrx_word' id='word_1_254' title='bbox 772 2048 837 2093; x_wconf 92' lang='lat' dir='ltr'><strong>non</strong></span> <span class='ocrx_word' id='word_1_255' title='bbox 859 2026 968 2092; x_wconf 87' lang='lat' dir='ltr'><strong>obstat</strong></span> <span class='ocrx_word' id='word_1_256' title='bbox 989 2027 1069 2111; x_wconf 83' lang='lat' dir='ltr'><strong>quin</strong></span> <span class='ocrx_word' id='word_1_257' title='bbox 1091 2029 1160 2093; x_wconf 87' lang='lat' dir='ltr'><strong>aius</strong></span> <span class='ocrx_word' id='word_1_258' title='bbox 1182 2029 1363 2111; x_wconf 87' lang='lat' dir='ltr'><strong>promissio,</strong></span> <span class='ocrx_word' id='word_1_259' title='bbox 1415 2029 1529 2093; x_wconf 85' lang='lat' dir='ltr'><strong>avulsa</strong></span> <span class='ocrx_word' id='word_1_260' title='bbox 1558 2027 1656 2092; x_wconf 81' lang='lat' dir='ltr'><strong>luerit</strong></span> <span class='ocrx_word' id='word_1_261' title='bbox 1679 2026 1763 2091; x_wconf 93' lang='lat' dir='ltr'><strong>nihil</strong></span> <span class='ocrx_word' id='word_1_262' title='bbox 1784 2037 1914 2110; x_wconf 89' lang='lat' dir='ltr'><strong>praeter</strong></span> <span class='ocrx_word' id='word_1_263' title='bbox 1936 2036 2102 2092; x_wconf 89' lang='lat' dir='ltr'><strong>mortuum</strong></span> <span class='ocrx_word' id='word_1_264' title='bbox 2125 2042 2157 2092; x_wconf 92' lang='lat' dir='ltr'><strong>et</strong></span> <span class='ocrx_word' id='word_1_265' title='bbox 2180 2028 2278 2094; x_wconf 89' lang='lat' dir='ltr'><strong>inane</strong></span> <span class='ocrx_word' id='word_1_266' title='bbox 2299 2049 2393 2112; x_wconf 89' lang='lat' dir='ltr'><strong>spec-</strong></span> 
     </span>
     <span class='ocr_line' id='line_1_20' title="bbox 389 2112 2393 2194; baseline -0.001 -13"><span class='ocrx_word' id='word_1_267' title='bbox 389 2115 530 2181; x_wconf 86' lang='lat' dir='ltr'><strong>acccssio</strong></span> <span class='ocrx_word' id='word_1_268' title='bbox 551 2114 651 2178; x_wconf 83' lang='lat' dir='ltr'><strong>fuerit</strong></span> <span class='ocrx_word' id='word_1_269' title='bbox 671 2113 760 2178; x_wconf 89' lang='lat' dir='ltr'><strong>illius</strong></span> <span class='ocrx_word' id='word_1_270' title='bbox 782 2112 904 2178; x_wconf 91' lang='lat' dir='ltr'><strong>summi</strong></span> <span class='ocrx_word' id='word_1_271' title='bbox 926 2113 1058 2194; x_wconf 90' lang='lat' dir='ltr'><strong>capitis:</strong></span> <span class='ocrx_word' id='word_1_272' title='bbox 1082 2114 1149 2179; x_wconf 82' lang='lat' dir='ltr'><strong>Ero</strong></span> <span class='ocrx_word' id='word_1_273' title='bbox 1167 2112 1260 2179; x_wconf 89' lang='lat' dir='ltr'><strong>Deus</strong></span> <span class='ocrx_word' id='word_1_274' title='bbox 1278 2121 1363 2180; x_wconf 90' lang='lat' dir='ltr'><strong>tuus.</strong></span> <span class='ocrx_word' id='word_1_275' title='bbox 1416 2122 1505 2178; x_wconf 90' lang='lat' dir='ltr'><strong>trum</strong></span> <span class='ocrx_word' id='word_1_276' title='bbox 1534 2123 1642 2179; x_wconf 87' lang='lat' dir='ltr'><strong>restat.</strong></span> <span class='ocrx_word' id='word_1_277' title='bbox 1694 2112 1787 2179; x_wconf 91' lang='lat' dir='ltr'><strong>Haec</strong></span> <span class='ocrx_word' id='word_1_278' title='bbox 1815 2114 1899 2177; x_wconf 88' lang='lat' dir='ltr'><strong>ratio</strong></span> <span class='ocrx_word' id='word_1_279' title='bbox 1928 2121 1978 2178; x_wconf 91' lang='lat' dir='ltr'><strong>est</strong></span> <span class='ocrx_word' id='word_1_280' title='bbox 2005 2133 2065 2179; x_wconf 90' lang='lat' dir='ltr'><strong>eur</strong></span> <span class='ocrx_word' id='word_1_281' title='bbox 2097 2113 2243 2180; x_wconf 90' lang='lat' dir='ltr'><strong>dicamus</strong></span> <span class='ocrx_word' id='word_1_282' title='bbox 2271 2115 2393 2180; x_wconf 88' lang='lat' dir='ltr'><strong>abolita</strong></span> 
     </span>
     <span class='ocr_line' id='line_1_21' title="bbox 389 2197 2392 2283; baseline -0 -18"><span class='ocrx_word' id='word_1_283' title='bbox 389 2199 584 2283; x_wconf 80' lang='lat' dir='ltr'><strong>Quanquam</strong></span> <span class='ocrx_word' id='word_1_284' title='bbox 603 2213 713 2264; x_wconf 89' lang='lat' dir='ltr'><strong>autem</strong></span> <span class='ocrx_word' id='word_1_285' title='bbox 731 2219 845 2265; x_wconf 89' lang='lat' dir='ltr'><strong>rursus</strong></span> <span class='ocrx_word' id='word_1_286' title='bbox 862 2197 1006 2264; x_wconf 88' lang='lat' dir='ltr'><strong>affirmat</strong></span> <span class='ocrx_word' id='word_1_287' title='bbox 1022 2199 1123 2276; x_wconf 89' lang='lat' dir='ltr'><strong>Deus,</strong></span> <span class='ocrx_word' id='word_1_288' title='bbox 1146 2199 1242 2265; x_wconf 90' lang='lat' dir='ltr'><strong>sicuti</strong></span> <span class='ocrx_word' id='word_1_289' title='bbox 1259 2209 1364 2276; x_wconf 91' lang='lat' dir='ltr'><strong>autea,</strong></span> <span class='ocrx_word' id='word_1_290' title='bbox 1415 2200 1516 2265; x_wconf 77' lang='lat' dir='ltr'><strong>brisso</strong></span> <span class='ocrx_word' id='word_1_291' title='bbox 1548 2197 1733 2281; x_wconf 89' lang='lat' dir='ltr'><strong>aPapistis</strong></span> <span class='ocrx_word' id='word_1_292' title='bbox 1771 2207 1991 2265; x_wconf 87' lang='lat' dir='ltr'><strong>sacramenta:</strong></span> <span class='ocrx_word' id='word_1_293' title='bbox 2032 2203 2108 2282; x_wconf 90' lang='lat' dir='ltr'><strong>quia</strong></span> <span class='ocrx_word' id='word_1_294' title='bbox 2140 2200 2306 2265; x_wconf 87' lang='lat' dir='ltr'><strong>exstincta</strong></span> <span class='ocrx_word' id='word_1_295' title='bbox 2327 2201 2392 2265; x_wconf 92' lang='lat' dir='ltr'><strong>Dei</strong></span> 
     </span>
     <span class='ocr_line' id='line_1_22' title="bbox 388 2282 2393 2371; baseline 0 -21"><span class='ocrx_word' id='word_1_296' title='bbox 388 2287 452 2368; x_wconf 91' lang='lat' dir='ltr'><strong>ipsi</strong></span> <span class='ocrx_word' id='word_1_297' title='bbox 485 2283 641 2351; x_wconf 84' lang='lat' dir='ltr'><strong>Abrahae</strong></span> <span class='ocrx_word' id='word_1_298' title='bbox 673 2306 708 2350; x_wconf 89' lang='lat' dir='ltr'><strong>sc</strong></span> <span class='ocrx_word' id='word_1_299' title='bbox 741 2283 895 2349; x_wconf 88' lang='lat' dir='ltr'><strong>daturum</strong></span> <span class='ocrx_word' id='word_1_300' title='bbox 928 2295 1065 2350; x_wconf 89' lang='lat' dir='ltr'><strong>terram:</strong></span> <span class='ocrx_word' id='word_1_301' title='bbox 1099 2285 1220 2350; x_wconf 91' lang='lat' dir='ltr'><strong>scimus</strong></span> <span class='ocrx_word' id='word_1_302' title='bbox 1255 2295 1365 2350; x_wconf 66' lang='lat' dir='ltr'><strong>umen</strong></span> <span class='ocrx_word' id='word_1_303' title='bbox 1415 2307 1504 2364; x_wconf 86' lang='lat' dir='ltr'><strong>voce,</strong></span> <span class='ocrx_word' id='word_1_304' title='bbox 1527 2285 1610 2350; x_wconf 90' lang='lat' dir='ltr'><strong>nihil</strong></span> <span class='ocrx_word' id='word_1_305' title='bbox 1633 2282 1720 2367; x_wconf 91' lang='lat' dir='ltr'><strong>apud</strong></span> <span class='ocrx_word' id='word_1_306' title='bbox 1737 2304 1793 2350; x_wconf 88' lang='lat' dir='ltr'><strong>coa</strong></span> <span class='ocrx_word' id='word_1_307' title='bbox 1812 2294 1940 2367; x_wconf 88' lang='lat' dir='ltr'><strong>praeter</strong></span> <span class='ocrx_word' id='word_1_308' title='bbox 1957 2293 2065 2352; x_wconf 88' lang='lat' dir='ltr'><strong>mutas</strong></span> <span class='ocrx_word' id='word_1_309' title='bbox 2083 2286 2206 2371; x_wconf 89' lang='lat' dir='ltr'><strong>figuras</strong></span> <span class='ocrx_word' id='word_1_310' title='bbox 2223 2283 2393 2351; x_wconf 85' lang='lat' dir='ltr'><strong>residuum</strong></span> 
     </span>
     <span class='ocr_line' id='line_1_23' title="bbox 379 2369 2391 2458; baseline 0 -22"><span class='ocrx_word' id='word_1_311' title='bbox 379 2391 556 2458; x_wconf 25' lang='lat' dir='ltr'><strong>&#39;nunquam</strong></span> <span class='ocrx_word' id='word_1_312' title='bbox 578 2373 719 2455; x_wconf 91' lang='lat' dir='ltr'><strong>potitum</strong></span> <span class='ocrx_word' id='word_1_313' title='bbox 740 2370 841 2436; x_wconf 84' lang='lat' dir='ltr'><strong>fuisse</strong></span> <span class='ocrx_word' id='word_1_314' title='bbox 863 2371 933 2434; x_wconf 89' lang='lat' dir='ltr'><strong>eius</strong></span> <span class='ocrx_word' id='word_1_315' title='bbox 953 2369 1107 2446; x_wconf 91' lang='lat' dir='ltr'><strong>dominic,</strong></span> <span class='ocrx_word' id='word_1_316' title='bbox 1129 2371 1187 2436; x_wconf 91' lang='lat' dir='ltr'><strong>sed</strong></span> <span class='ocrx_word' id='word_1_317' title='bbox 1208 2373 1277 2436; x_wconf 90' lang='lat' dir='ltr'><strong>solo</strong></span> <span class='ocrx_word' id='word_1_318' title='bbox 1294 2371 1365 2436; x_wconf 87' lang='lat' dir='ltr'><strong>iure</strong></span> <span class='ocrx_word' id='word_1_319' title='bbox 1415 2385 1536 2436; x_wconf 88' lang='lat' dir='ltr'><strong>manet.</strong></span> <span class='ocrx_word' id='word_1_320' title='bbox 1580 2369 1754 2436; x_wconf 79' lang='lat' dir='ltr'><strong>Frivolum</strong></span> <span class='ocrx_word' id='word_1_321' title='bbox 1784 2389 1862 2436; x_wconf 86' lang='lat' dir='ltr'><strong>vero</strong></span> <span class='ocrx_word' id='word_1_322' title='bbox 1884 2371 2039 2455; x_wconf 91' lang='lat' dir='ltr'><strong>estquod</strong></span> <span class='ocrx_word' id='word_1_323' title='bbox 2066 2372 2271 2455; x_wconf 90' lang='lat' dir='ltr'><strong>iactantpro</strong></span> <span class='ocrx_word' id='word_1_324' title='bbox 2293 2371 2391 2437; x_wconf 86' lang='lat' dir='ltr'><strong>verbo</strong></span> 
     </span>
     <span class='ocr_line' id='line_1_24' title="bbox 389 2452 2392 2542; baseline -0 -20"><span class='ocrx_word' id='word_1_325' title='bbox 389 2465 560 2522; x_wconf 91' lang='lat' dir='ltr'><strong>contentus</strong></span> <span class='ocrx_word' id='word_1_326' title='bbox 582 2457 644 2521; x_wconf 86' lang='lat' dir='ltr'><strong>luit</strong></span> <span class='ocrx_word' id='word_1_327' title='bbox 664 2462 797 2522; x_wconf 89' lang='lat' dir='ltr'><strong>sanctus</strong></span> <span class='ocrx_word' id='word_1_328' title='bbox 819 2456 887 2534; x_wconf 87' lang='lat' dir='ltr'><strong>vir,</strong></span> <span class='ocrx_word' id='word_1_329' title='bbox 914 2454 992 2522; x_wconf 88' lang='lat' dir='ltr'><strong>licet</strong></span> <span class='ocrx_word' id='word_1_330' title='bbox 1019 2452 1112 2521; x_wconf 92' lang='lat' dir='ltr'><strong>nulla</strong></span> <span class='ocrx_word' id='word_1_331' title='bbox 1133 2456 1182 2522; x_wconf 93' lang='lat' dir='ltr'><strong>illi</strong></span> <span class='ocrx_word' id='word_1_332' title='bbox 1204 2457 1365 2540; x_wconf 88' lang='lat' dir='ltr'><strong>possessio</strong></span> <span class='ocrx_word' id='word_1_333' title='bbox 1415 2457 1561 2542; x_wconf 90' lang='lat' dir='ltr'><strong>magicos</strong></span> <span class='ocrx_word' id='word_1_334' title='bbox 1582 2477 1660 2523; x_wconf 90' lang='lat' dir='ltr'><strong>suos</strong></span> <span class='ocrx_word' id='word_1_335' title='bbox 1689 2457 1896 2522; x_wconf 88' lang='lat' dir='ltr'><strong>exorcismos.</strong></span> <span class='ocrx_word' id='word_1_336' title='bbox 1940 2454 2070 2522; x_wconf 79' lang='lat' dir='ltr'><strong>Foedus</strong></span> <span class='ocrx_word' id='word_1_337' title='bbox 2092 2459 2180 2522; x_wconf 90' lang='lat' dir='ltr'><strong>enim</strong></span> <span class='ocrx_word' id='word_1_338' title='bbox 2202 2457 2312 2522; x_wconf 87' lang='lat' dir='ltr'><strong>vocari</strong></span> <span class='ocrx_word' id='word_1_339' title='bbox 2335 2479 2392 2522; x_wconf 89' lang='lat' dir='ltr'><strong>no·</strong></span> 
     </span>
     <span class='ocr_line' id='line_1_25' title="bbox 390 2540 2392 2626; baseline 0 -18"><span class='ocrx_word' id='word_1_340' title='bbox 390 2552 570 2608; x_wconf 87' lang='lat' dir='ltr'><strong>constaret:</strong></span> <span class='ocrx_word' id='word_1_341' title='bbox 594 2540 730 2624; x_wconf 88' lang='lat' dir='ltr'><strong>ideoque</strong></span> <span class='ocrx_word' id='word_1_342' title='bbox 753 2563 794 2605; x_wconf 90' lang='lat' dir='ltr'><strong>ex</strong></span> <span class='ocrx_word' id='word_1_343' title='bbox 812 2561 871 2606; x_wconf 91' lang='lat' dir='ltr'><strong>sua</strong></span> <span class='ocrx_word' id='word_1_344' title='bbox 887 2542 1149 2625; x_wconf 89' lang='lat' dir='ltr'><strong>peregrinatione</strong></span> <span class='ocrx_word' id='word_1_345' title='bbox 1166 2543 1365 2626; x_wconf 90' lang='lat' dir='ltr'><strong>tranquillus</strong></span> <span class='ocrx_word' id='word_1_346' title='bbox 1416 2543 1488 2625; x_wconf 92' lang='lat' dir='ltr'><strong>quit</strong></span> <span class='ocrx_word' id='word_1_347' title='bbox 1509 2543 1572 2608; x_wconf 89' lang='lat' dir='ltr'><strong>nisi</strong></span> <span class='ocrx_word' id='word_1_348' title='bbox 1593 2540 1678 2625; x_wconf 93' lang='lat' dir='ltr'><strong>quod</strong></span> <span class='ocrx_word' id='word_1_349' title='bbox 1699 2541 1787 2608; x_wconf 89' lang='lat' dir='ltr'><strong>clare</strong></span> <span class='ocrx_word' id='word_1_350' title='bbox 1812 2543 2011 2625; x_wconf 84' lang='lat' dir='ltr'><strong>patefactum</strong></span> <span class='ocrx_word' id='word_1_351' title='bbox 2034 2564 2053 2607; x_wconf 90' lang='lat' dir='ltr'><strong>a</strong></span> <span class='ocrx_word' id='word_1_352' title='bbox 2075 2542 2168 2607; x_wconf 91' lang='lat' dir='ltr'><strong>nobis</strong></span> <span class='ocrx_word' id='word_1_353' title='bbox 2197 2543 2392 2626; x_wconf 88' lang='lat' dir='ltr'><strong>perspicitur</strong></span> 
     </span>
     <span class='ocr_line' id='line_1_26' title="bbox 389 2626 2392 2712; baseline 0 -21"><span class='ocrx_word' id='word_1_354' title='bbox 389 2628 425 2692; x_wconf 93' lang='lat' dir='ltr'><strong>in</strong></span> <span class='ocrx_word' id='word_1_355' title='bbox 465 2626 592 2694; x_wconf 91' lang='lat' dir='ltr'><strong>coelum</strong></span> <span class='ocrx_word' id='word_1_356' title='bbox 630 2628 793 2712; x_wconf 85' lang='lat' dir='ltr'><strong>migravit.</strong></span> <span class='ocrx_word' id='word_1_357' title='bbox 838 2626 964 2692; x_wconf 87' lang='lat' dir='ltr'><strong>Iterum</strong></span> <span class='ocrx_word' id='word_1_358' title='bbox 1002 2629 1121 2709; x_wconf 89' lang='lat' dir='ltr'><strong>repetit</strong></span> <span class='ocrx_word' id='word_1_359' title='bbox 1153 2648 1188 2693; x_wconf 92' lang='lat' dir='ltr'><strong>se</strong></span> <span class='ocrx_word' id='word_1_360' title='bbox 1225 2629 1364 2712; x_wconf 89' lang='lat' dir='ltr'><strong>posteris</strong></span> <span class='ocrx_word' id='word_1_361' title='bbox 1416 2639 1453 2694; x_wconf 93' lang='lat' dir='ltr'><strong>ut</strong></span> <span class='ocrx_word' id='word_1_362' title='bbox 1474 2626 1572 2694; x_wconf 86' lang='lat' dir='ltr'><strong>fidem</strong></span> <span class='ocrx_word' id='word_1_363' title='bbox 1602 2626 1765 2693; x_wconf 86' lang='lat' dir='ltr'><strong>aedificet:</strong></span> <span class='ocrx_word' id='word_1_364' title='bbox 1795 2627 1850 2692; x_wconf 92' lang='lat' dir='ltr'><strong>oui</strong></span> <span class='ocrx_word' id='word_1_365' title='bbox 1872 2627 1956 2692; x_wconf 91' lang='lat' dir='ltr'><strong>nihil</strong></span> <span class='ocrx_word' id='word_1_366' title='bbox 1984 2628 2091 2694; x_wconf 90' lang='lat' dir='ltr'><strong>simile</strong></span> <span class='ocrx_word' id='word_1_367' title='bbox 2112 2628 2237 2693; x_wconf 90' lang='lat' dir='ltr'><strong>habent</strong></span> <span class='ocrx_word' id='word_1_368' title='bbox 2259 2627 2392 2694; x_wconf 87' lang='lat' dir='ltr'><strong>histrio-</strong></span> 
     </span>
     <span class='ocr_line' id='line_1_27' title="bbox 388 2712 2391 2798; baseline 0.001 -21"><span class='ocrx_word' id='word_1_369' title='bbox 388 2713 542 2778; x_wconf 83' lang='lat' dir='ltr'><strong>Abrahae</strong></span> <span class='ocrx_word' id='word_1_370' title='bbox 566 2715 634 2778; x_wconf 86' lang='lat' dir='ltr'><strong>fore</strong></span> <span class='ocrx_word' id='word_1_371' title='bbox 655 2715 692 2778; x_wconf 94' lang='lat' dir='ltr'><strong>in</strong></span> <span class='ocrx_word' id='word_1_372' title='bbox 713 2712 833 2788; x_wconf 90' lang='lat' dir='ltr'><strong>Deum,</strong></span> <span class='ocrx_word' id='word_1_373' title='bbox 856 2734 898 2778; x_wconf 90' lang='lat' dir='ltr'><strong>ne</strong></span> <span class='ocrx_word' id='word_1_374' title='bbox 920 2713 955 2777; x_wconf 94' lang='lat' dir='ltr'><strong>in</strong></span> <span class='ocrx_word' id='word_1_375' title='bbox 978 2722 1066 2777; x_wconf 90' lang='lat' dir='ltr'><strong>terra</strong></span> <span class='ocrx_word' id='word_1_376' title='bbox 1087 2713 1283 2793; x_wconf 87' lang='lat' dir='ltr'><strong>subsistant,</strong></span> <span class='ocrx_word' id='word_1_377' title='bbox 1306 2713 1363 2780; x_wconf 88' lang='lat' dir='ltr'><strong>sed</strong></span> <span class='ocrx_word' id='word_1_378' title='bbox 1416 2735 1475 2781; x_wconf 89' lang='lat' dir='ltr'><strong>nes</strong></span> <span class='ocrx_word' id='word_1_379' title='bbox 1497 2713 1554 2792; x_wconf 92' lang='lat' dir='ltr'><strong>illi,</strong></span> <span class='ocrx_word' id='word_1_380' title='bbox 1576 2715 1632 2797; x_wconf 93' lang='lat' dir='ltr'><strong>qni</strong></span> <span class='ocrx_word' id='word_1_381' title='bbox 1654 2723 1748 2798; x_wconf 86' lang='lat' dir='ltr'><strong>gestu</strong></span> <span class='ocrx_word' id='word_1_382' title='bbox 1770 2721 1898 2778; x_wconf 89' lang='lat' dir='ltr'><strong>tantum</strong></span> <span class='ocrx_word' id='word_1_383' title='bbox 1919 2713 1972 2778; x_wconf 83' lang='lat' dir='ltr'><strong>vel</strong></span> <span class='ocrx_word' id='word_1_384' title='bbox 1994 2715 2127 2780; x_wconf 87' lang='lat' dir='ltr'><strong>confuso</strong></span> <span class='ocrx_word' id='word_1_385' title='bbox 2145 2735 2280 2779; x_wconf 91' lang='lat' dir='ltr'><strong>susurro</strong></span> <span class='ocrx_word' id='word_1_386' title='bbox 2298 2713 2391 2798; x_wconf 89' lang='lat' dir='ltr'><strong>quasi</strong></span> 
     </span>
     <span class='ocr_line' id='line_1_28' title="bbox 389 2797 2390 2883; baseline -0 -18"><span class='ocrx_word' id='word_1_387' title='bbox 389 2799 534 2882; x_wconf 84' lang='lat' dir='ltr'><strong>cogitent</strong></span> <span class='ocrx_word' id='word_1_388' title='bbox 555 2799 654 2864; x_wconf 90' lang='lat' dir='ltr'><strong>altius</strong></span> <span class='ocrx_word' id='word_1_389' title='bbox 675 2819 710 2863; x_wconf 90' lang='lat' dir='ltr'><strong>se</strong></span> <span class='ocrx_word' id='word_1_390' title='bbox 734 2797 859 2863; x_wconf 88' lang='lat' dir='ltr'><strong>deduci.</strong></span> <span class='ocrx_word' id='word_1_391' title='bbox 1416 2798 1498 2866; x_wconf 91' lang='lat' dir='ltr'><strong>tibia</strong></span> <span class='ocrx_word' id='word_1_392' title='bbox 1519 2799 1647 2865; x_wconf 93' lang='lat' dir='ltr'><strong>ludunt.</strong></span> <span class='ocrx_word' id='word_1_393' title='bbox 1691 2798 1788 2864; x_wconf 88' lang='lat' dir='ltr'><strong>Nunc</strong></span> <span class='ocrx_word' id='word_1_394' title='bbox 1816 2811 1965 2865; x_wconf 87' lang='lat' dir='ltr'><strong>tenemus</strong></span> <span class='ocrx_word' id='word_1_395' title='bbox 1988 2820 2053 2883; x_wconf 93' lang='lat' dir='ltr'><strong>qno</strong></span> <span class='ocrx_word' id='word_1_396' title='bbox 2077 2799 2173 2866; x_wconf 91' lang='lat' dir='ltr'><strong>modo</strong></span> <span class='ocrx_word' id='word_1_397' title='bbox 2195 2799 2258 2865; x_wconf 91' lang='lat' dir='ltr'><strong>rite</strong></span> <span class='ocrx_word' id='word_1_398' title='bbox 2284 2815 2390 2865; x_wconf 87' lang='lat' dir='ltr'><strong>custo-</strong></span> 
     </span>
     <span class='ocr_line' id='line_1_29' title="bbox 475 2882 2392 2970; baseline -0.001 -20"><span class='ocrx_word' id='word_1_399' title='bbox 475 2885 505 2950; x_wconf 82' lang='lat'><strong>9.</strong></span> <span class='ocrx_word' id='word_1_400' title='bbox 528 2883 573 2950; x_wconf 83' lang='lat' dir='ltr'><strong>Et</strong></span> <span class='ocrx_word' id='word_1_401' title='bbox 599 2888 632 2949; x_wconf 80' lang='lat' dir='ltr'><strong>tu</strong></span> <span class='ocrx_word' id='word_1_402' title='bbox 655 2889 784 2967; x_wconf 80' lang='lat' dir='ltr'><strong>poclum</strong></span> <span class='ocrx_word' id='word_1_403' title='bbox 811 2903 913 2948; x_wconf 85' lang='lat' dir='ltr'><strong>meum</strong></span> <span class='ocrx_word' id='word_1_404' title='bbox 944 2884 1104 2950; x_wconf 76' lang='lat' dir='ltr'><strong>custodies</strong></span> <span class='ocrx_word' id='word_1_405' title='bbox 1149 2882 1255 2950; x_wconf 84' lang='lat' dir='ltr'><strong>Sicuti</strong></span> <span class='ocrx_word' id='word_1_406' title='bbox 1285 2886 1362 2951; x_wconf 91' lang='lat' dir='ltr'><strong>olim</strong></span> <span class='ocrx_word' id='word_1_407' title='bbox 1417 2884 1526 2952; x_wconf 89' lang='lat' dir='ltr'><strong>diatur</strong></span> <span class='ocrx_word' id='word_1_408' title='bbox 1542 2885 1674 2962; x_wconf 84' lang='lat' dir='ltr'><strong>foedus,</strong></span> <span class='ocrx_word' id='word_1_409' title='bbox 1702 2905 1805 2967; x_wconf 92' lang='lat' dir='ltr'><strong>quum</strong></span> <span class='ocrx_word' id='word_1_410' title='bbox 1834 2885 1957 2951; x_wconf 91' lang='lat' dir='ltr'><strong>scilicet</strong></span> <span class='ocrx_word' id='word_1_411' title='bbox 1985 2896 2163 2969; x_wconf 83' lang='lat' dir='ltr'><strong>praeeunte</strong></span> <span class='ocrx_word' id='word_1_412' title='bbox 2185 2885 2301 2964; x_wconf 84' lang='lat' dir='ltr'><strong>verbo,</strong></span> <span class='ocrx_word' id='word_1_413' title='bbox 2329 2886 2392 2970; x_wconf 89' lang='lat' dir='ltr'><strong>sig-</strong></span> 
     </span>
     <span class='ocr_line' id='line_1_30' title="bbox 389 2967 2390 3055; baseline -0 -20"><span class='ocrx_word' id='word_1_414' title='bbox 389 2968 519 3036; x_wconf 83' lang='lat' dir='ltr'><strong>foedera</strong></span> <span class='ocrx_word' id='word_1_415' title='bbox 540 2991 606 3035; x_wconf 96' lang='lat' dir='ltr'><strong>non</strong></span> <span class='ocrx_word' id='word_1_416' title='bbox 628 2969 724 3035; x_wconf 90' lang='lat' dir='ltr'><strong>modo</strong></span> <span class='ocrx_word' id='word_1_417' title='bbox 745 2969 780 3033; x_wconf 90' lang='lat' dir='ltr'><strong>in</strong></span> <span class='ocrx_word' id='word_1_418' title='bbox 803 2967 948 3051; x_wconf 87' lang='lat' dir='ltr'><strong>publicas</strong></span> <span class='ocrx_word' id='word_1_419' title='bbox 969 2967 1097 3035; x_wconf 91' lang='lat' dir='ltr'><strong>tabulas</strong></span> <span class='ocrx_word' id='word_1_420' title='bbox 1128 2971 1361 3050; x_wconf 80' lang='lat' dir='ltr'><strong>reserebantur,</strong></span> <span class='ocrx_word' id='word_1_421' title='bbox 1415 2993 1494 3038; x_wconf 90' lang='lat' dir='ltr'><strong>num</strong></span> <span class='ocrx_word' id='word_1_422' title='bbox 1517 2969 1744 3054; x_wconf 87' lang='lat' dir='ltr'><strong>amplectimur</strong></span> <span class='ocrx_word' id='word_1_423' title='bbox 1761 2971 1796 3035; x_wconf 92' lang='lat' dir='ltr'><strong>in</strong></span> <span class='ocrx_word' id='word_1_424' title='bbox 1815 2971 1939 3055; x_wconf 59' lang='lat' dir='ltr'><strong>petiae</strong></span> <span class='ocrx_word' id='word_1_425' title='bbox 1956 2971 2183 3037; x_wconf 90' lang='lat' dir='ltr'><strong>testimonium</strong></span> <span class='ocrx_word' id='word_1_426' title='bbox 2199 2992 2237 3038; x_wconf 91' lang='lat' dir='ltr'><strong>ac</strong></span> <span class='ocrx_word' id='word_1_427' title='bbox 2255 2973 2390 3055; x_wconf 89' lang='lat' dir='ltr'><strong>pignus:</strong></span> 
     </span>
     <span class='ocr_line' id='line_1_31' title="bbox 389 3053 2391 3141; baseline 0 -19"><span class='ocrx_word' id='word_1_428' title='bbox 389 3055 447 3122; x_wconf 88' lang='lat' dir='ltr'><strong>scd</strong></span> <span class='ocrx_word' id='word_1_429' title='bbox 474 3057 510 3121; x_wconf 93' lang='lat' dir='ltr'><strong>iu</strong></span> <span class='ocrx_word' id='word_1_430' title='bbox 538 3077 593 3120; x_wconf 89' lang='lat' dir='ltr'><strong>aes</strong></span> <span class='ocrx_word' id='word_1_431' title='bbox 620 3054 722 3120; x_wconf 91' lang='lat' dir='ltr'><strong>incidi</strong></span> <span class='ocrx_word' id='word_1_432' title='bbox 750 3055 804 3120; x_wconf 79' lang='lat' dir='ltr'><strong>uel</strong></span> <span class='ocrx_word' id='word_1_433' title='bbox 838 3053 998 3136; x_wconf 90' lang='lat' dir='ltr'><strong>lapidibus</strong></span> <span class='ocrx_word' id='word_1_434' title='bbox 1029 3055 1174 3139; x_wconf 91' lang='lat' dir='ltr'><strong>insculpi</strong></span> <span class='ocrx_word' id='word_1_435' title='bbox 1205 3056 1362 3134; x_wconf 90' lang='lat' dir='ltr'><strong>solebant,</strong></span> <span class='ocrx_word' id='word_1_436' title='bbox 1415 3079 1494 3123; x_wconf 90' lang='lat' dir='ltr'><strong>nam</strong></span> <span class='ocrx_word' id='word_1_437' title='bbox 1523 3057 1608 3123; x_wconf 88' lang='lat' dir='ltr'><strong>sicut</strong></span> <span class='ocrx_word' id='word_1_438' title='bbox 1636 3055 1711 3120; x_wconf 85' lang='lat' dir='ltr'><strong>dato</strong></span> <span class='ocrx_word' id='word_1_439' title='bbox 1740 3056 1957 3141; x_wconf 87' lang='lat' dir='ltr'><strong>chirographo</strong></span> <span class='ocrx_word' id='word_1_440' title='bbox 1980 3058 2070 3122; x_wconf 87' lang='lat' dir='ltr'><strong>Deus</strong></span> <span class='ocrx_word' id='word_1_441' title='bbox 2092 3055 2191 3122; x_wconf 86' lang='lat' dir='ltr'><strong>fidem</strong></span> <span class='ocrx_word' id='word_1_442' title='bbox 2219 3058 2313 3123; x_wconf 92' lang='lat' dir='ltr'><strong>nobis</strong></span> <span class='ocrx_word' id='word_1_443' title='bbox 2334 3057 2391 3122; x_wconf 92' lang='lat' dir='ltr'><strong>da·</strong></span> 
     </span>
     <span class='ocr_line' id='line_1_32' title="bbox 389 3141 2390 3225; baseline 0.001 -19"><span class='ocrx_word' id='word_1_444' title='bbox 389 3162 454 3225; x_wconf 90' lang='lat' dir='ltr'><strong>quo</strong></span> <span class='ocrx_word' id='word_1_445' title='bbox 475 3141 580 3225; x_wconf 88' lang='lat' dir='ltr'><strong>magis</strong></span> <span class='ocrx_word' id='word_1_446' title='bbox 603 3148 722 3206; x_wconf 85' lang='lat' dir='ltr'><strong>testate</strong></span> <span class='ocrx_word' id='word_1_447' title='bbox 739 3151 773 3205; x_wconf 88' lang='lat' dir='ltr'><strong>et</strong></span> <span class='ocrx_word' id='word_1_448' title='bbox 790 3141 926 3206; x_wconf 89' lang='lat' dir='ltr'><strong>celebris</strong></span> <span class='ocrx_word' id='word_1_449' title='bbox 948 3151 1034 3206; x_wconf 88' lang='lat' dir='ltr'><strong>esset</strong></span> <span class='ocrx_word' id='word_1_450' title='bbox 1056 3161 1168 3206; x_wconf 90' lang='lat' dir='ltr'><strong>eorum</strong></span> <span class='ocrx_word' id='word_1_451' title='bbox 1189 3144 1363 3210; x_wconf 86' lang='lat' dir='ltr'><strong>memoria:</strong></span> <span class='ocrx_word' id='word_1_452' title='bbox 1414 3155 1483 3208; x_wconf 89' lang='lat' dir='ltr'><strong>tam</strong></span> <span class='ocrx_word' id='word_1_453' title='bbox 1512 3143 1703 3225; x_wconf 83' lang='lat' dir='ltr'><strong>obstringit,</strong></span> <span class='ocrx_word' id='word_1_454' title='bbox 1734 3142 1781 3207; x_wconf 91' lang='lat' dir='ltr'><strong>sic</strong></span> <span class='ocrx_word' id='word_1_455' title='bbox 1803 3164 1822 3207; x_wconf 90' lang='lat' dir='ltr'><strong>a</strong></span> <span class='ocrx_word' id='word_1_456' title='bbox 1844 3142 1936 3208; x_wconf 87' lang='lat' dir='ltr'><strong>nobis</strong></span> <span class='ocrx_word' id='word_1_457' title='bbox 1963 3143 2142 3225; x_wconf 88' lang='lat' dir='ltr'><strong>stipulatur</strong></span> <span class='ocrx_word' id='word_1_458' title='bbox 2163 3141 2240 3207; x_wconf 90' lang='lat' dir='ltr'><strong>fidei</strong></span> <span class='ocrx_word' id='word_1_459' title='bbox 2261 3151 2295 3207; x_wconf 90' lang='lat' dir='ltr'><strong>et</strong></span> <span class='ocrx_word' id='word_1_460' title='bbox 2316 3142 2390 3208; x_wconf 92' lang='lat' dir='ltr'><strong>obe-</strong></span> 
     </span>
     <span class='ocr_line' id='line_1_33' title="bbox 389 3224 2391 3313; baseline 0 -22"><span class='ocrx_word' id='word_1_461' title='bbox 389 3227 436 3291; x_wconf 92' lang='lat' dir='ltr'><strong>ita</strong></span> <span class='ocrx_word' id='word_1_462' title='bbox 457 3247 546 3292; x_wconf 92' lang='lat' dir='ltr'><strong>nunc</strong></span> <span class='ocrx_word' id='word_1_463' title='bbox 568 3227 660 3292; x_wconf 87' lang='lat' dir='ltr'><strong>Deus</strong></span> <span class='ocrx_word' id='word_1_464' title='bbox 682 3227 718 3291; x_wconf 93' lang='lat' dir='ltr'><strong>in</strong></span> <span class='ocrx_word' id='word_1_465' title='bbox 747 3247 846 3291; x_wconf 92' lang='lat' dir='ltr'><strong>carne</strong></span> <span class='ocrx_word' id='word_1_466' title='bbox 867 3224 1021 3291; x_wconf 79' lang='lat' dir='ltr'><strong>Abrahae</strong></span> <span class='ocrx_word' id='word_1_467' title='bbox 1050 3226 1162 3293; x_wconf 80' lang='lat' dir='ltr'><strong>foedus</strong></span> <span class='ocrx_word' id='word_1_468' title='bbox 1190 3249 1288 3294; x_wconf 91' lang='lat' dir='ltr'><strong>suum</strong></span> <span class='ocrx_word' id='word_1_469' title='bbox 1311 3229 1362 3293; x_wconf 90' lang='lat' dir='ltr'><strong>in·</strong></span> <span class='ocrx_word' id='word_1_470' title='bbox 1415 3229 1555 3296; x_wconf 87' lang='lat' dir='ltr'><strong>dicntiue</strong></span> <span class='ocrx_word' id='word_1_471' title='bbox 1594 3248 1796 3293; x_wconf 91' lang='lat' dir='ltr'><strong>consensum.</strong></span> <span class='ocrx_word' id='word_1_472' title='bbox 1851 3227 1972 3293; x_wconf 90' lang='lat' dir='ltr'><strong>Notatu</strong></span> <span class='ocrx_word' id='word_1_473' title='bbox 2003 3229 2102 3292; x_wconf 89' lang='lat' dir='ltr'><strong>etiam</strong></span> <span class='ocrx_word' id='word_1_474' title='bbox 2135 3226 2270 3313; x_wconf 87' lang='lat' dir='ltr'><strong>dignum</strong></span> <span class='ocrx_word' id='word_1_475' title='bbox 2304 3227 2391 3311; x_wconf 93' lang='lat' dir='ltr'><strong>quod</strong></span> 
     </span>
     <span class='ocr_line' id='line_1_34' title="bbox 389 3311 2391 3398; baseline 0 -20"><span class='ocrx_word' id='word_1_476' title='bbox 389 3312 518 3395; x_wconf 91' lang='lat' dir='ltr'><strong>sculpit.</strong></span> <span class='ocrx_word' id='word_1_477' title='bbox 563 3312 643 3377; x_wconf 67' lang='lat' dir='ltr'><strong>licit</strong></span> <span class='ocrx_word' id='word_1_478' title='bbox 670 3313 757 3377; x_wconf 87' lang='lat' dir='ltr'><strong>enim</strong></span> <span class='ocrx_word' id='word_1_479' title='bbox 787 3311 989 3378; x_wconf 89' lang='lat' dir='ltr'><strong>circumcisio</strong></span> <span class='ocrx_word' id='word_1_480' title='bbox 1017 3313 1109 3395; x_wconf 88' lang='lat' dir='ltr'><strong>quasi</strong></span> <span class='ocrx_word' id='word_1_481' title='bbox 1136 3314 1271 3378; x_wconf 88' lang='lat' dir='ltr'><strong>solenne</strong></span> <span class='ocrx_word' id='word_1_482' title='bbox 1293 3335 1362 3379; x_wconf 92' lang='lat' dir='ltr'><strong>mo·</strong></span> <span class='ocrx_word' id='word_1_483' title='bbox 1414 3314 1571 3398; x_wconf 89' lang='lat' dir='ltr'><strong>sequitur,</strong></span> <span class='ocrx_word' id='word_1_484' title='bbox 1594 3313 1683 3378; x_wconf 80' lang='lat' dir='ltr'><strong>Inter</strong></span> <span class='ocrx_word' id='word_1_485' title='bbox 1705 3334 1753 3378; x_wconf 81' lang='lat' dir='ltr'><strong>uae</strong></span> <span class='ocrx_word' id='word_1_486' title='bbox 1780 3319 1809 3379; x_wconf 84' lang='lat' dir='ltr'><strong>et</strong></span> <span class='ocrx_word' id='word_1_487' title='bbox 1830 3319 1866 3379; x_wconf 82' lang='lat' dir='ltr'><strong>ie.</strong></span> <span class='ocrx_word' id='word_1_488' title='bbox 1907 3313 1982 3394; x_wconf 81' lang='lat' dir='ltr'><strong>Quo</strong></span> <span class='ocrx_word' id='word_1_489' title='bbox 2005 3313 2159 3380; x_wconf 91' lang='lat' dir='ltr'><strong>docemur</strong></span> <span class='ocrx_word' id='word_1_490' title='bbox 2180 3334 2248 3378; x_wconf 96' lang='lat' dir='ltr'><strong>non</strong></span> <span class='ocrx_word' id='word_1_491' title='bbox 2270 3312 2311 3379; x_wconf 88' lang='lat' dir='ltr'><strong>ad</strong></span> <span class='ocrx_word' id='word_1_492' title='bbox 2333 3336 2391 3378; x_wconf 91' lang='lat' dir='ltr'><strong>ex·</strong></span> 
     </span>
     <span class='ocr_line' id='line_1_35' title="bbox 389 3397 2389 3482; baseline 0 -18"><span class='ocrx_word' id='word_1_493' title='bbox 389 3413 584 3464; x_wconf 92' lang='lat' dir='ltr'><strong>numentum</strong></span> <span class='ocrx_word' id='word_1_494' title='bbox 606 3399 677 3463; x_wconf 88' lang='lat' dir='ltr'><strong>eiua</strong></span> <span class='ocrx_word' id='word_1_495' title='bbox 698 3397 879 3480; x_wconf 91' lang='lat' dir='ltr'><strong>adoptionis</strong></span> <span class='ocrx_word' id='word_1_496' title='bbox 897 3419 960 3480; x_wconf 92' lang='lat' dir='ltr'><strong>qua</strong></span> <span class='ocrx_word' id='word_1_497' title='bbox 982 3419 1086 3482; x_wconf 89' lang='lat' dir='ltr'><strong>genus</strong></span> <span class='ocrx_word' id='word_1_498' title='bbox 1105 3399 1258 3466; x_wconf 84' lang='lat' dir='ltr'><strong>Abrahae</strong></span> <span class='ocrx_word' id='word_1_499' title='bbox 1279 3401 1362 3466; x_wconf 88' lang='lat' dir='ltr'><strong>elec·</strong></span> <span class='ocrx_word' id='word_1_500' title='bbox 1414 3412 1543 3467; x_wconf 88' lang='lat' dir='ltr'><strong>ternam</strong></span> <span class='ocrx_word' id='word_1_501' title='bbox 1572 3400 1668 3465; x_wconf 93' lang='lat' dir='ltr'><strong>modo</strong></span> <span class='ocrx_word' id='word_1_502' title='bbox 1696 3399 1932 3464; x_wconf 80' lang='lat' dir='ltr'><strong>contessionem</strong></span> <span class='ocrx_word' id='word_1_503' title='bbox 1960 3411 2107 3482; x_wconf 87' lang='lat' dir='ltr'><strong>spectare</strong></span> <span class='ocrx_word' id='word_1_504' title='bbox 2136 3409 2389 3478; x_wconf 89' lang='lat' dir='ltr'><strong>sacramentum,</strong></span> 
     </span>
     <span class='ocr_line' id='line_1_36' title="bbox 389 3483 2390 3568; baseline 0 -18"><span class='ocrx_word' id='word_1_505' title='bbox 389 3493 460 3550; x_wconf 91' lang='lat' dir='ltr'><strong>tum</strong></span> <span class='ocrx_word' id='word_1_506' title='bbox 481 3483 589 3549; x_wconf 83' lang='lat' dir='ltr'><strong>fuerat</strong></span> <span class='ocrx_word' id='word_1_507' title='bbox 609 3485 646 3549; x_wconf 89' lang='lat' dir='ltr'><strong>in</strong></span> <span class='ocrx_word' id='word_1_508' title='bbox 667 3484 864 3566; x_wconf 90' lang='lat' dir='ltr'><strong>peculiarem</strong></span> <span class='ocrx_word' id='word_1_509' title='bbox 881 3484 945 3548; x_wconf 90' lang='lat' dir='ltr'><strong>Dei</strong></span> <span class='ocrx_word' id='word_1_510' title='bbox 963 3485 1129 3567; x_wconf 92' lang='lat' dir='ltr'><strong>populum.</strong></span> <span class='ocrx_word' id='word_1_511' title='bbox 1167 3485 1363 3552; x_wconf 90' lang='lat' dir='ltr'><strong>Habuerant</strong></span> <span class='ocrx_word' id='word_1_512' title='bbox 1415 3487 1473 3552; x_wconf 88' lang='lat' dir='ltr'><strong>sed</strong></span> <span class='ocrx_word' id='word_1_513' title='bbox 1504 3485 1647 3552; x_wconf 90' lang='lat' dir='ltr'><strong>medium</strong></span> <span class='ocrx_word' id='word_1_514' title='bbox 1683 3505 1753 3549; x_wconf 88' lang='lat' dir='ltr'><strong>esse</strong></span> <span class='ocrx_word' id='word_1_515' title='bbox 1781 3488 1901 3568; x_wconf 87' lang='lat' dir='ltr'><strong>pignus</strong></span> <span class='ocrx_word' id='word_1_516' title='bbox 1931 3486 2018 3550; x_wconf 88' lang='lat' dir='ltr'><strong>inter</strong></span> <span class='ocrx_word' id='word_1_517' title='bbox 2047 3486 2157 3550; x_wconf 90' lang='lat' dir='ltr'><strong>Deum</strong></span> <span class='ocrx_word' id='word_1_518' title='bbox 2186 3494 2220 3551; x_wconf 89' lang='lat' dir='ltr'><strong>et</strong></span> <span class='ocrx_word' id='word_1_519' title='bbox 2247 3485 2390 3550; x_wconf 89' lang='lat' dir='ltr'><strong>hominis</strong></span> 
     </span>
     <span class='ocr_line' id='line_1_37' title="bbox 389 3569 2390 3655; baseline -0.001 -19"><span class='ocrx_word' id='word_1_520' title='bbox 389 3580 487 3636; x_wconf 93' lang='lat' dir='ltr'><strong>antea</strong></span> <span class='ocrx_word' id='word_1_521' title='bbox 496 3571 544 3654; x_wconf 93' lang='lat' dir='ltr'><strong>pii</strong></span> <span class='ocrx_word' id='word_1_522' title='bbox 555 3569 635 3634; x_wconf 88' lang='lat' dir='ltr'><strong>alias</strong></span> <span class='ocrx_word' id='word_1_523' title='bbox 652 3570 873 3635; x_wconf 86' lang='lat' dir='ltr'><strong>caeremonias</strong></span> <span class='ocrx_word' id='word_1_524' title='bbox 892 3590 974 3652; x_wconf 90' lang='lat' dir='ltr'><strong>quae</strong></span> <span class='ocrx_word' id='word_1_525' title='bbox 991 3569 1220 3636; x_wconf 90' lang='lat' dir='ltr'><strong>certitudinem</strong></span> <span class='ocrx_word' id='word_1_526' title='bbox 1237 3573 1363 3655; x_wconf 84' lang='lat' dir='ltr'><strong>gratiae</strong></span> <span class='ocrx_word' id='word_1_527' title='bbox 1413 3572 1653 3638; x_wconf 87' lang='lat' dir='ltr'><strong>conscientiam.</strong></span> <span class='ocrx_word' id='word_1_528' title='bbox 1709 3569 1787 3635; x_wconf 91' lang='lat' dir='ltr'><strong>Ideo</strong></span> <span class='ocrx_word' id='word_1_529' title='bbox 1826 3570 1971 3653; x_wconf 89' lang='lat' dir='ltr'><strong>quisquis</strong></span> <span class='ocrx_word' id='word_1_530' title='bbox 2010 3591 2069 3653; x_wconf 88' lang='lat' dir='ltr'><strong>per</strong></span> <span class='ocrx_word' id='word_1_531' title='bbox 2106 3582 2313 3636; x_wconf 88' lang='lat' dir='ltr'><strong>sacramenta</strong></span> <span class='ocrx_word' id='word_1_532' title='bbox 2349 3569 2390 3634; x_wconf 89' lang='lat' dir='ltr'><strong>ad</strong></span> 
     </span>
     <span class='ocr_line' id='line_1_38' title="bbox 389 3655 2389 3739; baseline -0.001 -17"><span class='ocrx_word' id='word_1_533' title='bbox 389 3655 453 3722; x_wconf 89' lang='lat' dir='ltr'><strong>Dei</strong></span> <span class='ocrx_word' id='word_1_534' title='bbox 476 3655 541 3720; x_wconf 89' lang='lat' dir='ltr'><strong>illis</strong></span> <span class='ocrx_word' id='word_1_535' title='bbox 562 3655 745 3722; x_wconf 85' lang='lat' dir='ltr'><strong>sancirent:</strong></span> <span class='ocrx_word' id='word_1_536' title='bbox 773 3676 860 3722; x_wconf 93' lang='lat' dir='ltr'><strong>nunc</strong></span> <span class='ocrx_word' id='word_1_537' title='bbox 883 3674 961 3720; x_wconf 87' lang='lat' dir='ltr'><strong>vero</strong></span> <span class='ocrx_word' id='word_1_538' title='bbox 986 3656 1147 3721; x_wconf 91' lang='lat' dir='ltr'><strong>Dominus</strong></span> <span class='ocrx_word' id='word_1_539' title='bbox 1168 3656 1281 3722; x_wconf 80' lang='lat' dir='ltr'><strong>foedus</strong></span> <span class='ocrx_word' id='word_1_540' title='bbox 1305 3680 1362 3723; x_wconf 92' lang='lat' dir='ltr'><strong>no-</strong></span> <span class='ocrx_word' id='word_1_541' title='bbox 1413 3657 1522 3723; x_wconf 91' lang='lat' dir='ltr'><strong>Dcum</strong></span> <span class='ocrx_word' id='word_1_542' title='bbox 1544 3677 1612 3722; x_wconf 92' lang='lat' dir='ltr'><strong>non</strong></span> <span class='ocrx_word' id='word_1_543' title='bbox 1634 3655 1795 3739; x_wconf 79' lang='lat' dir='ltr'><strong>dirigitur,</strong></span> <span class='ocrx_word' id='word_1_544' title='bbox 1818 3676 1930 3720; x_wconf 91' lang='lat' dir='ltr'><strong>eorum</strong></span> <span class='ocrx_word' id='word_1_545' title='bbox 1953 3676 2049 3722; x_wconf 88' lang='lat' dir='ltr'><strong>usum</strong></span> <span class='ocrx_word' id='word_1_546' title='bbox 2071 3657 2231 3739; x_wconf 85' lang='lat' dir='ltr'><strong>profanat.</strong></span> <span class='ocrx_word' id='word_1_547' title='bbox 2272 3656 2389 3722; x_wconf 79' lang='lat' dir='ltr'><strong>(laete-</strong></span> 
     </span>
     <span class='ocr_line' id='line_1_39' title="bbox 388 3740 2389 3826; baseline 0 -20"><span class='ocrx_word' id='word_1_548' title='bbox 388 3763 470 3806; x_wconf 83' lang='lat' dir='ltr'><strong>vum</strong></span> <span class='ocrx_word' id='word_1_549' title='bbox 491 3763 576 3807; x_wconf 83' lang='lat' dir='ltr'><strong>novo</strong></span> <span class='ocrx_word' id='word_1_550' title='bbox 598 3760 718 3825; x_wconf 83' lang='lat' dir='ltr'><strong>genere</strong></span> <span class='ocrx_word' id='word_1_551' title='bbox 739 3741 879 3824; x_wconf 85' lang='lat' dir='ltr'><strong>symboli</strong></span> <span class='ocrx_word' id='word_1_552' title='bbox 901 3740 1066 3825; x_wconf 82' lang='lat' dir='ltr'><strong>obsignat:</strong></span> <span class='ocrx_word' id='word_1_553' title='bbox 1097 3761 1155 3807; x_wconf 91' lang='lat' dir='ltr'><strong>cur</strong></span> <span class='ocrx_word' id='word_1_554' title='bbox 1182 3753 1292 3808; x_wconf 90' lang='lat' dir='ltr'><strong>autem</strong></span> <span class='ocrx_word' id='word_1_555' title='bbox 1316 3752 1364 3809; x_wconf 86' lang='lat' dir='ltr'><strong>tot</strong></span> <span class='ocrx_word' id='word_1_556' title='bbox 1413 3767 1486 3810; x_wconf 89' lang='lat' dir='ltr'><strong>rum</strong></span> <span class='ocrx_word' id='word_1_557' title='bbox 1508 3744 1727 3826; x_wconf 83' lang='lat' dir='ltr'><strong>metonymice</strong></span> <span class='ocrx_word' id='word_1_558' title='bbox 1748 3740 1888 3806; x_wconf 86' lang='lat' dir='ltr'><strong>foedaris</strong></span> <span class='ocrx_word' id='word_1_559' title='bbox 1909 3763 2028 3807; x_wconf 91' lang='lat' dir='ltr'><strong>nomen</strong></span> <span class='ocrx_word' id='word_1_560' title='bbox 2047 3743 2088 3806; x_wconf 91' lang='lat' dir='ltr'><strong>ad</strong></span> <span class='ocrx_word' id='word_1_561' title='bbox 2110 3743 2389 3808; x_wconf 90' lang='lat' dir='ltr'><strong>circumcisionem</strong></span> 
     </span>
     <span class='ocr_line' id='line_1_40' title="bbox 389 3826 2388 3912; baseline -0.001 -20"><span class='ocrx_word' id='word_1_562' title='bbox 389 3826 527 3893; x_wconf 90' lang='lat' dir='ltr'><strong>sacculis</strong></span> <span class='ocrx_word' id='word_1_563' title='bbox 557 3829 616 3891; x_wconf 91' lang='lat' dir='ltr'><strong>hoc</strong></span> <span class='ocrx_word' id='word_1_564' title='bbox 649 3827 774 3910; x_wconf 89' lang='lat' dir='ltr'><strong>gratiae</strong></span> <span class='ocrx_word' id='word_1_565' title='bbox 803 3847 882 3892; x_wconf 92' lang='lat' dir='ltr'><strong>suae</strong></span> <span class='ocrx_word' id='word_1_566' title='bbox 904 3827 1089 3892; x_wconf 88' lang='lat' dir='ltr'><strong>testimonio</strong></span> <span class='ocrx_word' id='word_1_567' title='bbox 1111 3847 1222 3894; x_wconf 88' lang='lat' dir='ltr'><strong>carere</strong></span> <span class='ocrx_word' id='word_1_568' title='bbox 1245 3849 1362 3912; x_wconf 89' lang='lat' dir='ltr'><strong>passus</strong></span> <span class='ocrx_word' id='word_1_569' title='bbox 1413 3831 1627 3905; x_wconf 83' lang='lat' dir='ltr'><strong>transfertur,</strong></span> <span class='ocrx_word' id='word_1_570' title='bbox 1660 3848 1744 3910; x_wconf 86' lang='lat' dir='ltr'><strong>quae</strong></span> <span class='ocrx_word' id='word_1_571' title='bbox 1776 3829 1823 3892; x_wconf 88' lang='lat' dir='ltr'><strong>sic</strong></span> <span class='ocrx_word' id='word_1_572' title='bbox 1850 3828 1950 3892; x_wconf 81' lang='lat' dir='ltr'><strong>verbo</strong></span> <span class='ocrx_word' id='word_1_573' title='bbox 1978 3826 2137 3911; x_wconf 91' lang='lat' dir='ltr'><strong>implicita</strong></span> <span class='ocrx_word' id='word_1_574' title='bbox 2166 3829 2230 3893; x_wconf 86' lang='lat' dir='ltr'><strong>fuit</strong></span> <span class='ocrx_word' id='word_1_575' title='bbox 2259 3840 2295 3892; x_wconf 87' lang='lat' dir='ltr'><strong>ut</strong></span> <span class='ocrx_word' id='word_1_576' title='bbox 2322 3849 2388 3892; x_wconf 91' lang='lat' dir='ltr'><strong>non</strong></span> 
     </span>
     <span class='ocr_line' id='line_1_41' title="bbox 389 3912 1823 3999; baseline 0.001 -23"><span class='ocrx_word' id='word_1_577' title='bbox 389 3913 489 3976; x_wconf 83' lang='lat' dir='ltr'><strong>fuerit</strong></span> <span class='ocrx_word' id='word_1_578' title='bbox 511 3912 692 3977; x_wconf 89' lang='lat' dir='ltr'><strong>humanum</strong></span> <span class='ocrx_word' id='word_1_579' title='bbox 714 3933 833 3996; x_wconf 87' lang='lat' dir='ltr'><strong>genus,</strong></span> <span class='ocrx_word' id='word_1_580' title='bbox 866 3914 949 3977; x_wconf 91' lang='lat' dir='ltr'><strong>ratio</strong></span> <span class='ocrx_word' id='word_1_581' title='bbox 971 3913 1063 3979; x_wconf 90' lang='lat' dir='ltr'><strong>nobis</strong></span> <span class='ocrx_word' id='word_1_582' title='bbox 1085 3913 1274 3979; x_wconf 88' lang='lat' dir='ltr'><strong>abscondita</strong></span> <span class='ocrx_word' id='word_1_583' title='bbox 1296 3927 1360 3981; x_wconf 91' lang='lat' dir='ltr'><strong>cst:</strong></span> <span class='ocrx_word' id='word_1_584' title='bbox 1414 3925 1523 3999; x_wconf 90' lang='lat' dir='ltr'><strong>posset</strong></span> <span class='ocrx_word' id='word_1_585' title='bbox 1544 3914 1584 3979; x_wconf 87' lang='lat' dir='ltr'><strong>ab</strong></span> <span class='ocrx_word' id='word_1_586' title='bbox 1606 3934 1644 3979; x_wconf 92' lang='lat' dir='ltr'><strong>eo</strong></span> <span class='ocrx_word' id='word_1_587' title='bbox 1669 3915 1823 3996; x_wconf 89' lang='lat' dir='ltr'><strong>separari.</strong></span> 
     </span>
     <span class='ocr_line' id='line_1_42' title="bbox 389 3997 2390 4083; baseline -0 -20"><span class='ocrx_word' id='word_1_588' title='bbox 389 3999 452 4064; x_wconf 90' lang='lat' dir='ltr'><strong>nisi</strong></span> <span class='ocrx_word' id='word_1_589' title='bbox 475 3998 558 4081; x_wconf 93' lang='lat' dir='ltr'><strong>quod</strong></span> <span class='ocrx_word' id='word_1_590' title='bbox 587 3997 736 4062; x_wconf 85' lang='lat' dir='ltr'><strong>videmus</strong></span> <span class='ocrx_word' id='word_1_591' title='bbox 766 4006 853 4062; x_wconf 53' lang='lat' dir='ltr'><strong>tunc*</strong></span> <span class='ocrx_word' id='word_1_592' title='bbox 871 3998 972 4064; x_wconf 86' lang='lat' dir='ltr'><strong>fuisse</strong></span> <span class='ocrx_word' id='word_1_593' title='bbox 1000 3999 1203 4074; x_wconf 88' lang='lat' dir='ltr'><strong>institutum,</strong></span> <span class='ocrx_word' id='word_1_594' title='bbox 1233 4001 1362 4083; x_wconf 90' lang='lat' dir='ltr'><strong>quando</strong></span> <span class='ocrx_word' id='word_1_595' title='bbox 1502 3999 1744 4067; x_wconf 82' lang='lat' dir='ltr'><strong>Circumcideiur</strong></span> <span class='ocrx_word' id='word_1_596' title='bbox 1759 3999 1795 4062; x_wconf 86' lang='lat' dir='ltr'><strong>iu</strong></span> <span class='ocrx_word' id='word_1_597' title='bbox 1815 3998 1900 4063; x_wconf 62' lang='lat' dir='ltr'><strong>nobb</strong></span> <span class='ocrx_word' id='word_1_598' title='bbox 1917 3998 2017 4064; x_wconf 75' lang='lat' dir='ltr'><strong>munic</strong></span> <span class='ocrx_word' id='word_1_599' title='bbox 2037 3998 2205 4064; x_wconf 73' lang='lat' dir='ltr'><strong>musculus</strong></span> <span class='ocrx_word' id='word_1_600' title='bbox 2242 3999 2390 4064; x_wconf 69' lang='lat' dir='ltr'><strong>Tametsi</strong></span> 
     </span>
     <span class='ocr_line' id='line_1_43' title="bbox 388 4082 2389 4169; baseline -0 -21"><span class='ocrx_word' id='word_1_601' title='bbox 388 4104 490 4148; x_wconf 92' lang='lat' dir='ltr'><strong>unam</strong></span> <span class='ocrx_word' id='word_1_602' title='bbox 511 4093 634 4150; x_wconf 88' lang='lat' dir='ltr'><strong>certam</strong></span> <span class='ocrx_word' id='word_1_603' title='bbox 664 4095 795 4166; x_wconf 86' lang='lat' dir='ltr'><strong>gentem</strong></span> <span class='ocrx_word' id='word_1_604' title='bbox 819 4082 880 4148; x_wconf 91' lang='lat' dir='ltr'><strong>sibi</strong></span> <span class='ocrx_word' id='word_1_605' title='bbox 910 4084 1045 4168; x_wconf 86' lang='lat' dir='ltr'><strong>delegit:</strong></span> <span class='ocrx_word' id='word_1_606' title='bbox 1075 4084 1162 4168; x_wconf 92' lang='lat' dir='ltr'><strong>quod</strong></span> <span class='ocrx_word' id='word_1_607' title='bbox 1190 4087 1298 4168; x_wconf 91' lang='lat' dir='ltr'><strong>ipsum</strong></span> <span class='ocrx_word' id='word_1_608' title='bbox 1321 4107 1362 4152; x_wconf 89' lang='lat' dir='ltr'><strong>ex</strong></span> <span class='ocrx_word' id='word_1_609' title='bbox 1414 4087 1559 4152; x_wconf 87' lang='lat' dir='ltr'><strong>maribus</strong></span> <span class='ocrx_word' id='word_1_610' title='bbox 1596 4085 1719 4169; x_wconf 84' lang='lat' dir='ltr'><strong>pariter</strong></span> <span class='ocrx_word' id='word_1_611' title='bbox 1756 4092 1789 4152; x_wconf 89' lang='lat' dir='ltr'><strong>et</strong></span> <span class='ocrx_word' id='word_1_612' title='bbox 1825 4084 1956 4150; x_wconf 83' lang='lat' dir='ltr'><strong>feminis</strong></span> <span class='ocrx_word' id='word_1_613' title='bbox 1995 4085 2157 4167; x_wconf 89' lang='lat' dir='ltr'><strong>pollicitus</strong></span> <span class='ocrx_word' id='word_1_614' title='bbox 2192 4093 2264 4151; x_wconf 88' lang='lat' dir='ltr'><strong>erat</strong></span> <span class='ocrx_word' id='word_1_615' title='bbox 2293 4085 2389 4149; x_wconf 91' lang='lat' dir='ltr'><strong>Dens</strong></span> 
     </span>
    </p>
   </div>
   <div class='ocr_carea' id='block_1_5' title="bbox 387 4167 2473 4428">
    <p class='ocr_par' dir='ltr' id='par_1_5' title="bbox 387 4167 2473 4428">
     <span class='ocr_line' id='line_1_44' title="bbox 389 4167 2473 4256; baseline -0 -21"><span class='ocrx_word' id='word_1_616' title='bbox 389 4189 507 4235; x_wconf 89' lang='lat' dir='ltr'><strong>arcano</strong></span> <span class='ocrx_word' id='word_1_617' title='bbox 529 4170 598 4233; x_wconf 87' lang='lat' dir='ltr'><strong>cius</strong></span> <span class='ocrx_word' id='word_1_618' title='bbox 620 4170 754 4234; x_wconf 91' lang='lat' dir='ltr'><strong>consilio</strong></span> <span class='ocrx_word' id='word_1_619' title='bbox 783 4170 911 4251; x_wconf 89' lang='lat' dir='ltr'><strong>pendet.</strong></span> <span class='ocrx_word' id='word_1_620' title='bbox 956 4170 1059 4236; x_wconf 87' lang='lat' dir='ltr'><strong>Porro</strong></span> <span class='ocrx_word' id='word_1_621' title='bbox 1088 4173 1219 4235; x_wconf 86' lang='lat' dir='ltr'><strong>tametsi</strong></span> <span class='ocrx_word' id='word_1_622' title='bbox 1242 4171 1282 4236; x_wconf 90' lang='lat' dir='ltr'><strong>ad</strong></span> <span class='ocrx_word' id='word_1_623' title='bbox 1306 4171 1362 4237; x_wconf 93' lang='lat' dir='ltr'><strong>do·</strong></span> <span class='ocrx_word' id='word_1_624' title='bbox 1414 4171 1500 4256; x_wconf 92' lang='lat' dir='ltr'><strong>quod</strong></span> <span class='ocrx_word' id='word_1_625' title='bbox 1532 4170 1779 4237; x_wconf 88' lang='lat' dir='ltr'><strong>circumcisione</strong></span> <span class='ocrx_word' id='word_1_626' title='bbox 1808 4168 1925 4235; x_wconf 89' lang='lat' dir='ltr'><strong>deinde</strong></span> <span class='ocrx_word' id='word_1_627' title='bbox 1958 4171 2112 4236; x_wconf 87' lang='lat' dir='ltr'><strong>saucivit:</strong></span> <span class='ocrx_word' id='word_1_628' title='bbox 2147 4184 2259 4236; x_wconf 87' lang='lat' dir='ltr'><strong>tamen</strong></span> <span class='ocrx_word' id='word_1_629' title='bbox 2286 4171 2319 4234; x_wconf 92' lang='lat' dir='ltr'><strong>in</strong></span> <span class='ocrx_word' id='word_1_630' title='bbox 2350 4191 2388 4234; x_wconf 90' lang='lat' dir='ltr'><strong>eo</strong></span> <span class='ocrx_word' id='word_1_631' title='bbox 2472 4167 2473 4184; x_wconf 61' lang='lat'>¹</span> 
     </span>
     <span class='ocr_line' id='line_1_45' title="bbox 387 4253 2473 4339; baseline 0 -17"><span class='ocrx_word' id='word_1_632' title='bbox 387 4255 484 4322; x_wconf 90' lang='lat' dir='ltr'><strong>cendi</strong></span> <span class='ocrx_word' id='word_1_633' title='bbox 505 4253 696 4319; x_wconf 91' lang='lat' dir='ltr'><strong>methodum</strong></span> <span class='ocrx_word' id='word_1_634' title='bbox 719 4255 827 4337; x_wconf 90' lang='lat' dir='ltr'><strong>aptius</strong></span> <span class='ocrx_word' id='word_1_635' title='bbox 849 4257 932 4320; x_wconf 88' lang='lat' dir='ltr'><strong>forte</strong></span> <span class='ocrx_word' id='word_1_636' title='bbox 954 4271 1041 4321; x_wconf 89' lang='lat' dir='ltr'><strong>esset</strong></span> <span class='ocrx_word' id='word_1_637' title='bbox 1066 4277 1228 4322; x_wconf 84' lang='lat' dir='ltr'><strong>summam</strong></span> <span class='ocrx_word' id='word_1_638' title='bbox 1251 4279 1362 4324; x_wconf 89' lang='lat' dir='ltr'><strong>eornm</strong></span> <span class='ocrx_word' id='word_1_639' title='bbox 1413 4280 1495 4324; x_wconf 89' lang='lat' dir='ltr'><strong>saxu</strong></span> <span class='ocrx_word' id='word_1_640' title='bbox 1528 4266 1634 4322; x_wconf 90' lang='lat' dir='ltr'><strong>totum</strong></span> <span class='ocrx_word' id='word_1_641' title='bbox 1666 4254 1822 4339; x_wconf 93' lang='lat' dir='ltr'><strong>populum</strong></span> <span class='ocrx_word' id='word_1_642' title='bbox 1855 4255 1917 4321; x_wconf 91' lang='lat' dir='ltr'><strong>sibi</strong></span> <span class='ocrx_word' id='word_1_643' title='bbox 1950 4267 2124 4321; x_wconf 89' lang='lat' dir='ltr'><strong>consecrat.</strong></span> <span class='ocrx_word' id='word_1_644' title='bbox 2170 4256 2255 4322; x_wconf 91' lang='lat' dir='ltr'><strong>Nam</strong></span> <span class='ocrx_word' id='word_1_645' title='bbox 2284 4276 2386 4338; x_wconf 89' lang='lat' dir='ltr'><strong>quum</strong></span> <span class='ocrx_word' id='word_1_646' title='bbox 2472 4277 2473 4322; x_wconf 84' lang='lat'>1</span> 
     </span>
     <span class='ocr_line' id='line_1_46' title="bbox 389 4335 2473 4428; baseline -0.001 -24"><span class='ocrx_word' id='word_1_647' title='bbox 389 4339 543 4424; x_wconf 88' lang='lat' dir='ltr'><strong>colligere</strong></span> <span class='ocrx_word' id='word_1_648' title='bbox 565 4361 647 4423; x_wconf 92' lang='lat' dir='ltr'><strong>qnae</strong></span> <span class='ocrx_word' id='word_1_649' title='bbox 669 4339 709 4405; x_wconf 94' lang='lat' dir='ltr'><strong>de</strong></span> <span class='ocrx_word' id='word_1_650' title='bbox 730 4340 975 4407; x_wconf 88' lang='lat' dir='ltr'><strong>circumcisione</strong></span> <span class='ocrx_word' id='word_1_651' title='bbox 997 4340 1132 4408; x_wconf 90' lang='lat' dir='ltr'><strong>dicenda</strong></span> <span class='ocrx_word' id='word_1_652' title='bbox 1154 4351 1246 4407; x_wconf 89' lang='lat' dir='ltr'><strong>sunt:</strong></span> <span class='ocrx_word' id='word_1_653' title='bbox 1277 4345 1361 4427; x_wconf 93' lang='lat' dir='ltr'><strong>quod</strong></span> <span class='ocrx_word' id='word_1_654' title='bbox 1415 4345 1475 4411; x_wconf 92' lang='lat' dir='ltr'><strong>hcc</strong></span> <span class='ocrx_word' id='word_1_655' title='bbox 1497 4343 1644 4428; x_wconf 81' lang='lat' dir='ltr'><strong>symbolo</strong></span> <span class='ocrx_word' id='word_1_656' title='bbox 1672 4343 1837 4407; x_wconf 88' lang='lat' dir='ltr'><strong>sanciatur</strong></span> <span class='ocrx_word' id='word_1_657' title='bbox 1863 4362 1945 4424; x_wconf 88' lang='lat' dir='ltr'><strong>quae</strong></span> <span class='ocrx_word' id='word_1_658' title='bbox 1974 4342 2156 4426; x_wconf 91' lang='lat' dir='ltr'><strong>promiscue</strong></span> <span class='ocrx_word' id='word_1_659' title='bbox 2188 4342 2333 4408; x_wconf 89' lang='lat' dir='ltr'><strong>maribus</strong></span> <span class='ocrx_word' id='word_1_660' title='bbox 2356 4357 2387 4404; x_wconf 88' lang='lat' dir='ltr'><strong>ct</strong></span> <span class='ocrx_word' id='word_1_661' title='bbox 2472 4335 2473 4378; x_wconf 57' lang='grc' dir='ltr'>ἶ</span> 
     </span>
    </p>
   </div>
   <div class='ocr_carea' id='block_1_6' title="bbox 389 4426 2389 4596">
    <p class='ocr_par' dir='ltr' id='par_1_6' title="bbox 389 4426 2389 4596">
     <span class='ocr_line' id='line_1_47' title="bbox 389 4426 2388 4510; baseline -0.001 -19"><span class='ocrx_word' id='word_1_662' title='bbox 389 4435 502 4491; x_wconf 90' lang='lat' dir='ltr'><strong>tamen</strong></span> <span class='ocrx_word' id='word_1_663' title='bbox 534 4426 721 4509; x_wconf 87' lang='lat' dir='ltr'><strong>interpretis</strong></span> <span class='ocrx_word' id='word_1_664' title='bbox 750 4426 856 4491; x_wconf 86' lang='lat' dir='ltr'><strong>officio</strong></span> <span class='ocrx_word' id='word_1_665' title='bbox 883 4427 986 4510; x_wconf 87' lang='lat' dir='ltr'><strong>magis</strong></span> <span class='ocrx_word' id='word_1_666' title='bbox 1019 4427 1180 4510; x_wconf 89' lang='lat' dir='ltr'><strong>quadrare</strong></span> <span class='ocrx_word' id='word_1_667' title='bbox 1212 4427 1362 4509; x_wconf 90' lang='lat' dir='ltr'><strong>arbitror,</strong></span> <span class='ocrx_word' id='word_1_668' title='bbox 1414 4429 1544 4496; x_wconf 87' lang='lat' dir='ltr'><strong>leminis</strong></span> <span class='ocrx_word' id='word_1_669' title='bbox 1583 4429 1660 4493; x_wconf 89' lang='lat' dir='ltr'><strong>data</strong></span> <span class='ocrx_word' id='word_1_670' title='bbox 1698 4437 1768 4491; x_wconf 89' lang='lat' dir='ltr'><strong>erat</strong></span> <span class='ocrx_word' id='word_1_671' title='bbox 1799 4427 1985 4509; x_wconf 86' lang='lat' dir='ltr'><strong>promissio:</strong></span> <span class='ocrx_word' id='word_1_672' title='bbox 2024 4436 2150 4492; x_wconf 89' lang='lat' dir='ltr'><strong>certum</strong></span> <span class='ocrx_word' id='word_1_673' title='bbox 2186 4441 2291 4493; x_wconf 89' lang='lat' dir='ltr'><strong>autem</strong></span> <span class='ocrx_word' id='word_1_674' title='bbox 2334 4429 2388 4502; x_wconf 88' lang='lat' dir='ltr'><strong>sit,</strong></span> 
     </span>
     <span class='ocr_line' id='line_1_48' title="bbox 389 4511 2389 4596; baseline -0.001 -19"><span class='ocrx_word' id='word_1_675' title='bbox 389 4511 540 4577; x_wconf 91' lang='lat' dir='ltr'><strong>ordinem</strong></span> <span class='ocrx_word' id='word_1_676' title='bbox 568 4522 742 4577; x_wconf 90' lang='lat' dir='ltr'><strong>contextus</strong></span> <span class='ocrx_word' id='word_1_677' title='bbox 772 4531 898 4595; x_wconf 83' lang='lat' dir='ltr'><strong>sequar.</strong></span> <span class='ocrx_word' id='word_1_678' title='bbox 944 4513 1094 4577; x_wconf 87' lang='lat' dir='ltr'><strong>Primum</strong></span> <span class='ocrx_word' id='word_1_679' title='bbox 1116 4534 1216 4596; x_wconf 92' lang='lat' dir='ltr'><strong>quum</strong></span> <span class='ocrx_word' id='word_1_680' title='bbox 1250 4515 1363 4582; x_wconf 79' lang='lat' dir='ltr'><strong>foedus</strong></span> <span class='ocrx_word' id='word_1_681' title='bbox 1414 4514 1658 4581; x_wconf 87' lang='lat' dir='ltr'><strong>confirmatione</strong></span> <span class='ocrx_word' id='word_1_682' title='bbox 1697 4512 1835 4576; x_wconf 82' lang='lat' dir='ltr'><strong>feminas</strong></span> <span class='ocrx_word' id='word_1_683' title='bbox 1873 4533 1974 4594; x_wconf 89' lang='lat' dir='ltr'><strong>aeque</strong></span> <span class='ocrx_word' id='word_1_684' title='bbox 2009 4533 2047 4578; x_wconf 87' lang='lat' dir='ltr'><strong>ao</strong></span> <span class='ocrx_word' id='word_1_685' title='bbox 2082 4533 2190 4580; x_wconf 87' lang='lat' dir='ltr'><strong>mares</strong></span> <span class='ocrx_word' id='word_1_686' title='bbox 2233 4512 2389 4577; x_wconf 87' lang='lat' dir='ltr'><strong>habuisse</strong></span> 
     </span>
    </p>
   </div>
   <div class='ocr_carea' id='block_1_7' title="bbox 389 4597 2473 4685">
    <p class='ocr_par' dir='ltr' id='par_1_7' title="bbox 389 4597 2473 4685">
     <span class='ocr_line' id='line_1_49' title="bbox 389 4597 2473 4685; baseline 0.002 -23"><span class='ocrx_word' id='word_1_687' title='bbox 389 4597 453 4662; x_wconf 91' lang='lat' dir='ltr'><strong>Dei</strong></span> <span class='ocrx_word' id='word_1_688' title='bbox 482 4619 502 4660; x_wconf 92' lang='lat' dir='ltr'><strong>a</strong></span> <span class='ocrx_word' id='word_1_689' title='bbox 530 4598 623 4662; x_wconf 86' lang='lat' dir='ltr'><strong>Mose</strong></span> <span class='ocrx_word' id='word_1_690' title='bbox 651 4609 788 4664; x_wconf 84' lang='lat' dir='ltr'><strong>vocatur</strong></span> <span class='ocrx_word' id='word_1_691' title='bbox 819 4597 1036 4676; x_wconf 87' lang='lat' dir='ltr'><strong>circumcisio,</strong></span> <span class='ocrx_word' id='word_1_692' title='bbox 1069 4598 1146 4663; x_wconf 88' lang='lat' dir='ltr'><strong>inde</strong></span> <span class='ocrx_word' id='word_1_693' title='bbox 1179 4599 1362 4684; x_wconf 82' lang='lat' dir='ltr'><strong>colligimus</strong></span> <span class='ocrx_word' id='word_1_694' title='bbox 1414 4621 1509 4685; x_wconf 90' lang='lat' dir='ltr'><strong>opus:</strong></span> <span class='ocrx_word' id='word_1_695' title='bbox 1541 4601 1616 4664; x_wconf 93' lang='lat' dir='ltr'><strong>hinc</strong></span> <span class='ocrx_word' id='word_1_696' title='bbox 1648 4599 1818 4663; x_wconf 88' lang='lat' dir='ltr'><strong>conficitur</strong></span> <span class='ocrx_word' id='word_1_697' title='bbox 1849 4598 2033 4664; x_wconf 90' lang='lat' dir='ltr'><strong>ordinatum</strong></span> <span class='ocrx_word' id='word_1_698' title='bbox 2069 4599 2171 4663; x_wconf 85' lang='lat' dir='ltr'><strong>luisse</strong></span> <span class='ocrx_word' id='word_1_699' title='bbox 2204 4599 2388 4674; x_wconf 73' lang='lat' dir='ltr'><strong>symbolum</strong></span> <span class='ocrx_word' id='word_1_700' title='bbox 2472 4603 2473 4666; x_wconf 72' lang='grc' dir='ltr'>ζ</span> 
     </span>
    </p>
   </div>
   <div class='ocr_carea' id='block_1_8' title="bbox 389 4682 2473 5207">
    <p class='ocr_par' dir='ltr' id='par_1_8' title="bbox 389 4682 2473 5207">
     <span class='ocr_line' id='line_1_50' title="bbox 389 4682 2473 4768; baseline 0.001 -22"><span class='ocrx_word' id='word_1_701' title='bbox 389 4682 549 4748; x_wconf 90' lang='lat' dir='ltr'><strong>inclusam</strong></span> <span class='ocrx_word' id='word_1_702' title='bbox 571 4684 607 4746; x_wconf 94' lang='lat' dir='ltr'><strong>in</strong></span> <span class='ocrx_word' id='word_1_703' title='bbox 629 4703 667 4748; x_wconf 93' lang='lat' dir='ltr'><strong>ea</strong></span> <span class='ocrx_word' id='word_1_704' title='bbox 693 4683 794 4748; x_wconf 85' lang='lat' dir='ltr'><strong>fuisse</strong></span> <span class='ocrx_word' id='word_1_705' title='bbox 821 4683 946 4767; x_wconf 86' lang='lat' dir='ltr'><strong>gratiae</strong></span> <span class='ocrx_word' id='word_1_706' title='bbox 975 4684 1231 4766; x_wconf 89' lang='lat' dir='ltr'><strong>promissionem.</strong></span> <span class='ocrx_word' id='word_1_707' title='bbox 1276 4685 1362 4752; x_wconf 88' lang='lat' dir='ltr'><strong>Nam</strong></span> <span class='ocrx_word' id='word_1_708' title='bbox 1413 4689 1448 4752; x_wconf 95' lang='lat' dir='ltr'><strong>in</strong></span> <span class='ocrx_word' id='word_1_709' title='bbox 1475 4687 1644 4768; x_wconf 88' lang='lat' dir='ltr'><strong>utriusque</strong></span> <span class='ocrx_word' id='word_1_710' title='bbox 1673 4705 1770 4750; x_wconf 88' lang='lat' dir='ltr'><strong>sexus</strong></span> <span class='ocrx_word' id='word_1_711' title='bbox 1800 4685 1948 4766; x_wconf 89' lang='lat' dir='ltr'><strong>gratiam.</strong></span> <span class='ocrx_word' id='word_1_712' title='bbox 1994 4685 2063 4750; x_wconf 82' lang='lat' dir='ltr'><strong>h&#39;eo</strong></span> <span class='ocrx_word' id='word_1_713' title='bbox 2090 4685 2198 4750; x_wconf 84' lang='lat' dir='ltr'><strong>obstat</strong></span> <span class='ocrx_word' id='word_1_714' title='bbox 2225 4683 2306 4767; x_wconf 93' lang='lat' dir='ltr'><strong>quod</strong></span> <span class='ocrx_word' id='word_1_715' title='bbox 2337 4685 2389 4748; x_wconf 93' lang='lat' dir='ltr'><strong>iu·</strong></span> <span class='ocrx_word' id='word_1_716' title='bbox 2472 4737 2473 4768; x_wconf 53' lang='lat'><em>3</em></span> 
     </span>
     <span class='ocr_line' id='line_1_51' title="bbox 390 4767 2388 4856; baseline 0 -23"><span class='ocrx_word' id='word_1_717' title='bbox 390 4771 418 4833; x_wconf 91' lang='lat' dir='ltr'><strong>si</strong></span> <span class='ocrx_word' id='word_1_718' title='bbox 441 4783 517 4834; x_wconf 90' lang='lat' dir='ltr'><strong>nota</strong></span> <span class='ocrx_word' id='word_1_719' title='bbox 546 4767 708 4833; x_wconf 85' lang='lat' dir='ltr'><strong>duntaxat</strong></span> <span class='ocrx_word' id='word_1_720' title='bbox 730 4768 782 4835; x_wconf 86' lang='lat' dir='ltr'><strong>vel</strong></span> <span class='ocrx_word' id='word_1_721' title='bbox 810 4781 933 4834; x_wconf 85' lang='lat' dir='ltr'><strong>tessera</strong></span> <span class='ocrx_word' id='word_1_722' title='bbox 960 4769 1077 4836; x_wconf 86' lang='lat' dir='ltr'><strong>fuisset</strong></span> <span class='ocrx_word' id='word_1_723' title='bbox 1104 4779 1260 4837; x_wconf 89' lang='lat' dir='ltr'><strong>externae</strong></span> <span class='ocrx_word' id='word_1_724' title='bbox 1288 4793 1362 4854; x_wconf 92' lang='lat' dir='ltr'><strong>pro-</strong></span> <span class='ocrx_word' id='word_1_725' title='bbox 1413 4772 1533 4838; x_wconf 91' lang='lat' dir='ltr'><strong>bentur</strong></span> <span class='ocrx_word' id='word_1_726' title='bbox 1553 4769 1675 4856; x_wconf 82' lang='lat' dir='ltr'><strong>singuli</strong></span> <span class='ocrx_word' id='word_1_727' title='bbox 1702 4769 1915 4835; x_wconf 88' lang='lat' dir='ltr'><strong>sacramentis</strong></span> <span class='ocrx_word' id='word_1_728' title='bbox 1943 4771 2199 4850; x_wconf 89' lang='lat' dir='ltr'><strong>communicare,</strong></span> <span class='ocrx_word' id='word_1_729' title='bbox 2227 4767 2388 4852; x_wconf 88' lang='lat' dir='ltr'><strong>siquidem</strong></span> 
     </span>
     <span class='ocr_line' id='line_1_52' title="bbox 389 4853 2390 4939; baseline 0 -22"><span class='ocrx_word' id='word_1_730' title='bbox 389 4853 541 4920; x_wconf 85' lang='lat' dir='ltr'><strong>fessionis</strong></span> <span class='ocrx_word' id='word_1_731' title='bbox 558 4853 644 4938; x_wconf 92' lang='lat' dir='ltr'><strong>apud</strong></span> <span class='ocrx_word' id='word_1_732' title='bbox 660 4854 819 4931; x_wconf 91' lang='lat' dir='ltr'><strong>homines,</strong></span> <span class='ocrx_word' id='word_1_733' title='bbox 838 4854 1036 4921; x_wconf 90' lang='lat' dir='ltr'><strong>nullomodo</strong></span> <span class='ocrx_word' id='word_1_734' title='bbox 1053 4855 1228 4939; x_wconf 90' lang='lat' dir='ltr'><strong>quadraret</strong></span> <span class='ocrx_word' id='word_1_735' title='bbox 1241 4878 1361 4925; x_wconf 89' lang='lat' dir='ltr'><strong>nomen</strong></span> <span class='ocrx_word' id='word_1_736' title='bbox 1412 4857 1490 4924; x_wconf 88' lang='lat' dir='ltr'><strong>inde</strong></span> <span class='ocrx_word' id='word_1_737' title='bbox 1512 4859 1653 4922; x_wconf 81' lang='lat' dir='ltr'><strong>fructum</strong></span> <span class='ocrx_word' id='word_1_738' title='bbox 1677 4875 1792 4938; x_wconf 87' lang='lat' dir='ltr'><strong>capere</strong></span> <span class='ocrx_word' id='word_1_739' title='bbox 1821 4855 1949 4920; x_wconf 83' lang='lat' dir='ltr'><strong>volunt:</strong></span> <span class='ocrx_word' id='word_1_740' title='bbox 1979 4857 2058 4938; x_wconf 90' lang='lat' dir='ltr'><strong>quia</strong></span> <span class='ocrx_word' id='word_1_741' title='bbox 2079 4855 2172 4921; x_wconf 91' lang='lat' dir='ltr'><strong>nulla</strong></span> <span class='ocrx_word' id='word_1_742' title='bbox 2193 4859 2234 4921; x_wconf 91' lang='lat' dir='ltr'><strong>ad</strong></span> <span class='ocrx_word' id='word_1_743' title='bbox 2253 4875 2306 4920; x_wconf 88' lang='lat' dir='ltr'><strong>eos</strong></span> <span class='ocrx_word' id='word_1_744' title='bbox 2332 4855 2390 4936; x_wconf 93' lang='lat' dir='ltr'><strong>qui</strong></span> 
     </span>
     <span class='ocr_line' id='line_1_53' title="bbox 389 4937 2390 5026; baseline 0 -23"><span class='ocrx_word' id='word_1_745' title='bbox 389 4937 545 5015; x_wconf 85' lang='lat' dir='ltr'><strong>foederis,</strong></span> <span class='ocrx_word' id='word_1_746' title='bbox 576 4940 662 5021; x_wconf 93' lang='lat' dir='ltr'><strong>quod</strong></span> <span class='ocrx_word' id='word_1_747' title='bbox 684 4951 793 5005; x_wconf 90' lang='lat' dir='ltr'><strong>ratum</strong></span> <span class='ocrx_word' id='word_1_748' title='bbox 815 4940 911 5006; x_wconf 90' lang='lat' dir='ltr'><strong>aliter</strong></span> <span class='ocrx_word' id='word_1_749' title='bbox 932 4962 998 5005; x_wconf 91' lang='lat' dir='ltr'><strong>non</strong></span> <span class='ocrx_word' id='word_1_750' title='bbox 1020 4951 1072 5008; x_wconf 88' lang='lat' dir='ltr'><strong>est</strong></span> <span class='ocrx_word' id='word_1_751' title='bbox 1092 4961 1191 5024; x_wconf 90' lang='lat' dir='ltr'><strong>quam</strong></span> <span class='ocrx_word' id='word_1_752' title='bbox 1213 4940 1290 5008; x_wconf 94' lang='lat' dir='ltr'><strong>dum</strong></span> <span class='ocrx_word' id='word_1_753' title='bbox 1313 4945 1361 5011; x_wconf 91' lang='lat' dir='ltr'><strong>illi</strong></span> <span class='ocrx_word' id='word_1_754' title='bbox 1413 4966 1507 5012; x_wconf 91' lang='lat' dir='ltr'><strong>usum</strong></span> <span class='ocrx_word' id='word_1_755' title='bbox 1541 4941 1728 5026; x_wconf 88' lang='lat' dir='ltr'><strong>negligunt,</strong></span> <span class='ocrx_word' id='word_1_756' title='bbox 1758 4941 1909 5024; x_wconf 83' lang='lat' dir='ltr'><strong>pervenit</strong></span> <span class='ocrx_word' id='word_1_757' title='bbox 1938 4940 2072 5006; x_wconf 90' lang='lat' dir='ltr'><strong>utilitas.</strong></span> <span class='ocrx_word' id='word_1_758' title='bbox 2122 4941 2267 5008; x_wconf 88' lang='lat' dir='ltr'><strong>Incisum</strong></span> <span class='ocrx_word' id='word_1_759' title='bbox 2292 4942 2390 5005; x_wconf 87' lang='lat' dir='ltr'><strong>enim</strong></span> 
     </span>
     <span class='ocr_line' id='line_1_54' title="bbox 389 5024 2391 5113; baseline 0 -23"><span class='ocrx_word' id='word_1_760' title='bbox 389 5024 564 5108; x_wconf 87' lang='lat' dir='ltr'><strong>respondet</strong></span> <span class='ocrx_word' id='word_1_761' title='bbox 596 5026 686 5092; x_wconf 90' lang='lat' dir='ltr'><strong>fides.</strong></span> <span class='ocrx_word' id='word_1_762' title='bbox 732 5028 840 5109; x_wconf 85' lang='lat' dir='ltr'><strong>Atque</strong></span> <span class='ocrx_word' id='word_1_763' title='bbox 867 5025 901 5090; x_wconf 95' lang='lat' dir='ltr'><strong>id</strong></span> <span class='ocrx_word' id='word_1_764' title='bbox 934 5047 1107 5092; x_wconf 89' lang='lat' dir='ltr'><strong>commune</strong></span> <span class='ocrx_word' id='word_1_765' title='bbox 1132 5039 1183 5094; x_wconf 92' lang='lat' dir='ltr'><strong>cst</strong></span> <span class='ocrx_word' id='word_1_766' title='bbox 1211 5030 1361 5098; x_wconf 90' lang='lat' dir='ltr'><strong>omnibus</strong></span> <span class='ocrx_word' id='word_1_767' title='bbox 1411 5032 1473 5095; x_wconf 93' lang='lat' dir='ltr'><strong>hac</strong></span> <span class='ocrx_word' id='word_1_768' title='bbox 1494 5030 1567 5113; x_wconf 87' lang='lat' dir='ltr'><strong>lege</strong></span> <span class='ocrx_word' id='word_1_769' title='bbox 1589 5027 1652 5092; x_wconf 84' lang='lat' dir='ltr'><strong>luit</strong></span> <span class='ocrx_word' id='word_1_770' title='bbox 1673 5029 1706 5092; x_wconf 91' lang='lat' dir='ltr'><strong>in</strong></span> <span class='ocrx_word' id='word_1_771' title='bbox 1728 5027 1871 5091; x_wconf 89' lang='lat' dir='ltr'><strong>marium</strong></span> <span class='ocrx_word' id='word_1_772' title='bbox 1899 5025 2087 5109; x_wconf 85' lang='lat' dir='ltr'><strong>corporibus</strong></span> <span class='ocrx_word' id='word_1_773' title='bbox 2108 5026 2172 5092; x_wconf 91' lang='lat' dir='ltr'><strong>Dei</strong></span> <span class='ocrx_word' id='word_1_774' title='bbox 2194 5026 2319 5104; x_wconf 87' lang='lat' dir='ltr'><strong>focdus,</strong></span> <span class='ocrx_word' id='word_1_775' title='bbox 2352 5039 2391 5092; x_wconf 91' lang='lat' dir='ltr'><strong>ut</strong></span> 
     </span>
     <span class='ocr_line' id='line_1_55' title="bbox 389 5111 2473 5207; baseline 0 -31"><span class='ocrx_word' id='word_1_776' title='bbox 389 5111 613 5191; x_wconf 87' lang='lat' dir='ltr'><strong>sacramentis,</strong></span> <span class='ocrx_word' id='word_1_777' title='bbox 636 5124 672 5175; x_wconf 91' lang='lat' dir='ltr'><strong>ut</strong></span> <span class='ocrx_word' id='word_1_778' title='bbox 693 5112 830 5176; x_wconf 87' lang='lat' dir='ltr'><strong>verbum</strong></span> <span class='ocrx_word' id='word_1_779' title='bbox 849 5113 911 5178; x_wconf 88' lang='lat' dir='ltr'><strong>Dei</strong></span> <span class='ocrx_word' id='word_1_780' title='bbox 933 5133 1100 5207; x_wconf 56' lang='lat' dir='ltr'><strong>annaqum</strong></span> <span class='ocrx_word' id='word_1_781' title='bbox 1122 5113 1273 5193; x_wconf 84' lang='lat' dir='ltr'><strong>habeant,</strong></span> <span class='ocrx_word' id='word_1_782' title='bbox 1296 5137 1361 5200; x_wconf 92' lang='lat' dir='ltr'><strong>quo</strong></span> <span class='ocrx_word' id='word_1_783' title='bbox 1411 5115 1556 5182; x_wconf 90' lang='lat' dir='ltr'><strong>eiusdem</strong></span> <span class='ocrx_word' id='word_1_784' title='bbox 1579 5113 1664 5197; x_wconf 88' lang='lat' dir='ltr'><strong>signi</strong></span> <span class='ocrx_word' id='word_1_785' title='bbox 1686 5112 1861 5196; x_wconf 89' lang='lat' dir='ltr'><strong>participes</strong></span> <span class='ocrx_word' id='word_1_786' title='bbox 1890 5115 2058 5194; x_wconf 88' lang='lat' dir='ltr'><strong>sociaeque</strong></span> <span class='ocrx_word' id='word_1_787' title='bbox 2084 5113 2192 5177; x_wconf 87' lang='lat' dir='ltr'><strong>forent</strong></span> <span class='ocrx_word' id='word_1_788' title='bbox 2218 5113 2316 5177; x_wconf 86' lang='lat' dir='ltr'><strong>etiam</strong></span> <span class='ocrx_word' id='word_1_789' title='bbox 2342 5111 2391 5176; x_wconf 78' lang='lat' dir='ltr'><strong>ie-</strong></span> <span class='ocrx_word' id='word_1_790' title='bbox 2472 5127 2473 5162; x_wconf 56' lang='grc' dir='ltr'>ἒ</span> 
     </span>
    </p>
   </div>
   <div class='ocr_carea' id='block_1_9' title="bbox 390 5195 2393 5372">
    <p class='ocr_par' dir='ltr' id='par_1_9' title="bbox 390 5195 2393 5372">
     <span class='ocr_line' id='line_1_56' title="bbox 390 5195 1529 5285; baseline 0.003 -23"><span class='ocrx_word' id='word_1_791' title='bbox 390 5195 541 5262; x_wconf 84' lang='lat' dir='ltr'><strong>cenobia</strong></span> <span class='ocrx_word' id='word_1_792' title='bbox 569 5197 744 5280; x_wconf 90' lang='lat' dir='ltr'><strong>propitium</strong></span> <span class='ocrx_word' id='word_1_793' title='bbox 773 5220 845 5263; x_wconf 92' lang='lat' dir='ltr'><strong>esse</strong></span> <span class='ocrx_word' id='word_1_794' title='bbox 872 5207 1030 5278; x_wconf 85' lang='lat' dir='ltr'><strong>testatur,</strong></span> <span class='ocrx_word' id='word_1_795' title='bbox 1059 5221 1182 5284; x_wconf 92' lang='lat' dir='ltr'><strong>nosque</strong></span> <span class='ocrx_word' id='word_1_796' title='bbox 1203 5200 1239 5264; x_wconf 94' lang='lat' dir='ltr'><strong>in</strong></span> <span class='ocrx_word' id='word_1_797' title='bbox 1268 5219 1359 5285; x_wconf 88' lang='lat' dir='ltr'><strong>spem</strong></span> <span class='ocrx_word' id='word_1_798' title='bbox 1411 5203 1529 5268; x_wconf 91' lang='lat' dir='ltr'><strong>minae.</strong></span> 
     </span>
     <span class='ocr_line' id='line_1_57' title="bbox 390 5281 2393 5372; baseline 0 -24"><span class='ocrx_word' id='word_1_799' title='bbox 390 5281 505 5348; x_wconf 87' lang='lat' dir='ltr'><strong>salutis</strong></span> <span class='ocrx_word' id='word_1_800' title='bbox 537 5283 672 5348; x_wconf 87' lang='lat' dir='ltr'><strong>invitat:</strong></span> <span class='ocrx_word' id='word_1_801' title='bbox 706 5283 771 5348; x_wconf 92' lang='lat' dir='ltr'><strong>imo</strong></span> <span class='ocrx_word' id='word_1_802' title='bbox 800 5283 885 5350; x_wconf 94' lang='lat' dir='ltr'><strong>nihil</strong></span> <span class='ocrx_word' id='word_1_803' title='bbox 913 5283 1001 5349; x_wconf 90' lang='lat' dir='ltr'><strong>aliud</strong></span> <span class='ocrx_word' id='word_1_804' title='bbox 1028 5295 1080 5350; x_wconf 90' lang='lat' dir='ltr'><strong>est</strong></span> <span class='ocrx_word' id='word_1_805' title='bbox 1110 5297 1361 5372; x_wconf 85' lang='lat' dir='ltr'><strong>sacramentum,</strong></span> <span class='ocrx_word' id='word_1_806' title='bbox 1499 5285 1549 5351; x_wconf 92' lang='lat'><strong>11.</strong></span> <span class='ocrx_word' id='word_1_807' title='bbox 1574 5283 1807 5351; x_wconf 74' lang='lat' dir='ltr'><strong>Giruuncidolia</strong></span> <span class='ocrx_word' id='word_1_808' title='bbox 1832 5303 1957 5352; x_wconf 77' lang='lat' dir='ltr'><strong>coracem</strong></span> <span class='ocrx_word' id='word_1_809' title='bbox 1978 5284 2150 5367; x_wconf 78' lang='lat' dir='ltr'><strong>praeputii.</strong></span> <span class='ocrx_word' id='word_1_810' title='bbox 2195 5281 2298 5347; x_wconf 84' lang='lat' dir='ltr'><strong>Valde</strong></span> <span class='ocrx_word' id='word_1_811' title='bbox 2331 5287 2393 5348; x_wconf 87' lang='lat' dir='ltr'><strong>ab·</strong></span> 
     </span>
    </p>
   </div>
   <div class='ocr_carea' id='block_1_10' title="bbox 0 0 2505 6208">
    <p class='ocr_par' dir='ltr' id='par_1_10' title="bbox 0 0 2505 6208">
     <span class='ocr_line' id='line_1_58' title="bbox 0 0 2505 6208; baseline 0 0"><span class='ocrx_word' id='word_1_812' title='bbox 0 0 2505 6208; x_wconf 95' lang='lat' dir='ltr'><strong> </strong></span> 
     </span>
    </p>
   </div>
  </div>
 </body>
</html>
