<?xml version="1.0" encoding="UTF-8"?>
<!DOCTYPE html PUBLIC "-//W3C//DTD XHTML 1.0 Transitional//EN"
    "http://www.w3.org/TR/xhtml1/DTD/xhtml1-transitional.dtd">
<html xmlns="http://www.w3.org/1999/xhtml" xml:lang="en" lang="en">
 <head>
  <title>
</title>
<meta http-equiv="Content-Type" content="text/html;charset=utf-8" />
  <meta name='ocr-system' content='tesseract 3.04.00' />
  <meta name='ocr-capabilities' content='ocr_page ocr_carea ocr_par ocr_line ocrx_word'/>
</head>
<body>
  <div class='ocr_page' id='page_1' title='image "./ioanniscalvinio06reusgoog/ioanniscalvinio06reusgoog_0189.png"; bbox 0 0 5000 6208; ppageno 0'>
   <div class='ocr_carea' id='block_1_1' title="bbox 125 413 2109 488">
    <p class='ocr_par' dir='ltr' id='par_1_1' title="bbox 125 413 2109 488">
     <span class='ocr_line' id='line_1_1' title="bbox 125 413 2109 488; baseline 0.002 -4"><span class='ocrx_word' id='word_1_1' title='bbox 125 415 183 484; x_wconf 81' lang='lat' dir='ltr'>tot</span> <span class='ocrx_word' id='word_1_2' title='bbox 776 413 1146 484; x_wconf 70' lang='lat' dir='ltr'><strong>COMMENTARIUS</strong></span> <span class='ocrx_word' id='word_1_3' title='bbox 1168 416 1220 483; x_wconf 87' lang='lat' dir='ltr'>IN</span> <span class='ocrx_word' id='word_1_4' title='bbox 1238 415 1451 484; x_wconf 80' lang='lat' dir='ltr'><strong>GENESIN.</strong></span> <span class='ocrx_word' id='word_1_5' title='bbox 2044 421 2109 488; x_wconf 87' lang='grc'>306</span> 
     </span>
    </p>
   </div>
   <div class='ocr_carea' id='block_1_2' title="bbox 92 601 2110 5397">
    <p class='ocr_par' dir='ltr' id='par_1_2' title="bbox 92 601 2110 5397">
     <span class='ocr_line' id='line_1_2' title="bbox 124 601 2109 691; baseline 0.001 -19"><span class='ocrx_word' id='word_1_6' title='bbox 124 626 187 672; x_wconf 89' lang='lat' dir='ltr'>nun</span> <span class='ocrx_word' id='word_1_7' title='bbox 208 606 331 691; x_wconf 87' lang='lat' dir='ltr'>cogitat</span> <span class='ocrx_word' id='word_1_8' title='bbox 351 605 414 672; x_wconf 89' lang='lat' dir='ltr'>sibi</span> <span class='ocrx_word' id='word_1_9' title='bbox 435 604 608 688; x_wconf 82' lang='lat' dir='ltr'>aliquando</span> <span class='ocrx_word' id='word_1_10' title='bbox 625 603 660 669; x_wconf 89' lang='lat' dir='ltr'>in</span> <span class='ocrx_word' id='word_1_11' title='bbox 681 602 782 671; x_wconf 78' lang='lat' dir='ltr'>simili</span> <span class='ocrx_word' id='word_1_12' title='bbox 804 602 991 672; x_wconf 74' lang='lat' dir='ltr'>discfimine</span> <span class='ocrx_word' id='word_1_13' title='bbox 1013 622 1088 686; x_wconf 90' lang='lat' dir='ltr'>pro·</span> <span class='ocrx_word' id='word_1_14' title='bbox 1137 601 1225 688; x_wconf 90' lang='lat' dir='ltr'>quod</span> <span class='ocrx_word' id='word_1_15' title='bbox 1252 602 1440 669; x_wconf 90' lang='lat' dir='ltr'>adolescunt</span> <span class='ocrx_word' id='word_1_16' title='bbox 1469 603 1631 684; x_wconf 88' lang='lat' dir='ltr'>homiues,</span> <span class='ocrx_word' id='word_1_17' title='bbox 1658 604 1745 689; x_wconf 89' lang='lat' dir='ltr'>qnod</span> <span class='ocrx_word' id='word_1_18' title='bbox 1770 605 1851 674; x_wconf 91' lang='lat' dir='ltr'>coeli</span> <span class='ocrx_word' id='word_1_19' title='bbox 1873 607 1945 674; x_wconf 92' lang='lat' dir='ltr'>luce</span> <span class='ocrx_word' id='word_1_20' title='bbox 1966 613 2000 672; x_wconf 91' lang='lat' dir='ltr'>et</span> <span class='ocrx_word' id='word_1_21' title='bbox 2021 627 2109 674; x_wconf 91' lang='lat' dir='ltr'>oom-</span> 
     </span>
     <span class='ocr_line' id='line_1_3' title="bbox 123 687 2110 777; baseline 0.002 -21"><span class='ocrx_word' id='word_1_22' title='bbox 123 691 236 777; x_wconf 89' lang='lat' dir='ltr'>pitium</span> <span class='ocrx_word' id='word_1_23' title='bbox 260 690 362 757; x_wconf 84' lang='lat' dir='ltr'>inisse</span> <span class='ocrx_word' id='word_1_24' title='bbox 384 690 508 770; x_wconf 91' lang='lat' dir='ltr'>Deum,</span> <span class='ocrx_word' id='word_1_25' title='bbox 536 703 573 756; x_wconf 93' lang='lat' dir='ltr'>nt</span> <span class='ocrx_word' id='word_1_26' title='bbox 602 710 678 755; x_wconf 93' lang='lat' dir='ltr'>eum</span> <span class='ocrx_word' id='word_1_27' title='bbox 706 687 915 756; x_wconf 68' lang='lat' dir='ltr'>liberatorem</span> <span class='ocrx_word' id='word_1_28' title='bbox 942 700 1086 772; x_wconf 85' lang='lat' dir='ltr'>experta,</span> <span class='ocrx_word' id='word_1_29' title='bbox 1137 688 1230 754; x_wconf 91' lang='lat' dir='ltr'>muni</span> <span class='ocrx_word' id='word_1_30' title='bbox 1262 689 1381 772; x_wconf 90' lang='lat' dir='ltr'>spiritu</span> <span class='ocrx_word' id='word_1_31' title='bbox 1414 688 1585 767; x_wconf 85' lang='lat' dir='ltr'>fruuntur,</span> <span class='ocrx_word' id='word_1_32' title='bbox 1618 690 1703 776; x_wconf 91' lang='lat' dir='ltr'>quod</span> <span class='ocrx_word' id='word_1_33' title='bbox 1737 700 1824 758; x_wconf 90' lang='lat' dir='ltr'>terra</span> <span class='ocrx_word' id='word_1_34' title='bbox 1856 692 1922 758; x_wconf 91' lang='lat' dir='ltr'>illis</span> <span class='ocrx_word' id='word_1_35' title='bbox 1955 691 2110 760; x_wconf 87' lang='lat' dir='ltr'>alimenta</span> 
     </span>
     <span class='ocr_line' id='line_1_4' title="bbox 123 772 2107 857; baseline 0.001 -15"><span class='ocrx_word' id='word_1_36' title='bbox 123 797 233 843; x_wconf 89' lang='lat' dir='ltr'>rursus</span> <span class='ocrx_word' id='word_1_37' title='bbox 262 798 297 843; x_wconf 89' lang='grc' dir='ltr'>ιι</span> <span class='ocrx_word' id='word_1_38' title='bbox 329 777 364 842; x_wconf 91' lang='lat' dir='ltr'>in</span> <span class='ocrx_word' id='word_1_39' title='bbox 399 777 470 842; x_wconf 90' lang='lat' dir='ltr'>eius</span> <span class='ocrx_word' id='word_1_40' title='bbox 502 772 599 841; x_wconf 89' lang='lat' dir='ltr'>fidem</span> <span class='ocrx_word' id='word_1_41' title='bbox 632 775 784 842; x_wconf 84' lang='lat' dir='ltr'>conferat</span> <span class='ocrx_word' id='word_1_42' title='bbox 830 775 946 841; x_wconf 85' lang='lat' dir='ltr'>Monet</span> <span class='ocrx_word' id='word_1_43' title='bbox 978 785 1088 839; x_wconf 82' lang='grc' dir='ltr'>ιιιιιιιι</span> <span class='ocrx_word' id='word_1_44' title='bbox 1136 773 1332 857; x_wconf 88' lang='lat' dir='ltr'>suppeditet,</span> <span class='ocrx_word' id='word_1_45' title='bbox 1357 773 1545 840; x_wconf 84' lang='lat' dir='ltr'>beatotum</span> <span class='ocrx_word' id='word_1_46' title='bbox 1569 775 1733 842; x_wconf 90' lang='lat' dir='ltr'>Decesse</span> <span class='ocrx_word' id='word_1_47' title='bbox 1754 777 1975 844; x_wconf 88' lang='lat' dir='ltr'>tribuendum.</span> <span class='ocrx_word' id='word_1_48' title='bbox 2005 780 2107 844; x_wconf 71' lang='lat' dir='ltr'>&#39;Tan-</span> 
     </span>
     <span class='ocr_line' id='line_1_5' title="bbox 122 859 2110 946; baseline 0.002 -19"><span class='ocrx_word' id='word_1_49' title='bbox 122 861 256 946; x_wconf 87' lang='lat' dir='ltr'>augelns</span> <span class='ocrx_word' id='word_1_50' title='bbox 285 873 433 945; x_wconf 90' lang='lat' dir='ltr'>paratum</span> <span class='ocrx_word' id='word_1_51' title='bbox 456 863 524 928; x_wconf 88' lang='lat' dir='ltr'>fore</span> <span class='ocrx_word' id='word_1_52' title='bbox 546 861 616 928; x_wconf 89' lang='lat' dir='ltr'>eius</span> <span class='ocrx_word' id='word_1_53' title='bbox 642 862 809 928; x_wconf 89' lang='lat' dir='ltr'>aerumnis</span> <span class='ocrx_word' id='word_1_54' title='bbox 838 859 1036 940; x_wconf 88' lang='lat' dir='ltr'>remedium,</span> <span class='ocrx_word' id='word_1_55' title='bbox 1059 859 1089 944; x_wconf 69' lang='lat' dir='ltr'>si</span> <span class='ocrx_word' id='word_1_56' title='bbox 1135 867 1206 926; x_wconf 91' lang='lat' dir='ltr'>tum</span> <span class='ocrx_word' id='word_1_57' title='bbox 1225 860 1286 925; x_wconf 95' lang='lat' dir='ltr'>boc</span> <span class='ocrx_word' id='word_1_58' title='bbox 1304 859 1485 926; x_wconf 87' lang='lat' dir='ltr'>tenendum</span> <span class='ocrx_word' id='word_1_59' title='bbox 1502 867 1561 939; x_wconf 88' lang='lat' dir='ltr'>cst,</span> <span class='ocrx_word' id='word_1_60' title='bbox 1583 880 1756 946; x_wconf 88' lang='lat' dir='ltr'>prosperos</span> <span class='ocrx_word' id='word_1_61' title='bbox 1773 862 1921 930; x_wconf 86' lang='lat' dir='ltr'>lsmaelis</span> <span class='ocrx_word' id='word_1_62' title='bbox 1941 884 2110 932; x_wconf 87' lang='lat' dir='ltr'>successus</span> 
     </span>
     <span class='ocr_line' id='line_1_6' title="bbox 121 944 2109 1032; baseline 0.002 -18"><span class='ocrx_word' id='word_1_63' title='bbox 121 947 213 1014; x_wconf 90' lang='lat' dir='ltr'>modo</span> <span class='ocrx_word' id='word_1_64' title='bbox 234 955 379 1032; x_wconf 85' lang='lat' dir='ltr'>quaerat</span> <span class='ocrx_word' id='word_1_65' title='bbox 422 947 512 1032; x_wconf 78' lang='lat' dir='ltr'>Ergo</span> <span class='ocrx_word' id='word_1_66' title='bbox 539 947 574 1014; x_wconf 91' lang='lat' dir='ltr'>iu</span> <span class='ocrx_word' id='word_1_67' title='bbox 596 945 773 1030; x_wconf 87' lang='lat' dir='ltr'>perticula:</span> <span class='ocrx_word' id='word_1_68' title='bbox 800 944 885 1028; x_wconf 77' lang='lat' dir='ltr'>Quid</span> <span class='ocrx_word' id='word_1_69' title='bbox 905 944 1001 1030; x_wconf 74' lang='lat' dir='ltr'>opis?</span> <span class='ocrx_word' id='word_1_70' title='bbox 1031 945 1088 1011; x_wconf 90' lang='lat' dir='ltr'>ub-</span> <span class='ocrx_word' id='word_1_71' title='bbox 1136 944 1215 1010; x_wconf 92' lang='lat' dir='ltr'>inde</span> <span class='ocrx_word' id='word_1_72' title='bbox 1242 945 1395 1026; x_wconf 89' lang='lat' dir='ltr'>fluxisse,</span> <span class='ocrx_word' id='word_1_73' title='bbox 1427 946 1505 1029; x_wconf 90' lang='lat' dir='ltr'>quia</span> <span class='ocrx_word' id='word_1_74' title='bbox 1525 947 1562 1011; x_wconf 94' lang='lat' dir='ltr'>in</span> <span class='ocrx_word' id='word_1_75' title='bbox 1590 949 1729 1031; x_wconf 88' lang='lat' dir='ltr'>gratiam</span> <span class='ocrx_word' id='word_1_76' title='bbox 1757 947 1859 1032; x_wconf 85' lang='lat' dir='ltr'>patris</span> <span class='ocrx_word' id='word_1_77' title='bbox 1882 949 2037 1017; x_wconf 86' lang='lat' dir='ltr'>Abrahae</span> <span class='ocrx_word' id='word_1_78' title='bbox 2058 949 2109 1016; x_wconf 92' lang='lat' dir='ltr'>illi</span> 
     </span>
     <span class='ocr_line' id='line_1_7' title="bbox 120 1029 2107 1118; baseline 0.001 -18"><span class='ocrx_word' id='word_1_79' title='bbox 120 1033 258 1118; x_wconf 90' lang='lat' dir='ltr'>iurgatio</span> <span class='ocrx_word' id='word_1_80' title='bbox 281 1043 340 1110; x_wconf 89' lang='lat' dir='ltr'>est,</span> <span class='ocrx_word' id='word_1_81' title='bbox 362 1032 447 1118; x_wconf 92' lang='lat' dir='ltr'>qnod</span> <span class='ocrx_word' id='word_1_82' title='bbox 464 1052 499 1098; x_wconf 89' lang='lat' dir='ltr'>se</span> <span class='ocrx_word' id='word_1_83' title='bbox 521 1032 655 1100; x_wconf 78' lang='lat' dir='ltr'>contuso</span> <span class='ocrx_word' id='word_1_84' title='bbox 677 1031 807 1115; x_wconf 87' lang='lat' dir='ltr'>ploratu</span> <span class='ocrx_word' id='word_1_85' title='bbox 827 1029 949 1097; x_wconf 85' lang='lat' dir='ltr'>irnstre</span> <span class='ocrx_word' id='word_1_86' title='bbox 970 1051 1087 1097; x_wconf 86' lang='lat' dir='ltr'>exeru-</span> <span class='ocrx_word' id='word_1_87' title='bbox 1137 1036 1268 1097; x_wconf 83' lang='grc' dir='ltr'>ιιιτιιιιι</span> <span class='ocrx_word' id='word_1_88' title='bbox 1305 1029 1488 1098; x_wconf 77' lang='lat' dir='ltr'>benedictio</span> <span class='ocrx_word' id='word_1_89' title='bbox 1528 1032 1687 1115; x_wconf 89' lang='lat' dir='ltr'>promissa</span> <span class='ocrx_word' id='word_1_90' title='bbox 1720 1043 1800 1099; x_wconf 88' lang='lat' dir='ltr'>erat.</span> <span class='ocrx_word' id='word_1_91' title='bbox 1855 1032 1953 1115; x_wconf 78' lang='lat' dir='ltr'>Quod</span> <span class='ocrx_word' id='word_1_92' title='bbox 1984 1034 2107 1102; x_wconf 90' lang='lat' dir='ltr'>dicitur</span> 
     </span>
     <span class='ocr_line' id='line_1_8' title="bbox 120 1115 2107 1202; baseline 0.001 -16"><span class='ocrx_word' id='word_1_93' title='bbox 120 1121 188 1186; x_wconf 93' lang='lat' dir='ltr'>ciet.</span> <span class='ocrx_word' id='word_1_94' title='bbox 230 1119 348 1186; x_wconf 87' lang='lat' dir='ltr'>Postea</span> <span class='ocrx_word' id='word_1_95' title='bbox 369 1140 468 1202; x_wconf 90' lang='lat' dir='ltr'>quum</span> <span class='ocrx_word' id='word_1_96' title='bbox 491 1116 585 1186; x_wconf 87' lang='lat' dir='ltr'>dicit:</span> <span class='ocrx_word' id='word_1_97' title='bbox 607 1117 685 1184; x_wconf 85' lang='lat' dir='ltr'>Noli</span> <span class='ocrx_word' id='word_1_98' title='bbox 701 1119 818 1197; x_wconf 80' lang='lat' dir='ltr'>timere,</span> <span class='ocrx_word' id='word_1_99' title='bbox 840 1115 881 1181; x_wconf 90' lang='lat' dir='ltr'>ed</span> <span class='ocrx_word' id='word_1_100' title='bbox 898 1136 990 1199; x_wconf 88' lang='lat' dir='ltr'>spem</span> <span class='ocrx_word' id='word_1_101' title='bbox 1012 1121 1088 1200; x_wconf 90' lang='lat' dir='ltr'>gre-</span> <span class='ocrx_word' id='word_1_102' title='bbox 1137 1115 1230 1202; x_wconf 85' lang='lat' dir='ltr'>Agar</span> <span class='ocrx_word' id='word_1_103' title='bbox 1251 1117 1427 1200; x_wconf 89' lang='lat' dir='ltr'>sumpsisse</span> <span class='ocrx_word' id='word_1_104' title='bbox 1449 1116 1517 1183; x_wconf 91' lang='lat' dir='ltr'>filio</span> <span class='ocrx_word' id='word_1_105' title='bbox 1538 1137 1684 1199; x_wconf 86' lang='lat' dir='ltr'>uxorem,</span> <span class='ocrx_word' id='word_1_106' title='bbox 1706 1117 1746 1184; x_wconf 90' lang='lat' dir='ltr'>ad</span> <span class='ocrx_word' id='word_1_107' title='bbox 1769 1117 1917 1186; x_wconf 80' lang='lat' dir='ltr'>ordinem</span> <span class='ocrx_word' id='word_1_108' title='bbox 1940 1119 2107 1202; x_wconf 88' lang='lat' dir='ltr'>politicum</span> 
     </span>
     <span class='ocr_line' id='line_1_9' title="bbox 121 1199 2109 1288; baseline 0.002 -18"><span class='ocrx_word' id='word_1_109' title='bbox 121 1205 180 1270; x_wconf 91' lang='lat' dir='ltr'>tiae</span> <span class='ocrx_word' id='word_1_110' title='bbox 215 1225 286 1270; x_wconf 85' lang='lat' dir='ltr'>eam</span> <span class='ocrx_word' id='word_1_111' title='bbox 318 1205 439 1270; x_wconf 86' lang='lat' dir='ltr'>invitat</span> <span class='ocrx_word' id='word_1_112' title='bbox 468 1212 501 1269; x_wconf 91' lang='grc' dir='ltr'>ιι</span> <span class='ocrx_word' id='word_1_113' title='bbox 522 1204 680 1269; x_wconf 91' lang='lat' dir='ltr'>hortatur.</span> <span class='ocrx_word' id='word_1_114' title='bbox 727 1200 793 1269; x_wconf 84' lang='lat' dir='ltr'>Sed</span> <span class='ocrx_word' id='word_1_115' title='bbox 820 1201 897 1286; x_wconf 92' lang='lat' dir='ltr'>quid</span> <span class='ocrx_word' id='word_1_116' title='bbox 925 1200 985 1267; x_wconf 89' lang='lat' dir='ltr'>eibi</span> <span class='ocrx_word' id='word_1_117' title='bbox 1016 1199 1089 1266; x_wconf 89' lang='lat' dir='ltr'>vult</span> <span class='ocrx_word' id='word_1_118' title='bbox 1137 1209 1277 1285; x_wconf 89' lang='lat' dir='ltr'>spectet:</span> <span class='ocrx_word' id='word_1_119' title='bbox 1310 1222 1387 1268; x_wconf 87' lang='lat' dir='ltr'>nam</span> <span class='ocrx_word' id='word_1_120' title='bbox 1409 1223 1510 1286; x_wconf 89' lang='lat' dir='ltr'>quum</span> <span class='ocrx_word' id='word_1_121' title='bbox 1538 1201 1644 1286; x_wconf 91' lang='lat' dir='ltr'>praeci</span> <span class='ocrx_word' id='word_1_122' title='bbox 1668 1222 1711 1268; x_wconf 90' lang='lat' dir='ltr'>ue</span> <span class='ocrx_word' id='word_1_123' title='bbox 1731 1224 1808 1288; x_wconf 89' lang='lat' dir='ltr'>pars</span> <span class='ocrx_word' id='word_1_124' title='bbox 1830 1205 1993 1271; x_wconf 88' lang='lat' dir='ltr'>humanae</span> <span class='ocrx_word' id='word_1_125' title='bbox 2022 1205 2109 1274; x_wconf 87' lang='lat' dir='ltr'>vitae</span> 
     </span>
     <span class='ocr_line' id='line_1_10' title="bbox 118 1286 2109 1375; baseline 0.002 -20"><span class='ocrx_word' id='word_1_126' title='bbox 118 1289 200 1374; x_wconf 91' lang='lat' dir='ltr'>quod</span> <span class='ocrx_word' id='word_1_127' title='bbox 229 1289 336 1356; x_wconf 89' lang='lat' dir='ltr'>addit:</span> <span class='ocrx_word' id='word_1_128' title='bbox 365 1287 421 1356; x_wconf 74' lang='lat' dir='ltr'>Ec</span> <span class='ocrx_word' id='word_1_129' title='bbox 448 1289 511 1356; x_wconf 82' lang='lat' dir='ltr'>loco</span> <span class='ocrx_word' id='word_1_130' title='bbox 538 1289 593 1355; x_wconf 81' lang='lat' dir='ltr'>ubi</span> <span class='ocrx_word' id='word_1_131' title='bbox 616 1287 680 1355; x_wconf 81' lang='lat' dir='ltr'>est?</span> <span class='ocrx_word' id='word_1_132' title='bbox 710 1287 827 1354; x_wconf 89' lang='lat' dir='ltr'>Videri</span> <span class='ocrx_word' id='word_1_133' title='bbox 854 1294 962 1371; x_wconf 90' lang='lat' dir='ltr'>potest</span> <span class='ocrx_word' id='word_1_134' title='bbox 988 1287 1089 1352; x_wconf 87' lang='lat' dir='ltr'>tacita</span> <span class='ocrx_word' id='word_1_135' title='bbox 1137 1286 1182 1354; x_wconf 90' lang='lat' dir='ltr'>sit</span> <span class='ocrx_word' id='word_1_136' title='bbox 1202 1287 1402 1372; x_wconf 91' lang='lat' dir='ltr'>coniugium,</span> <span class='ocrx_word' id='word_1_137' title='bbox 1424 1289 1460 1353; x_wconf 93' lang='lat' dir='ltr'>in</span> <span class='ocrx_word' id='word_1_138' title='bbox 1477 1311 1514 1354; x_wconf 92' lang='lat' dir='ltr'>eo</span> <span class='ocrx_word' id='word_1_139' title='bbox 1536 1297 1630 1354; x_wconf 90' lang='lat' dir='ltr'>contr</span> <span class='ocrx_word' id='word_1_140' title='bbox 1674 1287 1757 1355; x_wconf 88' lang='lat' dir='ltr'>endo</span> <span class='ocrx_word' id='word_1_141' title='bbox 1778 1289 1897 1358; x_wconf 87' lang='lat' dir='ltr'>liberos</span> <span class='ocrx_word' id='word_1_142' title='bbox 1919 1290 2109 1375; x_wconf 90' lang='lat' dir='ltr'>parentibus</span> 
     </span>
     <span class='ocr_line' id='line_1_11' title="bbox 117 1371 2109 1460; baseline 0.002 -19"><span class='ocrx_word' id='word_1_143' title='bbox 117 1375 247 1442; x_wconf 87' lang='lat' dir='ltr'>subesse</span> <span class='ocrx_word' id='word_1_144' title='bbox 279 1375 453 1441; x_wconf 89' lang='lat' dir='ltr'>antithesis</span> <span class='ocrx_word' id='word_1_145' title='bbox 484 1375 572 1440; x_wconf 85' lang='lat' dir='ltr'>inter</span> <span class='ocrx_word' id='word_1_146' title='bbox 601 1374 708 1440; x_wconf 87' lang='lat' dir='ltr'>locum</span> <span class='ocrx_word' id='word_1_147' title='bbox 739 1373 850 1453; x_wconf 91' lang='lat' dir='ltr'>illum,</span> <span class='ocrx_word' id='word_1_148' title='bbox 888 1379 922 1438; x_wconf 94' lang='lat' dir='ltr'>et</span> <span class='ocrx_word' id='word_1_149' title='bbox 954 1371 1087 1438; x_wconf 92' lang='lat' dir='ltr'>domum</span> <span class='ocrx_word' id='word_1_150' title='bbox 1137 1372 1279 1452; x_wconf 83' lang='lat' dir='ltr'>subesse,</span> <span class='ocrx_word' id='word_1_151' title='bbox 1297 1383 1330 1438; x_wconf 93' lang='grc' dir='ltr'>ιι</span> <span class='ocrx_word' id='word_1_152' title='bbox 1347 1394 1460 1438; x_wconf 89' lang='lat' dir='ltr'>eorum</span> <span class='ocrx_word' id='word_1_153' title='bbox 1478 1373 1611 1441; x_wconf 89' lang='lat' dir='ltr'>oonsilio</span> <span class='ocrx_word' id='word_1_154' title='bbox 1629 1396 1742 1458; x_wconf 90' lang='lat' dir='ltr'>parere</span> <span class='ocrx_word' id='word_1_155' title='bbox 1759 1396 1898 1460; x_wconf 89' lang='lat' dir='ltr'>aequum</span> <span class='ocrx_word' id='word_1_156' title='bbox 1916 1385 1975 1442; x_wconf 87' lang='lat' dir='ltr'>est</span> <span class='ocrx_word' id='word_1_157' title='bbox 2008 1376 2109 1446; x_wconf 89' lang='lat' dir='ltr'>Hune</span> 
     </span>
     <span class='ocr_line' id='line_1_12' title="bbox 116 1456 2109 1544; baseline 0.002 -18"><span class='ocrx_word' id='word_1_158' title='bbox 116 1460 275 1541; x_wconf 82' lang='lat' dir='ltr'>Abrabae,</span> <span class='ocrx_word' id='word_1_159' title='bbox 298 1469 336 1526; x_wconf 92' lang='lat' dir='ltr'>nt</span> <span class='ocrx_word' id='word_1_160' title='bbox 352 1467 475 1528; x_wconf 85' lang='lat' dir='ltr'>statuet</span> <span class='ocrx_word' id='word_1_161' title='bbox 492 1462 594 1544; x_wconf 74' lang='lat' dir='ltr'>Agar,</span> <span class='ocrx_word' id='word_1_162' title='bbox 616 1459 766 1543; x_wconf 82' lang='lat' dir='ltr'>quemvis</span> <span class='ocrx_word' id='word_1_163' title='bbox 784 1480 804 1524; x_wconf 88' lang='lat' dir='ltr'>a</span> <span class='ocrx_word' id='word_1_164' title='bbox 821 1457 885 1525; x_wconf 91' lang='lat' dir='ltr'>Dei</span> <span class='ocrx_word' id='word_1_165' title='bbox 902 1457 1087 1525; x_wconf 83' lang='lat' dir='ltr'>sanctuario</span> <span class='ocrx_word' id='word_1_166' title='bbox 1137 1456 1287 1524; x_wconf 86' lang='lat' dir='ltr'>ordinem</span> <span class='ocrx_word' id='word_1_167' title='bbox 1305 1479 1402 1542; x_wconf 89' lang='lat' dir='ltr'>quem</span> <span class='ocrx_word' id='word_1_168' title='bbox 1424 1466 1542 1525; x_wconf 89' lang='lat' dir='ltr'>natura</span> <span class='ocrx_word' id='word_1_169' title='bbox 1563 1460 1755 1542; x_wconf 84' lang='lat' dir='ltr'>praescribit</span> <span class='ocrx_word' id='word_1_170' title='bbox 1771 1482 1809 1527; x_wconf 92' lang='lat' dir='ltr'>au</span> <span class='ocrx_word' id='word_1_171' title='bbox 1825 1461 1937 1540; x_wconf 90' lang='lat' dir='ltr'>dictat,</span> <span class='ocrx_word' id='word_1_172' title='bbox 1958 1461 2109 1530; x_wconf 84' lang='lat' dir='ltr'>videmus</span> 
     </span>
     <span class='ocr_line' id='line_1_13' title="bbox 117 1542 2108 1628; baseline 0.001 -16"><span class='ocrx_word' id='word_1_173' title='bbox 117 1545 270 1613; x_wconf 86' lang='lat' dir='ltr'>exsulans</span> <span class='ocrx_word' id='word_1_174' title='bbox 298 1553 386 1612; x_wconf 83' lang='lat' dir='ltr'>erret</span> <span class='ocrx_word' id='word_1_175' title='bbox 407 1547 441 1612; x_wconf 92' lang='lat' dir='ltr'>in</span> <span class='ocrx_word' id='word_1_176' title='bbox 467 1543 613 1624; x_wconf 74' lang='grc' dir='ltr'>ιιιιιιιι,</span> <span class='ocrx_word' id='word_1_177' title='bbox 636 1565 702 1611; x_wconf 90' lang='lat' dir='ltr'>non</span> <span class='ocrx_word' id='word_1_178' title='bbox 724 1551 833 1610; x_wconf 87' lang='lat' dir='ltr'>tamen</span> <span class='ocrx_word' id='word_1_179' title='bbox 856 1564 891 1610; x_wconf 91' lang='lat' dir='ltr'>se</span> <span class='ocrx_word' id='word_1_180' title='bbox 912 1542 1087 1628; x_wconf 87' lang='lat' dir='ltr'>penitnse</span> <span class='ocrx_word' id='word_1_181' title='bbox 1137 1561 1157 1607; x_wconf 89' lang='lat' dir='ltr'>e</span> <span class='ocrx_word' id='word_1_182' title='bbox 1189 1543 1257 1610; x_wconf 81' lang='lat' dir='ltr'>iero</span> <span class='ocrx_word' id='word_1_183' title='bbox 1289 1543 1422 1610; x_wconf 92' lang='lat' dir='ltr'>homine</span> <span class='ocrx_word' id='word_1_184' title='bbox 1455 1544 1575 1610; x_wconf 90' lang='lat' dir='ltr'>Ismael</span> <span class='ocrx_word' id='word_1_185' title='bbox 1607 1546 1643 1611; x_wconf 90' lang='lat' dir='ltr'>in</span> <span class='ocrx_word' id='word_1_186' title='bbox 1675 1545 1824 1613; x_wconf 90' lang='lat' dir='ltr'>barbarie</span> <span class='ocrx_word' id='word_1_187' title='bbox 1857 1547 1977 1614; x_wconf 75' lang='lat' dir='ltr'>deserti</span> <span class='ocrx_word' id='word_1_188' title='bbox 2007 1548 2108 1616; x_wconf 83' lang='lat' dir='ltr'>fnisse</span> 
     </span>
     <span class='ocr_line' id='line_1_14' title="bbox 115 1627 2107 1716; baseline 0.002 -18"><span class='ocrx_word' id='word_1_189' title='bbox 115 1633 184 1698; x_wconf 91' lang='lat' dir='ltr'>Deo</span> <span class='ocrx_word' id='word_1_190' title='bbox 207 1632 363 1709; x_wconf 89' lang='lat' dir='ltr'>relictam,</span> <span class='ocrx_word' id='word_1_191' title='bbox 386 1632 539 1716; x_wconf 84' lang='lat' dir='ltr'>quonium</span> <span class='ocrx_word' id='word_1_192' title='bbox 561 1629 673 1713; x_wconf 90' lang='lat' dir='ltr'>ipsum</span> <span class='ocrx_word' id='word_1_193' title='bbox 694 1629 814 1699; x_wconf 84' lang='lat' dir='ltr'>hebent</span> <span class='ocrx_word' id='word_1_194' title='bbox 834 1629 943 1696; x_wconf 83' lang='lat' dir='ltr'>exsilii</span> <span class='ocrx_word' id='word_1_195' title='bbox 962 1627 1086 1694; x_wconf 90' lang='lat' dir='ltr'>ducem.</span> <span class='ocrx_word' id='word_1_196' title='bbox 1137 1637 1315 1710; x_wconf 81' lang='lat' dir='ltr'>servatum,</span> <span class='ocrx_word' id='word_1_197' title='bbox 1341 1637 1378 1694; x_wconf 92' lang='lat' dir='ltr'>nt</span> <span class='ocrx_word' id='word_1_198' title='bbox 1399 1631 1434 1694; x_wconf 93' lang='lat' dir='ltr'>in</span> <span class='ocrx_word' id='word_1_199' title='bbox 1456 1629 1604 1696; x_wconf 88' lang='lat' dir='ltr'>ducenda</span> <span class='ocrx_word' id='word_1_200' title='bbox 1626 1652 1726 1697; x_wconf 88' lang='lat' dir='ltr'>uxore</span> <span class='ocrx_word' id='word_1_201' title='bbox 1747 1653 1782 1698; x_wconf 90' lang='lat' dir='ltr'>se</span> <span class='ocrx_word' id='word_1_202' title='bbox 1805 1633 1902 1698; x_wconf 85' lang='lat' dir='ltr'>metri</span> <span class='ocrx_word' id='word_1_203' title='bbox 1924 1633 2107 1716; x_wconf 83' lang='lat' dir='ltr'>subiiceret.</span> 
     </span>
     <span class='ocr_line' id='line_1_15' title="bbox 114 1712 2109 1802; baseline 0.002 -20"><span class='ocrx_word' id='word_1_204' title='bbox 114 1716 175 1783; x_wconf 85' lang='lat' dir='ltr'>Vel</span> <span class='ocrx_word' id='word_1_205' title='bbox 198 1716 383 1802; x_wconf 85' lang='lat' dir='ltr'>emphatica</span> <span class='ocrx_word' id='word_1_206' title='bbox 403 1726 455 1784; x_wconf 93' lang='lat' dir='ltr'>est</span> <span class='ocrx_word' id='word_1_207' title='bbox 480 1716 642 1800; x_wconf 87' lang='lat' dir='ltr'>loquutio,</span> <span class='ocrx_word' id='word_1_208' title='bbox 691 1714 755 1781; x_wconf 92' lang='lat' dir='ltr'>uod</span> <span class='ocrx_word' id='word_1_209' title='bbox 782 1715 928 1783; x_wconf 89' lang='lat' dir='ltr'>abiectus</span> <span class='ocrx_word' id='word_1_210' title='bbox 946 1735 1031 1799; x_wconf 88' lang='lat' dir='ltr'>puer</span> <span class='ocrx_word' id='word_1_211' title='bbox 1051 1713 1087 1779; x_wconf 90' lang='lat' dir='ltr'>in</span> <span class='ocrx_word' id='word_1_212' title='bbox 1136 1712 1233 1780; x_wconf 89' lang='lat' dir='ltr'>Unde</span> <span class='ocrx_word' id='word_1_213' title='bbox 1260 1715 1473 1798; x_wconf 76' lang='lat' dir='ltr'>perspicimus</span> <span class='ocrx_word' id='word_1_214' title='bbox 1502 1735 1600 1799; x_wconf 83' lang='lat' dir='ltr'>quum</span> <span class='ocrx_word' id='word_1_215' title='bbox 1627 1714 1770 1783; x_wconf 86' lang='lat' dir='ltr'>immane</span> <span class='ocrx_word' id='word_1_216' title='bbox 1799 1724 1982 1784; x_wconf 92' lang='lat' dir='ltr'>monstrum</span> <span class='ocrx_word' id='word_1_217' title='bbox 2009 1718 2109 1786; x_wconf 83' lang='lat' dir='ltr'>inerit</span> 
     </span>
     <span class='ocr_line' id='line_1_16' title="bbox 114 1737 2108 1906; baseline 0.003 -37"><span class='ocrx_word' id='word_1_218' title='bbox 114 1800 338 1904; x_wconf 81' lang='lat' dir='ltr'>solitudinem,</span> <span class='ocrx_word' id='word_1_219' title='bbox 360 1809 394 1868; x_wconf 91' lang='lat' dir='ltr'>et</span> <span class='ocrx_word' id='word_1_220' title='bbox 415 1822 475 1886; x_wconf 90' lang='lat' dir='ltr'>pro</span> <span class='ocrx_word' id='word_1_221' title='bbox 497 1737 820 1902; x_wconf 73' lang='lat' dir='ltr'>derelictobabitus,</span> <span class='ocrx_word' id='word_1_222' title='bbox 842 1802 952 1867; x_wconf 90' lang='lat' dir='ltr'>Deum</span> <span class='ocrx_word' id='word_1_223' title='bbox 974 1808 1087 1899; x_wconf 74' lang='lat' dir='ltr'>tamur</span> <span class='ocrx_word' id='word_1_224' title='bbox 1136 1819 1237 1883; x_wconf 88' lang='lat' dir='ltr'>papa,</span> <span class='ocrx_word' id='word_1_225' title='bbox 1266 1798 1396 1883; x_wconf 87' lang='lat' dir='ltr'>quando</span> <span class='ocrx_word' id='word_1_226' title='bbox 1424 1820 1569 1900; x_wconf 38' lang='lat' dir='ltr'>sacrum·</span> <span class='ocrx_word' id='word_1_227' title='bbox 1582 1799 1644 1867; x_wconf 88' lang='lat' dir='ltr'>boo</span> <span class='ocrx_word' id='word_1_228' title='bbox 1657 1802 1721 1900; x_wconf 73' lang='lat' dir='ltr'>ius</span> <span class='ocrx_word' id='word_1_229' title='bbox 1749 1811 1886 1902; x_wconf 72' lang='lat' dir='ltr'>naturae</span> <span class='ocrx_word' id='word_1_230' title='bbox 1911 1803 2108 1906; x_wconf 72' lang='lat' dir='ltr'>labefectare</span> 
     </span>
     <span class='ocr_line' id='line_1_17' title="bbox 112 1886 2108 2059; baseline 0.002 -19"><span class='ocrx_word' id='word_1_231' title='bbox 112 1886 863 2059; x_wconf 58' lang='lat' dir='ltr'>ttttltttbttt·„ttttttttttt</span> <span class='ocrx_word' id='word_1_232' title='bbox 871 1893 955 2038; x_wconf 63' lang='lat' dir='ltr'>tii</span> <span class='ocrx_word' id='word_1_233' title='bbox 968 1905 1086 2039; x_wconf 49' lang='lat' dir='ltr'>“tot</span> <span class='ocrx_word' id='word_1_234' title='bbox 1134 1893 1315 2053; x_wconf 69' lang='lat' dir='ltr'>tttttt·</span> <span class='ocrx_word' id='word_1_235' title='bbox 1337 1887 2108 2058; x_wconf 53' lang='lat' dir='ltr'>siuilliffiffilgillmulliddlil</span> 
     </span>
     <span class='ocr_line' id='line_1_18' title="bbox 111 2053 2107 2156; baseline 0.002 -31"><span class='ocrx_word' id='word_1_236' title='bbox 111 2058 220 2125; x_wconf 90' lang='lat' dir='ltr'>redire</span> <span class='ocrx_word' id='word_1_237' title='bbox 250 2058 307 2125; x_wconf 91' lang='lat' dir='ltr'>ubi</span> <span class='ocrx_word' id='word_1_238' title='bbox 340 2059 444 2125; x_wconf 90' lang='lat' dir='ltr'>filium</span> <span class='ocrx_word' id='word_1_239' title='bbox 477 2055 517 2125; x_wconf 90' lang='lat' dir='ltr'>de</span> <span class='ocrx_word' id='word_1_240' title='bbox 540 2067 680 2125; x_wconf 89' lang='lat' dir='ltr'>osuerat.</span> <span class='ocrx_word' id='word_1_241' title='bbox 731 2058 882 2124; x_wconf 84' lang='lat' dir='ltr'>Moerore</span> <span class='ocrx_word' id='word_1_242' title='bbox 914 2057 1002 2123; x_wconf 89' lang='lat' dir='ltr'>euim</span> <span class='ocrx_word' id='word_1_243' title='bbox 1034 2053 1086 2156; x_wconf 82' lang='lat' dir='ltr'>(nt</span> <span class='ocrx_word' id='word_1_244' title='bbox 1135 2055 1169 2120; x_wconf 93' lang='lat' dir='ltr'>in</span> <span class='ocrx_word' id='word_1_245' title='bbox 1191 2057 1296 2123; x_wconf 88' lang='lat' dir='ltr'>sancti</span> <span class='ocrx_word' id='word_1_246' title='bbox 1325 2056 1468 2142; x_wconf 89' lang='lat' dir='ltr'>coniugii</span> <span class='ocrx_word' id='word_1_247' title='bbox 1496 2057 1662 2124; x_wconf 86' lang='lat' dir='ltr'>bonorem.</span> <span class='ocrx_word' id='word_1_248' title='bbox 1706 2058 1809 2125; x_wconf 90' lang='lat' dir='ltr'>Porro</span> <span class='ocrx_word' id='word_1_249' title='bbox 1838 2080 1921 2126; x_wconf 86' lang='lat' dir='ltr'>uxor</span> <span class='ocrx_word' id='word_1_250' title='bbox 1942 2062 1992 2126; x_wconf 84' lang='lat' dir='ltr'>Ae</span> <span class='ocrx_word' id='word_1_251' title='bbox 2061 2063 2107 2128; x_wconf 87' lang='lat' dir='ltr'>tie</span> 
     </span>
     <span class='ocr_line' id='line_1_19' title="bbox 111 2080 2108 2246; baseline 0.001 -34"><span class='ocrx_word' id='word_1_252' title='bbox 111 2146 181 2212; x_wconf 83' lang='lat' dir='ltr'>fieri</span> <span class='ocrx_word' id='word_1_253' title='bbox 199 2145 282 2246; x_wconf 80' lang='lat' dir='ltr'>solet</span> <span class='ocrx_word' id='word_1_254' title='bbox 297 2145 333 2211; x_wconf 90' lang='lat' dir='ltr'>in</span> <span class='ocrx_word' id='word_1_255' title='bbox 350 2143 455 2246; x_wconf 44' lang='lat' dir='ltr'>rebus·</span> <span class='ocrx_word' id='word_1_256' title='bbox 465 2080 656 2244; x_wconf 64' lang='lat' dir='ltr'>deprimatis)</span> <span class='ocrx_word' id='word_1_257' title='bbox 672 2143 890 2244; x_wconf 79' lang='lat' dir='ltr'>obtorpuerat,</span> <span class='ocrx_word' id='word_1_258' title='bbox 913 2152 946 2208; x_wconf 91' lang='lat' dir='ltr'>et</span> <span class='ocrx_word' id='word_1_259' title='bbox 966 2143 1084 2210; x_wconf 73' lang='lat' dir='ltr'>ieonis</span> <span class='ocrx_word' id='word_1_260' title='bbox 1134 2139 1295 2242; x_wconf 82' lang='lat' dir='ltr'>quoddam</span> <span class='ocrx_word' id='word_1_261' title='bbox 1317 2142 1420 2242; x_wconf 75' lang='lat' dir='ltr'>bituri</span> <span class='ocrx_word' id='word_1_262' title='bbox 1439 2141 1526 2208; x_wconf 89' lang='lat' dir='ltr'>inter</span> <span class='ocrx_word' id='word_1_263' title='bbox 1543 2140 1710 2210; x_wconf 87' lang='lat' dir='ltr'>Israelitas</span> <span class='ocrx_word' id='word_1_264' title='bbox 1727 2157 1760 2210; x_wconf 89' lang='lat' dir='ltr'>et</span> <span class='ocrx_word' id='word_1_265' title='bbox 1776 2137 1960 2212; x_wconf 74' lang='lat' dir='ltr'>ismaelites</span> <span class='ocrx_word' id='word_1_266' title='bbox 2049 2145 2108 2214; x_wconf 91' lang='lat' dir='ltr'>idii</span> 
     </span>
     <span class='ocr_line' id='line_1_20' title="bbox 110 2225 2106 2401; baseline 0.001 -19"><span class='ocrx_word' id='word_1_267' title='bbox 110 2240 286 2382; x_wconf 52' lang='lat' dir='ltr'>bedetblrldnib</span> <span class='ocrx_word' id='word_1_268' title='bbox 307 2228 1085 2401; x_wconf 48' lang='lat' dir='ltr'>ibxaliblbmbdeblrlpiiovobiepiffibsfbrddrrirbbtie</span> <span class='ocrx_word' id='word_1_269' title='bbox 1133 2225 1353 2379; x_wconf 50' lang='lat' dir='ltr'>praelim</span> <span class='ocrx_word' id='word_1_270' title='bbox 1361 2228 1446 2396; x_wconf 51' lang='lat' dir='ltr'>filiii</span> <span class='ocrx_word' id='word_1_271' title='bbox 1482 2318 1613 2396; x_wconf 64' lang='lat' dir='ltr'>essm</span> <span class='ocrx_word' id='word_1_272' title='bbox 1643 2314 1709 2382; x_wconf 78' lang='lat' dir='ltr'>iao.</span> <span class='ocrx_word' id='word_1_273' title='bbox 1762 2314 1894 2383; x_wconf 75' lang='lat' dir='ltr'>Foedus</span> <span class='ocrx_word' id='word_1_274' title='bbox 1925 2316 1986 2382; x_wconf 91' lang='lat' dir='ltr'>hoe</span> <span class='ocrx_word' id='word_1_275' title='bbox 2017 2316 2106 2383; x_wconf 87' lang='lat' dir='ltr'>inter</span> 
     </span>
     <span class='ocr_line' id='line_1_21' title="bbox 111 2396 2108 2485; baseline 0 -17"><span class='ocrx_word' id='word_1_276' title='bbox 111 2400 234 2469; x_wconf 87' lang='lat' dir='ltr'>dietum</span> <span class='ocrx_word' id='word_1_277' title='bbox 263 2402 320 2484; x_wconf 88' lang='lat' dir='ltr'>sit,</span> <span class='ocrx_word' id='word_1_278' title='bbox 352 2401 472 2485; x_wconf 89' lang='lat' dir='ltr'>suscipi</span> <span class='ocrx_word' id='word_1_279' title='bbox 502 2423 603 2468; x_wconf 88' lang='lat' dir='ltr'>noea</span> <span class='ocrx_word' id='word_1_280' title='bbox 678 2400 768 2467; x_wconf 93' lang='lat' dir='ltr'>mino</span> <span class='ocrx_word' id='word_1_281' title='bbox 797 2400 854 2468; x_wconf 93' lang='lat' dir='ltr'>ubi</span> <span class='ocrx_word' id='word_1_282' title='bbox 882 2421 902 2466; x_wconf 89' lang='lat' dir='ltr'>a</span> <span class='ocrx_word' id='word_1_283' title='bbox 930 2407 1023 2485; x_wconf 88' lang='lat' dir='ltr'>patre</span> <span class='ocrx_word' id='word_1_284' title='bbox 1051 2409 1086 2466; x_wconf 91' lang='lat' dir='ltr'>et</span> <span class='ocrx_word' id='word_1_285' title='bbox 1137 2396 1551 2465; x_wconf 74' lang='lat' dir='ltr'>Abrehemetdbrmeleoh</span> <span class='ocrx_word' id='word_1_286' title='bbox 1568 2398 1668 2466; x_wconf 76' lang='lat' dir='ltr'>fuisse</span> <span class='ocrx_word' id='word_1_287' title='bbox 1687 2421 1888 2484; x_wconf 84' lang='lat' dir='ltr'>percussum,</span> <span class='ocrx_word' id='word_1_288' title='bbox 1909 2401 2108 2470; x_wconf 90' lang='lat' dir='ltr'>ideonarrat</span> 
     </span>
     <span class='ocr_line' id='line_1_22' title="bbox 109 2483 2107 2572; baseline 0.001 -18"><span class='ocrx_word' id='word_1_289' title='bbox 109 2495 217 2554; x_wconf 89' lang='lat' dir='ltr'>matre</span> <span class='ocrx_word' id='word_1_290' title='bbox 238 2485 352 2554; x_wconf 87' lang='lat' dir='ltr'>abiecti</span> <span class='ocrx_word' id='word_1_291' title='bbox 372 2507 498 2553; x_wconf 88' lang='lat' dir='ltr'>sumus.</span> <span class='ocrx_word' id='word_1_292' title='bbox 1136 2483 1262 2565; x_wconf 83' lang='lat' dir='ltr'>Moses,</span> <span class='ocrx_word' id='word_1_293' title='bbox 1293 2491 1331 2550; x_wconf 92' lang='lat' dir='ltr'>ut</span> <span class='ocrx_word' id='word_1_294' title='bbox 1358 2483 1500 2550; x_wconf 86' lang='lat' dir='ltr'>sciamus</span> <span class='ocrx_word' id='word_1_295' title='bbox 1526 2495 1600 2569; x_wconf 88' lang='lat' dir='ltr'>post</span> <span class='ocrx_word' id='word_1_296' title='bbox 1628 2487 1735 2554; x_wconf 70' lang='lat' dir='ltr'>venes</span> <span class='ocrx_word' id='word_1_297' title='bbox 1763 2488 1957 2572; x_wconf 81' lang='lat' dir='ltr'>agitationes</span> <span class='ocrx_word' id='word_1_298' title='bbox 1985 2487 2107 2572; x_wconf 90' lang='lat' dir='ltr'>aliquid</span> 
     </span>
     <span class='ocr_line' id='line_1_23' title="bbox 198 2569 2107 2656; baseline 0.001 -18"><span class='ocrx_word' id='word_1_299' title='bbox 198 2573 249 2640; x_wconf 91' lang='lat'>18.</span> <span class='ocrx_word' id='word_1_300' title='bbox 275 2573 360 2640; x_wconf 71' lang='lat' dir='ltr'>tote</span> <span class='ocrx_word' id='word_1_301' title='bbox 385 2592 530 2656; x_wconf 63' lang='lat' dir='ltr'>poetam</span> <span class='ocrx_word' id='word_1_302' title='bbox 575 2570 650 2653; x_wconf 81' lang='lat' dir='ltr'>Quo</span> <span class='ocrx_word' id='word_1_303' title='bbox 677 2571 752 2656; x_wconf 89' lang='lat' dir='ltr'>plus</span> <span class='ocrx_word' id='word_1_304' title='bbox 778 2571 880 2638; x_wconf 92' lang='lat' dir='ltr'>animi</span> <span class='ocrx_word' id='word_1_305' title='bbox 908 2570 950 2636; x_wconf 87' lang='lat' dir='ltr'>ad</span> <span class='ocrx_word' id='word_1_306' title='bbox 979 2570 1084 2637; x_wconf 89' lang='lat' dir='ltr'>filium</span> <span class='ocrx_word' id='word_1_307' title='bbox 1135 2569 1271 2636; x_wconf 90' lang='lat' dir='ltr'>tandem</span> <span class='ocrx_word' id='word_1_308' title='bbox 1292 2570 1412 2655; x_wconf 89' lang='lat' dir='ltr'>quietis</span> <span class='ocrx_word' id='word_1_309' title='bbox 1431 2569 1544 2635; x_wconf 88' lang='lat' dir='ltr'>datum</span> <span class='ocrx_word' id='word_1_310' title='bbox 1564 2570 1664 2638; x_wconf 81' lang='grc' dir='ltr'>ιιιὶιιι</span> <span class='ocrx_word' id='word_1_311' title='bbox 1685 2582 1798 2638; x_wconf 87' lang='lat' dir='ltr'>sancto</span> <span class='ocrx_word' id='word_1_312' title='bbox 1824 2573 1910 2640; x_wconf 84' lang='lat' dir='ltr'>viro:</span> <span class='ocrx_word' id='word_1_313' title='bbox 1937 2574 2026 2639; x_wconf 89' lang='lat' dir='ltr'>ultra</span> <span class='ocrx_word' id='word_1_314' title='bbox 2048 2595 2107 2640; x_wconf 86' lang='lat' dir='ltr'>en-</span> 
     </span>
     <span class='ocr_line' id='line_1_24' title="bbox 107 2655 2107 2740; baseline 0 -15"><span class='ocrx_word' id='word_1_315' title='bbox 107 2657 316 2726; x_wconf 87' lang='lat' dir='ltr'>eduoandum</span> <span class='ocrx_word' id='word_1_316' title='bbox 344 2658 478 2737; x_wconf 89' lang='lat' dir='ltr'>habeat,</span> <span class='ocrx_word' id='word_1_317' title='bbox 508 2660 680 2725; x_wconf 89' lang='lat' dir='ltr'>confirmat</span> <span class='ocrx_word' id='word_1_318' title='bbox 707 2656 757 2722; x_wconf 92' lang='lat' dir='ltr'>illi</span> <span class='ocrx_word' id='word_1_319' title='bbox 779 2658 871 2723; x_wconf 91' lang='lat' dir='ltr'>Deus</span> <span class='ocrx_word' id='word_1_320' title='bbox 899 2655 986 2740; x_wconf 90' lang='lat' dir='ltr'>quod</span> <span class='ocrx_word' id='word_1_321' title='bbox 1008 2665 1083 2723; x_wconf 90' lang='lat' dir='ltr'>ante</span> <span class='ocrx_word' id='word_1_322' title='bbox 1136 2677 1196 2722; x_wconf 94' lang='lat' dir='ltr'>nos</span> <span class='ocrx_word' id='word_1_323' title='bbox 1227 2656 1402 2740; x_wconf 84' lang='lat' dir='ltr'>sexaginta</span> <span class='ocrx_word' id='word_1_324' title='bbox 1434 2675 1537 2740; x_wconf 87' lang='lat' dir='ltr'>vagus</span> <span class='ocrx_word' id='word_1_325' title='bbox 1569 2664 1602 2722; x_wconf 92' lang='lat' dir='ltr'>et</span> <span class='ocrx_word' id='word_1_326' title='bbox 1633 2656 1795 2724; x_wconf 85' lang='lat' dir='ltr'>instabilis</span> <span class='ocrx_word' id='word_1_327' title='bbox 1827 2667 1936 2725; x_wconf 86' lang='lat' dir='ltr'>castre</span> <span class='ocrx_word' id='word_1_328' title='bbox 1967 2658 2107 2726; x_wconf 89' lang='lat' dir='ltr'>subinde</span> 
     </span>
     <span class='ocr_line' id='line_1_25' title="bbox 107 2741 2106 2828; baseline 0 -18"><span class='ocrx_word' id='word_1_329' title='bbox 107 2743 264 2811; x_wconf 83' lang='lat' dir='ltr'>Abrahae</span> <span class='ocrx_word' id='word_1_330' title='bbox 282 2743 411 2827; x_wconf 86' lang='lat' dir='ltr'>saepius</span> <span class='ocrx_word' id='word_1_331' title='bbox 428 2742 594 2828; x_wconf 91' lang='lat' dir='ltr'>pollicitus</span> <span class='ocrx_word' id='word_1_332' title='bbox 614 2743 730 2809; x_wconf 86' lang='lat' dir='ltr'>fuerat.</span> <span class='ocrx_word' id='word_1_333' title='bbox 767 2743 931 2809; x_wconf 84' lang='lat' dir='ltr'>Matribue</span> <span class='ocrx_word' id='word_1_334' title='bbox 953 2741 1084 2826; x_wconf 91' lang='lat' dir='ltr'>quidem</span> <span class='ocrx_word' id='word_1_335' title='bbox 1136 2761 1268 2807; x_wconf 85' lang='lat' dir='ltr'>movere</span> <span class='ocrx_word' id='word_1_336' title='bbox 1297 2749 1430 2809; x_wconf 90' lang='lat' dir='ltr'>coaetus</span> <span class='ocrx_word' id='word_1_337' title='bbox 1454 2741 1571 2808; x_wconf 84' lang='lat' dir='ltr'>fuerat</span> <span class='ocrx_word' id='word_1_338' title='bbox 1615 2743 1761 2810; x_wconf 69' lang='lat' dir='ltr'>Tametsi</span> <span class='ocrx_word' id='word_1_339' title='bbox 1785 2755 1895 2810; x_wconf 89' lang='lat' dir='ltr'>autem</span> <span class='ocrx_word' id='word_1_340' title='bbox 1916 2744 2008 2812; x_wconf 92' lang='lat' dir='ltr'>Deus</span> <span class='ocrx_word' id='word_1_341' title='bbox 2029 2766 2106 2811; x_wconf 90' lang='lat' dir='ltr'>enm</span> 
     </span>
     <span class='ocr_line' id='line_1_26' title="bbox 106 2826 2105 2928; baseline 0.001 -32"><span class='ocrx_word' id='word_1_342' title='bbox 106 2837 231 2896; x_wconf 87' lang='lat' dir='ltr'>natura</span> <span class='ocrx_word' id='word_1_343' title='bbox 251 2830 443 2915; x_wconf 87' lang='lat' dir='ltr'>praescribit</span> <span class='ocrx_word' id='word_1_344' title='bbox 464 2828 543 2928; x_wconf 81' lang='lat' dir='ltr'>quid</span> <span class='ocrx_word' id='word_1_345' title='bbox 563 2828 641 2894; x_wconf 88' lang='lat' dir='ltr'>tiliis</span> <span class='ocrx_word' id='word_1_346' title='bbox 662 2827 817 2895; x_wconf 89' lang='lat' dir='ltr'>debeant:</span> <span class='ocrx_word' id='word_1_347' title='bbox 850 2827 907 2894; x_wconf 92' lang='lat' dir='ltr'>sed</span> <span class='ocrx_word' id='word_1_348' title='bbox 929 2826 1084 2912; x_wconf 90' lang='lat' dir='ltr'>quemad·</span> <span class='ocrx_word' id='word_1_349' title='bbox 1136 2847 1240 2911; x_wconf 90' lang='lat' dir='ltr'>usque</span> <span class='ocrx_word' id='word_1_350' title='bbox 1261 2827 1303 2892; x_wconf 91' lang='lat' dir='ltr'>ad</span> <span class='ocrx_word' id='word_1_351' title='bbox 1331 2837 1470 2894; x_wconf 87' lang='lat' dir='ltr'>mortem</span> <span class='ocrx_word' id='word_1_352' title='bbox 1497 2829 1700 2912; x_wconf 86' lang='lat' dir='ltr'>peregrinari</span> <span class='ocrx_word' id='word_1_353' title='bbox 1727 2829 1847 2908; x_wconf 87' lang='lat' dir='ltr'>voluit,</span> <span class='ocrx_word' id='word_1_354' title='bbox 1873 2830 1934 2896; x_wconf 88' lang='lat' dir='ltr'>sub</span> <span class='ocrx_word' id='word_1_355' title='bbox 1957 2851 2034 2915; x_wconf 88' lang='lat' dir='ltr'>rege</span> <span class='ocrx_word' id='word_1_356' title='bbox 2055 2838 2105 2897; x_wconf 89' lang='lat' dir='ltr'>ta·</span> 
     </span>
     <span class='ocr_line' id='line_1_27' title="bbox 106 2910 2106 3000; baseline 0 -18"><span class='ocrx_word' id='word_1_357' title='bbox 106 2914 242 2982; x_wconf 88' lang='lat' dir='ltr'>medum</span> <span class='ocrx_word' id='word_1_358' title='bbox 274 2937 380 2999; x_wconf 90' lang='lat' dir='ltr'>nuper</span> <span class='ocrx_word' id='word_1_359' title='bbox 418 2913 530 3000; x_wconf 77' lang='lat' dir='ltr'>attigi,</span> <span class='ocrx_word' id='word_1_360' title='bbox 569 2912 780 2983; x_wconf 90' lang='lat' dir='ltr'>conciderant</span> <span class='ocrx_word' id='word_1_361' title='bbox 817 2934 931 2980; x_wconf 90' lang='lat' dir='ltr'>omnes</span> <span class='ocrx_word' id='word_1_362' title='bbox 968 2934 1084 2980; x_wconf 89' lang='lat' dir='ltr'>sensns</span> <span class='ocrx_word' id='word_1_363' title='bbox 1136 2932 1213 2977; x_wconf 91' lang='lat' dir='ltr'>men</span> <span class='ocrx_word' id='word_1_364' title='bbox 1240 2910 1432 2980; x_wconf 88' lang='lat' dir='ltr'>Abimeleoh</span> <span class='ocrx_word' id='word_1_365' title='bbox 1464 2913 1625 2980; x_wconf 89' lang='lat' dir='ltr'>concessit</span> <span class='ocrx_word' id='word_1_366' title='bbox 1652 2913 1702 2980; x_wconf 94' lang='lat' dir='ltr'>illi</span> <span class='ocrx_word' id='word_1_367' title='bbox 1733 2923 1808 2982; x_wconf 82' lang='grc' dir='ltr'>ιιιιι</span> <span class='ocrx_word' id='word_1_368' title='bbox 1831 2915 1945 2982; x_wconf 90' lang='lat' dir='ltr'>uillam</span> <span class='ocrx_word' id='word_1_369' title='bbox 1977 2914 2106 2982; x_wconf 84' lang='lat' dir='ltr'>habite·</span> 
     </span>
     <span class='ocr_line' id='line_1_28' title="bbox 105 2936 2107 3087; baseline 0 -20"><span class='ocrx_word' id='word_1_370' title='bbox 105 3003 217 3086; x_wconf 80' lang='lat' dir='ltr'>Agar:</span> <span class='ocrx_word' id='word_1_371' title='bbox 251 3001 314 3067; x_wconf 93' lang='lat' dir='ltr'>nisi</span> <span class='ocrx_word' id='word_1_372' title='bbox 340 3000 434 3067; x_wconf 89' lang='lat' dir='ltr'>Dens</span> <span class='ocrx_word' id='word_1_373' title='bbox 460 3021 547 3067; x_wconf 85' lang='lat' dir='ltr'>nova</span> <span class='ocrx_word' id='word_1_374' title='bbox 573 2999 693 3067; x_wconf 91' lang='lat' dir='ltr'>fidncia</span> <span class='ocrx_word' id='word_1_375' title='bbox 720 3020 793 3066; x_wconf 89' lang='lat' dir='ltr'>eam</span> <span class='ocrx_word' id='word_1_376' title='bbox 821 3005 1018 3079; x_wconf 87' lang='lat' dir='ltr'>recreasset,</span> <span class='ocrx_word' id='word_1_377' title='bbox 1047 3005 1085 3064; x_wconf 93' lang='lat' dir='ltr'>ut</span> <span class='ocrx_word' id='word_1_378' title='bbox 1136 2996 1269 3064; x_wconf 89' lang='lat' dir='ltr'>tionem.</span> <span class='ocrx_word' id='word_1_379' title='bbox 1315 2998 1360 3064; x_wconf 76' lang='grc' dir='ltr'>ιιι</span> <span class='ocrx_word' id='word_1_380' title='bbox 1391 2999 1561 3065; x_wconf 87' lang='lat' dir='ltr'>consilium</span> <span class='ocrx_word' id='word_1_381' title='bbox 1590 2999 1693 3067; x_wconf 82' lang='lat' dir='ltr'>liceis</span> <span class='ocrx_word' id='word_1_382' title='bbox 1722 3007 1772 3067; x_wconf 90' lang='lat' dir='ltr'>est</span> <span class='ocrx_word' id='word_1_383' title='bbox 1804 2936 1918 3068; x_wconf 81' lang='lat' dir='ltr'>ducere</span> <span class='ocrx_word' id='word_1_384' title='bbox 1947 3001 2107 3087; x_wconf 90' lang='lat' dir='ltr'>quomodo</span> 
     </span>
     <span class='ocr_line' id='line_1_29' title="bbox 104 3083 2106 3171; baseline 0.002 -18"><span class='ocrx_word' id='word_1_385' title='bbox 104 3086 244 3154; x_wconf 90' lang='lat' dir='ltr'>collecto</span> <span class='ocrx_word' id='word_1_386' title='bbox 255 3087 369 3171; x_wconf 84' lang='lat' dir='ltr'>vigore</span> <span class='ocrx_word' id='word_1_387' title='bbox 386 3107 421 3152; x_wconf 88' lang='lat' dir='ltr'>se</span> <span class='ocrx_word' id='word_1_388' title='bbox 439 3087 623 3171; x_wconf 87' lang='lat' dir='ltr'>accingeret</span> <span class='ocrx_word' id='word_1_389' title='bbox 640 3084 682 3152; x_wconf 88' lang='lat' dir='ltr'>ed</span> <span class='ocrx_word' id='word_1_390' title='bbox 699 3083 944 3169; x_wconf 86' lang='lat' dir='ltr'>exsequendum</span> <span class='ocrx_word' id='word_1_391' title='bbox 962 3091 1083 3149; x_wconf 88' lang='lat' dir='ltr'>meter·</span> <span class='ocrx_word' id='word_1_392' title='bbox 1136 3083 1291 3150; x_wconf 86' lang='lat' dir='ltr'>acciderit</span> <span class='ocrx_word' id='word_1_393' title='bbox 1322 3091 1360 3150; x_wconf 92' lang='lat' dir='ltr'>ut</span> <span class='ocrx_word' id='word_1_394' title='bbox 1399 3085 1507 3152; x_wconf 90' lang='lat' dir='ltr'>locum</span> <span class='ocrx_word' id='word_1_395' title='bbox 1546 3106 1649 3152; x_wconf 88' lang='lat' dir='ltr'>unum</span> <span class='ocrx_word' id='word_1_396' title='bbox 1689 3086 1812 3152; x_wconf 88' lang='lat' dir='ltr'>diutius</span> <span class='ocrx_word' id='word_1_397' title='bbox 1835 3087 1930 3154; x_wconf 88' lang='lat' dir='ltr'>solito</span> <span class='ocrx_word' id='word_1_398' title='bbox 1968 3095 2106 3156; x_wconf 84' lang='lat' dir='ltr'>teneret</span> 
     </span>
     <span class='ocr_line' id='line_1_30' title="bbox 103 3167 2107 3258; baseline 0.001 -19"><span class='ocrx_word' id='word_1_399' title='bbox 103 3194 189 3239; x_wconf 91' lang='lat' dir='ltr'>num</span> <span class='ocrx_word' id='word_1_400' title='bbox 224 3193 355 3238; x_wconf 90' lang='lat' dir='ltr'>munus.</span> <span class='ocrx_word' id='word_1_401' title='bbox 407 3170 504 3253; x_wconf 77' lang='lat' dir='ltr'>Quod</span> <span class='ocrx_word' id='word_1_402' title='bbox 536 3171 578 3237; x_wconf 94' lang='lat' dir='ltr'>ad</span> <span class='ocrx_word' id='word_1_403' title='bbox 607 3172 723 3255; x_wconf 67' lang='grc' dir='ltr'>Ῑοιιιιιιι</span> <span class='ocrx_word' id='word_1_404' title='bbox 754 3171 914 3254; x_wconf 85' lang='lat' dir='ltr'>pertinet,</span> <span class='ocrx_word' id='word_1_405' title='bbox 951 3168 1083 3253; x_wconf 90' lang='lat' dir='ltr'>quidem</span> <span class='ocrx_word' id='word_1_406' title='bbox 1135 3167 1288 3234; x_wconf 85' lang='lat' dir='ltr'>Notenda</span> <span class='ocrx_word' id='word_1_407' title='bbox 1316 3176 1367 3236; x_wconf 88' lang='lat' dir='ltr'>est</span> <span class='ocrx_word' id='word_1_408' title='bbox 1393 3170 1548 3253; x_wconf 89' lang='lat' dir='ltr'>temporis</span> <span class='ocrx_word' id='word_1_409' title='bbox 1576 3171 1837 3252; x_wconf 86' lang='lat' dir='ltr'>circumstantie,</span> <span class='ocrx_word' id='word_1_410' title='bbox 1866 3194 1983 3257; x_wconf 87' lang='lat' dir='ltr'>nempe</span> <span class='ocrx_word' id='word_1_411' title='bbox 2009 3173 2107 3258; x_wconf 86' lang='lat' dir='ltr'>paulo</span> 
     </span>
     <span class='ocr_line' id='line_1_31' title="bbox 104 3252 2107 3340; baseline 0.001 -16"><span class='ocrx_word' id='word_1_412' title='bbox 104 3258 303 3324; x_wconf 83' lang='lat' dir='ltr'>existimant</span> <span class='ocrx_word' id='word_1_413' title='bbox 340 3265 475 3340; x_wconf 90' lang='lat' dir='ltr'>repente</span> <span class='ocrx_word' id='word_1_414' title='bbox 513 3257 692 3324; x_wconf 86' lang='lat' dir='ltr'>emersisse.</span> <span class='ocrx_word' id='word_1_415' title='bbox 748 3255 817 3323; x_wconf 82' lang='lat' dir='ltr'>Sed</span> <span class='ocrx_word' id='word_1_416' title='bbox 856 3276 957 3340; x_wconf 91' lang='lat' dir='ltr'>quum</span> <span class='ocrx_word' id='word_1_417' title='bbox 996 3252 1084 3320; x_wconf 88' lang='lat' dir='ltr'>dicat</span> <span class='ocrx_word' id='word_1_418' title='bbox 1196 3263 1317 3338; x_wconf 87' lang='lat' dir='ltr'>tquem</span> <span class='ocrx_word' id='word_1_419' title='bbox 1328 3255 1432 3320; x_wconf 87' lang='lat' dir='ltr'>filium</span> <span class='ocrx_word' id='word_1_420' title='bbox 1450 3255 1666 3323; x_wconf 86' lang='lat' dir='ltr'>abdicaverat.</span> <span class='ocrx_word' id='word_1_421' title='bbox 1695 3257 1836 3324; x_wconf 91' lang='lat' dir='ltr'>Videtur</span> <span class='ocrx_word' id='word_1_422' title='bbox 1848 3259 1936 3324; x_wconf 92' lang='lat' dir='ltr'>enim</span> <span class='ocrx_word' id='word_1_423' title='bbox 1954 3259 2107 3327; x_wconf 88' lang='lat' dir='ltr'>solatium</span> 
     </span>
     <span class='ocr_line' id='line_1_32' title="bbox 104 3340 2107 3428; baseline 0.001 -20"><span class='ocrx_word' id='word_1_424' title='bbox 104 3342 221 3411; x_wconf 82' lang='lat' dir='ltr'>Moses</span> <span class='ocrx_word' id='word_1_425' title='bbox 243 3352 373 3428; x_wconf 86' lang='lat' dir='ltr'>apertos</span> <span class='ocrx_word' id='word_1_426' title='bbox 394 3342 495 3410; x_wconf 83' lang='lat' dir='ltr'>fuisse</span> <span class='ocrx_word' id='word_1_427' title='bbox 516 3342 626 3409; x_wconf 91' lang='lat' dir='ltr'>oculos</span> <span class='ocrx_word' id='word_1_428' title='bbox 643 3344 745 3427; x_wconf 85' lang='lat' dir='ltr'>Ager,</span> <span class='ocrx_word' id='word_1_429' title='bbox 768 3361 833 3407; x_wconf 89' lang='lat' dir='ltr'>uun</span> <span class='ocrx_word' id='word_1_430' title='bbox 855 3349 967 3407; x_wconf 84' lang='lat' dir='ltr'>autem</span> <span class='ocrx_word' id='word_1_431' title='bbox 990 3360 1084 3425; x_wconf 89' lang='lat' dir='ltr'>aper·</span> <span class='ocrx_word' id='word_1_432' title='bbox 1160 3361 1198 3406; x_wconf 89' lang='lat' dir='ltr'>oc</span> <span class='ocrx_word' id='word_1_433' title='bbox 1225 3340 1351 3425; x_wconf 89' lang='lat' dir='ltr'>ingenti</span> <span class='ocrx_word' id='word_1_434' title='bbox 1378 3341 1531 3409; x_wconf 85' lang='lat' dir='ltr'>tristitiae</span> <span class='ocrx_word' id='word_1_435' title='bbox 1564 3342 1737 3410; x_wconf 88' lang='lat' dir='ltr'>succedere</span> <span class='ocrx_word' id='word_1_436' title='bbox 1767 3364 1832 3410; x_wconf 91' lang='lat' dir='ltr'>non</span> <span class='ocrx_word' id='word_1_437' title='bbox 1861 3353 1991 3411; x_wconf 89' lang='lat' dir='ltr'>tantum</span> <span class='ocrx_word' id='word_1_438' title='bbox 2021 3355 2059 3410; x_wconf 92' lang='lat' dir='ltr'>nt</span> <span class='ocrx_word' id='word_1_439' title='bbox 2087 3367 2107 3410; x_wconf 89' lang='lat' dir='ltr'>a</span> 
     </span>
     <span class='ocr_line' id='line_1_33' title="bbox 103 3425 2105 3512; baseline 0.002 -18"><span class='ocrx_word' id='word_1_440' title='bbox 103 3435 175 3494; x_wconf 87' lang='lat' dir='ltr'>tam</span> <span class='ocrx_word' id='word_1_441' title='bbox 200 3429 255 3496; x_wconf 87' lang='lat' dir='ltr'>vel</span> <span class='ocrx_word' id='word_1_442' title='bbox 277 3428 586 3512; x_wconf 82' lang='lat' dir='ltr'>perfossamfniese</span> <span class='ocrx_word' id='word_1_443' title='bbox 615 3436 751 3494; x_wconf 86' lang='lat' dir='ltr'>terrem:</span> <span class='ocrx_word' id='word_1_444' title='bbox 780 3427 924 3492; x_wconf 82' lang='lat' dir='ltr'>inbono</span> <span class='ocrx_word' id='word_1_445' title='bbox 952 3437 1084 3493; x_wconf 90' lang='lat' dir='ltr'>senten·</span> <span class='ocrx_word' id='word_1_446' title='bbox 1134 3425 1299 3493; x_wconf 89' lang='lat' dir='ltr'>coutinuis</span> <span class='ocrx_word' id='word_1_447' title='bbox 1325 3426 1484 3493; x_wconf 92' lang='lat' dir='ltr'>molestiis</span> <span class='ocrx_word' id='word_1_448' title='bbox 1505 3426 1628 3510; x_wconf 89' lang='lat' dir='ltr'>aliquid</span> <span class='ocrx_word' id='word_1_449' title='bbox 1647 3428 1857 3495; x_wconf 84' lang='lat' dir='ltr'>relaxationis</span> <span class='ocrx_word' id='word_1_450' title='bbox 1884 3429 2019 3508; x_wconf 89' lang='lat' dir='ltr'>habeat,</span> <span class='ocrx_word' id='word_1_451' title='bbox 2048 3431 2105 3498; x_wconf 91' lang='lat' dir='ltr'>sed</span> 
     </span>
     <span class='ocr_line' id='line_1_34' title="bbox 103 3511 2104 3617; baseline 0.001 -37"><span class='ocrx_word' id='word_1_452' title='bbox 103 3516 189 3580; x_wconf 91' lang='lat' dir='ltr'>tiam</span> <span class='ocrx_word' id='word_1_453' title='bbox 207 3515 315 3617; x_wconf 74' lang='lat' dir='ltr'>magis</span> <span class='ocrx_word' id='word_1_454' title='bbox 331 3514 454 3582; x_wconf 88' lang='lat' dir='ltr'>inclino</span> <span class='ocrx_word' id='word_1_455' title='bbox 472 3513 556 3615; x_wconf 80' lang='lat' dir='ltr'>quod</span> <span class='ocrx_word' id='word_1_456' title='bbox 578 3514 672 3598; x_wconf 91' lang='lat' dir='ltr'>prins</span> <span class='ocrx_word' id='word_1_457' title='bbox 694 3513 804 3580; x_wconf 89' lang='lat' dir='ltr'>dolore</span> <span class='ocrx_word' id='word_1_458' title='bbox 825 3513 974 3593; x_wconf 88' lang='lat' dir='ltr'>attonita,</span> <span class='ocrx_word' id='word_1_459' title='bbox 997 3511 1083 3596; x_wconf 93' lang='lat' dir='ltr'>quod</span> <span class='ocrx_word' id='word_1_460' title='bbox 1134 3532 1198 3595; x_wconf 90' lang='lat' dir='ltr'>quc</span> <span class='ocrx_word' id='word_1_461' title='bbox 1220 3533 1256 3579; x_wconf 90' lang='lat' dir='ltr'>se</span> <span class='ocrx_word' id='word_1_462' title='bbox 1288 3512 1427 3612; x_wconf 75' lang='lat' dir='ltr'>alacrius</span> <span class='ocrx_word' id='word_1_463' title='bbox 1460 3511 1637 3592; x_wconf 84' lang='lat' dir='ltr'>exhilaret,</span> <span class='ocrx_word' id='word_1_464' title='bbox 1670 3522 1705 3581; x_wconf 88' lang='lat' dir='ltr'>et</span> <span class='ocrx_word' id='word_1_465' title='bbox 1737 3515 1877 3598; x_wconf 90' lang='lat' dir='ltr'>quietius</span> <span class='ocrx_word' id='word_1_466' title='bbox 1907 3523 2041 3600; x_wconf 90' lang='lat' dir='ltr'>occupet</span> <span class='ocrx_word' id='word_1_467' title='bbox 2067 3515 2104 3582; x_wconf 93' lang='lat' dir='ltr'>iu</span> 
     </span>
     <span class='ocr_line' id='line_1_35' title="bbox 101 3596 2104 3783; baseline 0 -32"><span class='ocrx_word' id='word_1_468' title='bbox 101 3599 819 3770; x_wconf 53' lang='lat' dir='ltr'>iiiffiiiiiffibblibissilit</span> <span class='ocrx_word' id='word_1_469' title='bbox 834 3619 941 3783; x_wconf 60' lang='lat' dir='ltr'>tlt?</span> <span class='ocrx_word' id='word_1_470' title='bbox 960 3605 1082 3783; x_wconf 66' lang='lat' dir='ltr'>titt</span> <span class='ocrx_word' id='word_1_471' title='bbox 1133 3596 2104 3783; x_wconf 60' lang='lat' dir='ltr'>tlttltlhttitttntttttttttss‘tt,tttt</span> 
     </span>
     <span class='ocr_line' id='line_1_36' title="bbox 100 3767 2105 3856; baseline 0.002 -20"><span class='ocrx_word' id='word_1_472' title='bbox 100 3772 254 3856; x_wconf 87' lang='lat' dir='ltr'>incipiat</span> <span class='ocrx_word' id='word_1_473' title='bbox 298 3770 409 3856; x_wconf 87' lang='lat' dir='ltr'>Atque</span> <span class='ocrx_word' id='word_1_474' title='bbox 430 3771 492 3838; x_wconf 90' lang='lat' dir='ltr'>hcc</span> <span class='ocrx_word' id='word_1_475' title='bbox 514 3771 548 3836; x_wconf 94' lang='lat' dir='ltr'>in</span> <span class='ocrx_word' id='word_1_476' title='bbox 593 3770 685 3836; x_wconf 88' lang='lat' dir='ltr'>rimis</span> <span class='ocrx_word' id='word_1_477' title='bbox 708 3779 823 3836; x_wconf 81' lang='lat' dir='ltr'>notatu</span> <span class='ocrx_word' id='word_1_478' title='bbox 843 3767 998 3852; x_wconf 77' lang='lat' dir='ltr'>dignum,</span> <span class='ocrx_word' id='word_1_479' title='bbox 1026 3767 1083 3834; x_wconf 85' lang='lat' dir='ltr'>ubr</span> <span class='ocrx_word' id='word_1_480' title='bbox 1132 3767 1272 3852; x_wconf 89' lang='lat' dir='ltr'>obbqnis</span> <span class='ocrx_word' id='word_1_481' title='bbox 1300 3767 1405 3836; x_wconf 88' lang='lat' dir='ltr'>modis</span> <span class='ocrx_word' id='word_1_482' title='bbox 1426 3790 1462 3834; x_wconf 90' lang='lat' dir='ltr'>se</span> <span class='ocrx_word' id='word_1_483' title='bbox 1484 3770 1621 3850; x_wconf 71' lang='lat' dir='ltr'>teumri,</span> <span class='ocrx_word' id='word_1_484' title='bbox 1650 3770 1834 3855; x_wconf 92' lang='lat' dir='ltr'>multosque</span> <span class='ocrx_word' id='word_1_485' title='bbox 1854 3771 1888 3836; x_wconf 93' lang='lat' dir='ltr'>iu</span> <span class='ocrx_word' id='word_1_486' title='bbox 1912 3792 1952 3837; x_wconf 85' lang='lat' dir='ltr'>ea</span> <span class='ocrx_word' id='word_1_487' title='bbox 1972 3773 2105 3856; x_wconf 81' lang='lat' dir='ltr'>regione</span> 
     </span>
     <span class='ocr_line' id='line_1_37' title="bbox 100 3853 2106 3942; baseline 0.001 -20"><span class='ocrx_word' id='word_1_488' title='bbox 100 3878 165 3923; x_wconf 90' lang='lat' dir='ltr'>nce</span> <span class='ocrx_word' id='word_1_489' title='bbox 196 3879 259 3924; x_wconf 86' lang='lat' dir='ltr'>sua</span> <span class='ocrx_word' id='word_1_490' title='bbox 290 3857 527 3942; x_wconf 77' lang='lat' dir='ltr'>gubernatione</span> <span class='ocrx_word' id='word_1_491' title='bbox 581 3856 724 3935; x_wconf 91' lang='lat' dir='ltr'>estitnit,</span> <span class='ocrx_word' id='word_1_492' title='bbox 756 3853 960 3941; x_wconf 80' lang='lat' dir='ltr'>gratiamque</span> <span class='ocrx_word' id='word_1_493' title='bbox 987 3874 1081 3921; x_wconf 91' lang='lat' dir='ltr'>snam</span> <span class='ocrx_word' id='word_1_494' title='bbox 1132 3875 1203 3920; x_wconf 90' lang='lat' dir='ltr'>esse</span> <span class='ocrx_word' id='word_1_495' title='bbox 1220 3855 1338 3938; x_wconf 92' lang='lat' dir='ltr'>quibus</span> <span class='ocrx_word' id='word_1_496' title='bbox 1360 3854 1471 3939; x_wconf 86' lang='lat' dir='ltr'>gravis</span> <span class='ocrx_word' id='word_1_497' title='bbox 1490 3863 1523 3920; x_wconf 92' lang='grc' dir='ltr'>ιι</span> <span class='ocrx_word' id='word_1_498' title='bbox 1541 3876 1657 3923; x_wconf 87' lang='lat' dir='ltr'>exosus</span> <span class='ocrx_word' id='word_1_499' title='bbox 1675 3866 1769 3923; x_wconf 91' lang='lat' dir='ltr'>esset.</span> <span class='ocrx_word' id='word_1_500' title='bbox 1807 3857 1882 3922; x_wconf 85' lang='lat' dir='ltr'>Rex</span> <span class='ocrx_word' id='word_1_501' title='bbox 1903 3864 1992 3924; x_wconf 85' lang='lat' dir='ltr'>certe</span> <span class='ocrx_word' id='word_1_502' title='bbox 2008 3858 2106 3924; x_wconf 92' lang='lat' dir='ltr'>illum</span> 
     </span>
     <span class='ocr_line' id='line_1_38' title="bbox 99 3939 2103 4028; baseline 0.001 -19"><span class='ocrx_word' id='word_1_503' title='bbox 99 3942 275 4009; x_wconf 90' lang='lat' dir='ltr'>submovit</span> <span class='ocrx_word' id='word_1_504' title='bbox 302 3944 407 4022; x_wconf 89' lang='lat' dir='ltr'>Deus,</span> <span class='ocrx_word' id='word_1_505' title='bbox 441 3941 595 4008; x_wconf 88' lang='lat' dir='ltr'>subsidiis</span> <span class='ocrx_word' id='word_1_506' title='bbox 622 3941 774 4008; x_wconf 89' lang='lat' dir='ltr'>omnibus</span> <span class='ocrx_word' id='word_1_507' title='bbox 800 3940 898 4006; x_wconf 92' lang='lat' dir='ltr'>etiam</span> <span class='ocrx_word' id='word_1_508' title='bbox 928 3959 1010 4024; x_wconf 89' lang='lat' dir='ltr'>quae</span> <span class='ocrx_word' id='word_1_509' title='bbox 1040 3939 1081 4005; x_wconf 91' lang='lat' dir='ltr'>ad</span> <span class='ocrx_word' id='word_1_510' title='bbox 1132 3962 1167 4006; x_wconf 89' lang='lat' dir='ltr'>se</span> <span class='ocrx_word' id='word_1_511' title='bbox 1185 3939 1306 4006; x_wconf 87' lang='lat' dir='ltr'>habere</span> <span class='ocrx_word' id='word_1_512' title='bbox 1323 3947 1509 4023; x_wconf 84' lang='lat' dir='ltr'>suspectum</span> <span class='ocrx_word' id='word_1_513' title='bbox 1527 3949 1640 4025; x_wconf 89' lang='lat' dir='ltr'>aperte</span> <span class='ocrx_word' id='word_1_514' title='bbox 1662 3942 1893 4028; x_wconf 85' lang='lat' dir='ltr'>profitebatur:</span> <span class='ocrx_word' id='word_1_515' title='bbox 1916 3943 1978 4008; x_wconf 83' lang='lat' dir='ltr'>fnit</span> <span class='ocrx_word' id='word_1_516' title='bbox 1995 3953 2103 4012; x_wconf 90' lang='lat' dir='ltr'>tamen</span> 
     </span>
     <span class='ocr_line' id='line_1_39' title="bbox 99 4024 2105 4112; baseline 0 -18"><span class='ocrx_word' id='word_1_517' title='bbox 99 4050 243 4094; x_wconf 91' lang='lat' dir='ltr'>manum</span> <span class='ocrx_word' id='word_1_518' title='bbox 266 4036 461 4112; x_wconf 89' lang='lat' dir='ltr'>suppetunt,</span> <span class='ocrx_word' id='word_1_519' title='bbox 488 4049 555 4094; x_wconf 89' lang='lat' dir='ltr'>non</span> <span class='ocrx_word' id='word_1_520' title='bbox 584 4048 677 4095; x_wconf 86' lang='lat' dir='ltr'>secus</span> <span class='ocrx_word' id='word_1_521' title='bbox 699 4049 758 4094; x_wconf 90' lang='lat' dir='ltr'>nos</span> <span class='ocrx_word' id='word_1_522' title='bbox 786 4025 909 4110; x_wconf 84' lang='lat' dir='ltr'>privari</span> <span class='ocrx_word' id='word_1_523' title='bbox 931 4043 1031 4110; x_wconf 88' lang='lat' dir='ltr'>quam</span> <span class='ocrx_word' id='word_1_524' title='bbox 1053 4025 1082 4091; x_wconf 92' lang='lat' dir='ltr'>ei</span> <span class='ocrx_word' id='word_1_525' title='bbox 1132 4024 1186 4091; x_wconf 92' lang='lat' dir='ltr'>hic</span> <span class='ocrx_word' id='word_1_526' title='bbox 1208 4045 1356 4092; x_wconf 90' lang='lat' dir='ltr'>summus</span> <span class='ocrx_word' id='word_1_527' title='bbox 1383 4026 1488 4091; x_wconf 89' lang='lat' dir='ltr'>bonor</span> <span class='ocrx_word' id='word_1_528' title='bbox 1516 4025 1601 4109; x_wconf 91' lang='lat' dir='ltr'>quod</span> <span class='ocrx_word' id='word_1_529' title='bbox 1624 4048 1682 4092; x_wconf 88' lang='lat' dir='ltr'>rex</span> <span class='ocrx_word' id='word_1_530' title='bbox 1705 4027 1768 4094; x_wconf 88' lang='lat' dir='ltr'>loci</span> <span class='ocrx_word' id='word_1_531' title='bbox 1793 4027 1835 4094; x_wconf 93' lang='lat' dir='ltr'>ad</span> <span class='ocrx_word' id='word_1_532' title='bbox 1864 4028 2031 4095; x_wconf 91' lang='lat' dir='ltr'>bominem</span> <span class='ocrx_word' id='word_1_533' title='bbox 2054 4031 2105 4095; x_wconf 92' lang='lat' dir='ltr'>in·</span> 
     </span>
     <span class='ocr_line' id='line_1_40' title="bbox 98 4110 2104 4198; baseline 0.002 -21"><span class='ocrx_word' id='word_1_534' title='bbox 98 4112 224 4197; x_wconf 92' lang='lat' dir='ltr'>procul</span> <span class='ocrx_word' id='word_1_535' title='bbox 255 4122 380 4180; x_wconf 88' lang='lat' dir='ltr'>remota</span> <span class='ocrx_word' id='word_1_536' title='bbox 412 4123 530 4180; x_wconf 85' lang='lat' dir='ltr'>essent</span> <span class='ocrx_word' id='word_1_537' title='bbox 583 4113 701 4197; x_wconf 90' lang='lat' dir='ltr'>Itaque</span> <span class='ocrx_word' id='word_1_538' title='bbox 733 4110 900 4198; x_wconf 87' lang='lat' dir='ltr'>rogandus</span> <span class='ocrx_word' id='word_1_539' title='bbox 932 4119 983 4178; x_wconf 91' lang='lat' dir='ltr'>est</span> <span class='ocrx_word' id='word_1_540' title='bbox 1015 4132 1081 4177; x_wconf 91' lang='lat' dir='ltr'>non</span> <span class='ocrx_word' id='word_1_541' title='bbox 1132 4110 1294 4192; x_wconf 91' lang='lat' dir='ltr'>quilinum</span> <span class='ocrx_word' id='word_1_542' title='bbox 1314 4110 1403 4178; x_wconf 88' lang='lat' dir='ltr'>ultro</span> <span class='ocrx_word' id='word_1_543' title='bbox 1424 4113 1560 4180; x_wconf 78' lang='grc' dir='ltr'>ιιιιιιὶι</span> <span class='ocrx_word' id='word_1_544' title='bbox 1581 4123 1617 4177; x_wconf 90' lang='grc' dir='ltr'>ιιι</span> <span class='ocrx_word' id='word_1_545' title='bbox 1638 4112 1752 4179; x_wconf 86' lang='lat' dir='ltr'>foedus</span> <span class='ocrx_word' id='word_1_546' title='bbox 1774 4134 1849 4180; x_wconf 89' lang='lat' dir='ltr'>cnm</span> <span class='ocrx_word' id='word_1_547' title='bbox 1873 4114 1931 4179; x_wconf 92' lang='lat' dir='ltr'>illo</span> <span class='ocrx_word' id='word_1_548' title='bbox 1952 4116 2104 4182; x_wconf 87' lang='lat' dir='ltr'>sanciret.</span> 
     </span>
     <span class='ocr_line' id='line_1_41' title="bbox 99 4194 2103 4284; baseline 0 -19"><span class='ocrx_word' id='word_1_549' title='bbox 99 4207 241 4265; x_wconf 88' lang='lat' dir='ltr'>tantum</span> <span class='ocrx_word' id='word_1_550' title='bbox 268 4206 308 4264; x_wconf 93' lang='lat' dir='ltr'>ut</span> <span class='ocrx_word' id='word_1_551' title='bbox 335 4198 431 4265; x_wconf 91' lang='lat' dir='ltr'>nobis</span> <span class='ocrx_word' id='word_1_552' title='bbox 462 4199 622 4284; x_wconf 89' lang='lat' dir='ltr'>largiatur</span> <span class='ocrx_word' id='word_1_553' title='bbox 653 4219 738 4282; x_wconf 90' lang='lat' dir='ltr'>quae</span> <span class='ocrx_word' id='word_1_554' title='bbox 767 4197 862 4264; x_wconf 91' lang='lat' dir='ltr'>nobis</span> <span class='ocrx_word' id='word_1_555' title='bbox 889 4197 965 4264; x_wconf 88' lang='lat' dir='ltr'>ueni</span> <span class='ocrx_word' id='word_1_556' title='bbox 993 4203 1080 4274; x_wconf 88' lang='lat' dir='ltr'>suut,</span> <span class='ocrx_word' id='word_1_557' title='bbox 1133 4194 1313 4277; x_wconf 81' lang='lat' dir='ltr'>Quaeritur</span> <span class='ocrx_word' id='word_1_558' title='bbox 1334 4205 1444 4264; x_wconf 91' lang='lat' dir='ltr'>tamen</span> <span class='ocrx_word' id='word_1_559' title='bbox 1467 4219 1510 4262; x_wconf 89' lang='lat' dir='ltr'>an</span> <span class='ocrx_word' id='word_1_560' title='bbox 1531 4198 1642 4281; x_wconf 90' lang='lat' dir='ltr'>aequis</span> <span class='ocrx_word' id='word_1_561' title='bbox 1663 4198 1790 4282; x_wconf 88' lang='lat' dir='ltr'>legibue</span> <span class='ocrx_word' id='word_1_562' title='bbox 1812 4198 1925 4266; x_wconf 87' lang='lat' dir='ltr'>foedus</span> <span class='ocrx_word' id='word_1_563' title='bbox 1946 4199 2008 4266; x_wconf 91' lang='lat' dir='ltr'>hcc</span> <span class='ocrx_word' id='word_1_564' title='bbox 2029 4221 2103 4284; x_wconf 87' lang='lat' dir='ltr'>per·</span> 
     </span>
     <span class='ocr_line' id='line_1_42' title="bbox 99 4277 2103 4435; baseline 0.001 -85"><span class='ocrx_word' id='word_1_565' title='bbox 99 4285 162 4350; x_wconf 89' lang='lat' dir='ltr'>sed</span> <span class='ocrx_word' id='word_1_566' title='bbox 207 4284 308 4351; x_wconf 91' lang='lat' dir='ltr'>simul</span> <span class='ocrx_word' id='word_1_567' title='bbox 346 4283 460 4350; x_wconf 90' lang='lat' dir='ltr'>utendi</span> <span class='ocrx_word' id='word_1_568' title='bbox 503 4283 714 4370; x_wconf 89' lang='lat' dir='ltr'>prudentiam</span> <span class='ocrx_word' id='word_1_569' title='bbox 757 4277 917 4350; x_wconf 77' lang='lat' dir='ltr'>conterat:</span> <span class='ocrx_word' id='word_1_570' title='bbox 960 4283 1080 4366; x_wconf 87' lang='lat' dir='ltr'>alioqui</span> <span class='ocrx_word' id='word_1_571' title='bbox 1131 4301 1266 4348; x_wconf 88' lang='lat' dir='ltr'>cussum</span> <span class='ocrx_word' id='word_1_572' title='bbox 1287 4283 1396 4361; x_wconf 87' lang='lat' dir='ltr'>fuerit,</span> <span class='ocrx_word' id='word_1_573' title='bbox 1419 4293 1456 4348; x_wconf 92' lang='lat' dir='ltr'>ut</span> <span class='ocrx_word' id='word_1_574' title='bbox 1477 4284 1564 4350; x_wconf 90' lang='lat' dir='ltr'>inter</span> <span class='ocrx_word' id='word_1_575' title='bbox 1585 4285 1686 4350; x_wconf 89' lang='lat' dir='ltr'>socios</span> <span class='ocrx_word' id='word_1_576' title='bbox 1704 4285 1776 4350; x_wconf 90' lang='lat' dir='ltr'>fieri</span> <span class='ocrx_word' id='word_1_577' title='bbox 1797 4283 1888 4351; x_wconf 90' lang='lat' dir='ltr'>solet.</span> <span class='ocrx_word' id='word_1_578' title='bbox 1923 4286 1997 4435; x_wconf 52' lang='lat' dir='ltr'>qu</span> <span class='ocrx_word' id='word_1_579' title='bbox 2014 4293 2103 4352; x_wconf 89' lang='lat' dir='ltr'>certe</span> 
     </span>
     <span class='ocr_line' id='line_1_43' title="bbox 97 4367 2105 4454; baseline 0 -16"><span class='ocrx_word' id='word_1_580' title='bbox 97 4369 230 4438; x_wconf 86' lang='lat' dir='ltr'>elensis</span> <span class='ocrx_word' id='word_1_581' title='bbox 262 4371 363 4438; x_wconf 92' lang='lat' dir='ltr'>oeulis</span> <span class='ocrx_word' id='word_1_582' title='bbox 397 4371 561 4437; x_wconf 89' lang='lat' dir='ltr'>tabescere</span> <span class='ocrx_word' id='word_1_583' title='bbox 594 4371 680 4435; x_wconf 88' lang='lat' dir='ltr'>iuter</span> <span class='ocrx_word' id='word_1_584' title='bbox 712 4369 835 4435; x_wconf 87' lang='lat' dir='ltr'>medios</span> <span class='ocrx_word' id='word_1_585' title='bbox 865 4368 974 4436; x_wconf 82' lang='lat' dir='ltr'>fontes</span> <span class='ocrx_word' id='word_1_586' title='bbox 1003 4389 1080 4436; x_wconf 93' lang='lat' dir='ltr'>con·</span> <span class='ocrx_word' id='word_1_587' title='bbox 1131 4390 1198 4435; x_wconf 91' lang='lat' dir='ltr'>nou</span> <span class='ocrx_word' id='word_1_588' title='bbox 1232 4367 1343 4435; x_wconf 89' lang='lat' dir='ltr'>dubito</span> <span class='ocrx_word' id='word_1_589' title='bbox 1376 4368 1456 4453; x_wconf 89' lang='lat' dir='ltr'>quin</span> <span class='ocrx_word' id='word_1_590' title='bbox 1489 4367 1636 4435; x_wconf 91' lang='lat' dir='ltr'>debitum</span> <span class='ocrx_word' id='word_1_591' title='bbox 1669 4373 1738 4454; x_wconf 87' lang='lat' dir='ltr'>regi</span> <span class='ocrx_word' id='word_1_592' title='bbox 1777 4371 1932 4436; x_wconf 89' lang='lat' dir='ltr'>honorem</span> <span class='ocrx_word' id='word_1_593' title='bbox 1977 4371 2105 4438; x_wconf 91' lang='lat' dir='ltr'>ibenter</span> 
     </span>
     <span class='ocr_line' id='line_1_44' title="bbox 98 4453 2103 4542; baseline 0.001 -21"><span class='ocrx_word' id='word_1_594' title='bbox 98 4457 223 4542; x_wconf 88' lang='lat' dir='ltr'>tinget.</span> <span class='ocrx_word' id='word_1_595' title='bbox 1133 4453 1289 4521; x_wconf 86' lang='lat' dir='ltr'>detulerit</span> <span class='ocrx_word' id='word_1_596' title='bbox 1310 4453 1493 4540; x_wconf 77' lang='lat' dir='ltr'>Abraham:</span> <span class='ocrx_word' id='word_1_597' title='bbox 1522 4476 1582 4522; x_wconf 93' lang='lat' dir='ltr'>nec</span> <span class='ocrx_word' id='word_1_598' title='bbox 1605 4456 1784 4522; x_wconf 88' lang='lat' dir='ltr'>verisimile</span> <span class='ocrx_word' id='word_1_599' title='bbox 1812 4464 1877 4536; x_wconf 88' lang='lat' dir='ltr'>est,</span> <span class='ocrx_word' id='word_1_600' title='bbox 1905 4477 2016 4541; x_wconf 89' lang='lat' dir='ltr'>regem</span> <span class='ocrx_word' id='word_1_601' title='bbox 2042 4457 2103 4524; x_wconf 90' lang='lat' dir='ltr'>ba·</span> 
     </span>
     <span class='ocr_line' id='line_1_45' title="bbox 190 4539 2101 4625; baseline 0.001 -18"><span class='ocrx_word' id='word_1_602' title='bbox 190 4541 246 4607; x_wconf 81' lang='lat'>20.</span> <span class='ocrx_word' id='word_1_603' title='bbox 269 4539 315 4607; x_wconf 77' lang='lat' dir='ltr'>Et</span> <span class='ocrx_word' id='word_1_604' title='bbox 340 4541 405 4623; x_wconf 78' lang='lat' dir='ltr'>fcit</span> <span class='ocrx_word' id='word_1_605' title='bbox 425 4540 515 4607; x_wconf 82' lang='lat' dir='ltr'>Deus</span> <span class='ocrx_word' id='word_1_606' title='bbox 542 4560 613 4607; x_wconf 82' lang='lat' dir='ltr'>cum</span> <span class='ocrx_word' id='word_1_607' title='bbox 634 4560 745 4622; x_wconf 79' lang='lat' dir='ltr'>puero.</span> <span class='ocrx_word' id='word_1_608' title='bbox 790 4539 946 4606; x_wconf 91' lang='lat' dir='ltr'>Pluribus</span> <span class='ocrx_word' id='word_1_609' title='bbox 974 4540 1081 4605; x_wconf 91' lang='lat' dir='ltr'>modis</span> <span class='ocrx_word' id='word_1_610' title='bbox 1132 4539 1241 4606; x_wconf 89' lang='lat' dir='ltr'>buisse</span> <span class='ocrx_word' id='word_1_611' title='bbox 1274 4539 1310 4604; x_wconf 93' lang='lat' dir='ltr'>in</span> <span class='ocrx_word' id='word_1_612' title='bbox 1342 4541 1451 4605; x_wconf 92' lang='lat' dir='ltr'>animo</span> <span class='ocrx_word' id='word_1_613' title='bbox 1484 4539 1657 4607; x_wconf 88' lang='lat' dir='ltr'>detrahere</span> <span class='ocrx_word' id='word_1_614' title='bbox 1685 4539 1747 4608; x_wconf 89' lang='lat' dir='ltr'>sibi</span> <span class='ocrx_word' id='word_1_615' title='bbox 1780 4540 1918 4625; x_wconf 85' lang='lat' dir='ltr'>aliquid,</span> <span class='ocrx_word' id='word_1_616' title='bbox 1951 4542 2037 4625; x_wconf 91' lang='lat' dir='ltr'>quod</span> <span class='ocrx_word' id='word_1_617' title='bbox 2065 4543 2101 4609; x_wconf 89' lang='lat' dir='ltr'>in</span> 
     </span>
     <span class='ocr_line' id='line_1_46' title="bbox 95 4624 2100 4711; baseline 0 -19"><span class='ocrx_word' id='word_1_618' title='bbox 95 4627 231 4693; x_wconf 89' lang='lat' dir='ltr'>dicitur</span> <span class='ocrx_word' id='word_1_619' title='bbox 251 4626 366 4694; x_wconf 89' lang='lat' dir='ltr'>edesse</span> <span class='ocrx_word' id='word_1_620' title='bbox 387 4625 479 4694; x_wconf 91' lang='lat' dir='ltr'>Deus</span> <span class='ocrx_word' id='word_1_621' title='bbox 501 4626 696 4693; x_wconf 83' lang='lat' dir='ltr'>bominibus.</span> <span class='ocrx_word' id='word_1_622' title='bbox 737 4625 841 4692; x_wconf 86' lang='lat' dir='ltr'>Adest</span> <span class='ocrx_word' id='word_1_623' title='bbox 861 4626 949 4691; x_wconf 89' lang='lat' dir='ltr'>enim</span> <span class='ocrx_word' id='word_1_624' title='bbox 969 4624 1081 4691; x_wconf 88' lang='lat' dir='ltr'>electis</span> <span class='ocrx_word' id='word_1_625' title='bbox 1132 4625 1300 4690; x_wconf 84' lang='lat' dir='ltr'>Abraham</span> <span class='ocrx_word' id='word_1_626' title='bbox 1331 4625 1530 4691; x_wconf 80' lang='lat' dir='ltr'>transferret.</span> <span class='ocrx_word' id='word_1_627' title='bbox 1574 4625 1664 4707; x_wconf 79' lang='lat' dir='ltr'>Quid</span> <span class='ocrx_word' id='word_1_628' title='bbox 1692 4626 1817 4711; x_wconf 78' lang='lat' dir='ltr'>igitur?</span> <span class='ocrx_word' id='word_1_629' title='bbox 1851 4648 1968 4710; x_wconf 90' lang='lat' dir='ltr'>nempe</span> <span class='ocrx_word' id='word_1_630' title='bbox 2000 4648 2100 4711; x_wconf 91' lang='lat' dir='ltr'>quum</span> 
     </span>
     <span class='ocr_line' id='line_1_47' title="bbox 95 4709 2102 4796; baseline 0 -18"><span class='ocrx_word' id='word_1_631' title='bbox 95 4714 171 4779; x_wconf 92' lang='lat' dir='ltr'>suis</span> <span class='ocrx_word' id='word_1_632' title='bbox 197 4733 281 4796; x_wconf 91' lang='lat' dir='ltr'>quos</span> <span class='ocrx_word' id='word_1_633' title='bbox 303 4712 459 4796; x_wconf 80' lang='lat' dir='ltr'>peculiari</span> <span class='ocrx_word' id='word_1_634' title='bbox 484 4713 619 4795; x_wconf 89' lang='lat' dir='ltr'>spiritus</span> <span class='ocrx_word' id='word_1_635' title='bbox 648 4713 753 4796; x_wconf 86' lang='lat' dir='ltr'>gretia</span> <span class='ocrx_word' id='word_1_636' title='bbox 781 4712 956 4794; x_wconf 90' lang='lat' dir='ltr'>gubernat:</span> <span class='ocrx_word' id='word_1_637' title='bbox 986 4710 1081 4777; x_wconf 91' lang='lat' dir='ltr'>adest</span> <span class='ocrx_word' id='word_1_638' title='bbox 1131 4709 1271 4775; x_wconf 89' lang='lat' dir='ltr'>liberum</span> <span class='ocrx_word' id='word_1_639' title='bbox 1293 4709 1340 4776; x_wconf 93' lang='lat' dir='ltr'>illi</span> <span class='ocrx_word' id='word_1_640' title='bbox 1363 4710 1540 4794; x_wconf 92' lang='lat' dir='ltr'>hospitium</span> <span class='ocrx_word' id='word_1_641' title='bbox 1562 4712 1773 4794; x_wconf 87' lang='lat' dir='ltr'>permitteret,</span> <span class='ocrx_word' id='word_1_642' title='bbox 1794 4712 1898 4778; x_wconf 84' lang='lat' dir='ltr'>voluit</span> <span class='ocrx_word' id='word_1_643' title='bbox 1919 4722 2030 4779; x_wconf 91' lang='lat' dir='ltr'>tamen</span> <span class='ocrx_word' id='word_1_644' title='bbox 2052 4715 2102 4780; x_wconf 93' lang='lat' dir='ltr'>iu·</span> 
     </span>
     <span class='ocr_line' id='line_1_48' title="bbox 95 4795 1753 4880; baseline 0.001 -17"><span class='ocrx_word' id='word_1_645' title='bbox 95 4801 206 4864; x_wconf 86' lang='lat' dir='ltr'>etiam</span> <span class='ocrx_word' id='word_1_646' title='bbox 230 4797 394 4864; x_wconf 89' lang='lat' dir='ltr'>interdum</span> <span class='ocrx_word' id='word_1_647' title='bbox 417 4797 521 4880; x_wconf 89' lang='lat' dir='ltr'>quoad</span> <span class='ocrx_word' id='word_1_648' title='bbox 545 4806 714 4864; x_wconf 86' lang='lat' dir='ltr'>externam</span> <span class='ocrx_word' id='word_1_649' title='bbox 738 4795 858 4876; x_wconf 86' lang='lat' dir='ltr'>vitam,</span> <span class='ocrx_word' id='word_1_650' title='bbox 882 4817 947 4862; x_wconf 93' lang='lat' dir='ltr'>non</span> <span class='ocrx_word' id='word_1_651' title='bbox 968 4796 1079 4862; x_wconf 91' lang='lat' dir='ltr'>electis</span> <span class='ocrx_word' id='word_1_652' title='bbox 1131 4795 1305 4862; x_wconf 90' lang='lat' dir='ltr'>reiuraudo</span> <span class='ocrx_word' id='word_1_653' title='bbox 1326 4795 1446 4862; x_wconf 89' lang='lat' dir='ltr'>habere</span> <span class='ocrx_word' id='word_1_654' title='bbox 1468 4796 1531 4863; x_wconf 90' lang='lat' dir='ltr'>sibi</span> <span class='ocrx_word' id='word_1_655' title='bbox 1552 4797 1753 4864; x_wconf 88' lang='lat' dir='ltr'>obstrictum.</span> 
     </span>
     <span class='ocr_line' id='line_1_49' title="bbox 93 4880 2100 4970; baseline 0.001 -20"><span class='ocrx_word' id='word_1_656' title='bbox 93 4883 220 4962; x_wconf 88' lang='lat' dir='ltr'>modo,</span> <span class='ocrx_word' id='word_1_657' title='bbox 248 4883 305 4948; x_wconf 91' lang='lat' dir='ltr'>sed</span> <span class='ocrx_word' id='word_1_658' title='bbox 327 4885 506 4962; x_wconf 83' lang='lat' dir='ltr'>extraneis,</span> <span class='ocrx_word' id='word_1_659' title='bbox 538 4883 616 4949; x_wconf 94' lang='lat' dir='ltr'>dum</span> <span class='ocrx_word' id='word_1_660' title='bbox 644 4883 765 4950; x_wconf 82' lang='lat' dir='ltr'>eximie</span> <span class='ocrx_word' id='word_1_661' title='bbox 794 4883 903 4966; x_wconf 86' lang='lat' dir='ltr'>eliqua</span> <span class='ocrx_word' id='word_1_662' title='bbox 932 4881 1080 4948; x_wconf 89' lang='lat' dir='ltr'>benedic·</span> <span class='ocrx_word' id='word_1_663' title='bbox 1215 4880 1307 4948; x_wconf 81' lang='lat' dir='ltr'>Deos</span> <span class='ocrx_word' id='word_1_664' title='bbox 1329 4887 1428 4948; x_wconf 75' lang='lat' dir='ltr'>tecum</span> <span class='ocrx_word' id='word_1_665' title='bbox 1448 4887 1493 4949; x_wconf 82' lang='lat' dir='ltr'>cet</span> <span class='ocrx_word' id='word_1_666' title='bbox 1514 4883 1550 4948; x_wconf 80' lang='lat' dir='ltr'>iu</span> <span class='ocrx_word' id='word_1_667' title='bbox 1578 4883 1728 4950; x_wconf 72' lang='lat' dir='ltr'>mnibus.</span> <span class='ocrx_word' id='word_1_668' title='bbox 1772 4883 1888 4950; x_wconf 79' lang='lat' dir='ltr'>Amica</span> <span class='ocrx_word' id='word_1_669' title='bbox 1917 4883 2100 4970; x_wconf 89' lang='lat' dir='ltr'>blandaque</span> 
     </span>
     <span class='ocr_line' id='line_1_50' title="bbox 94 4965 2099 5054; baseline 0.001 -19"><span class='ocrx_word' id='word_1_670' title='bbox 94 4973 196 5035; x_wconf 88' lang='lat' dir='ltr'>tione</span> <span class='ocrx_word' id='word_1_671' title='bbox 222 4989 277 5034; x_wconf 90' lang='lat' dir='ltr'>eos</span> <span class='ocrx_word' id='word_1_672' title='bbox 305 4968 476 5054; x_wconf 88' lang='lat' dir='ltr'>dignatur:</span> <span class='ocrx_word' id='word_1_673' title='bbox 504 4968 776 5053; x_wconf 88' lang='lat' dir='ltr'>quemadmodum</span> <span class='ocrx_word' id='word_1_674' title='bbox 798 4968 907 5034; x_wconf 86' lang='lat' dir='ltr'>Moses</span> <span class='ocrx_word' id='word_1_675' title='bbox 930 4967 1080 5034; x_wconf 90' lang='lat' dir='ltr'>hocloco</span> <span class='ocrx_word' id='word_1_676' title='bbox 1130 4965 1330 5050; x_wconf 83' lang='lat' dir='ltr'>praefatione</span> <span class='ocrx_word' id='word_1_677' title='bbox 1351 4969 1469 5033; x_wconf 90' lang='lat' dir='ltr'>utitur:</span> <span class='ocrx_word' id='word_1_678' title='bbox 1492 4989 1559 5034; x_wconf 90' lang='lat' dir='ltr'>nun</span> <span class='ocrx_word' id='word_1_679' title='bbox 1579 4981 1709 5036; x_wconf 88' lang='lat' dir='ltr'>accusat</span> <span class='ocrx_word' id='word_1_680' title='bbox 1728 4969 1907 5048; x_wconf 84' lang='lat' dir='ltr'>Abrabam,</span> <span class='ocrx_word' id='word_1_681' title='bbox 1930 4990 1998 5036; x_wconf 93' lang='lat' dir='ltr'>non</span> <span class='ocrx_word' id='word_1_682' title='bbox 2019 4991 2099 5054; x_wconf 90' lang='lat' dir='ltr'>que·</span> 
     </span>
     <span class='ocr_line' id='line_1_51' title="bbox 94 5052 2099 5140; baseline 0.002 -20"><span class='ocrx_word' id='word_1_683' title='bbox 94 5077 167 5122; x_wconf 89' lang='lat' dir='ltr'>non</span> <span class='ocrx_word' id='word_1_684' title='bbox 194 5054 366 5139; x_wconf 84' lang='lat' dir='ltr'>vulgarem</span> <span class='ocrx_word' id='word_1_685' title='bbox 388 5054 528 5140; x_wconf 89' lang='lat' dir='ltr'>gratiam</span> <span class='ocrx_word' id='word_1_686' title='bbox 550 5053 764 5132; x_wconf 90' lang='lat' dir='ltr'>commendat,</span> <span class='ocrx_word' id='word_1_687' title='bbox 786 5076 851 5139; x_wconf 93' lang='lat' dir='ltr'>qna</span> <span class='ocrx_word' id='word_1_688' title='bbox 871 5061 1009 5120; x_wconf 90' lang='lat' dir='ltr'>testatus</span> <span class='ocrx_word' id='word_1_689' title='bbox 1030 5059 1080 5118; x_wconf 93' lang='lat' dir='ltr'>est</span> <span class='ocrx_word' id='word_1_690' title='bbox 1129 5052 1214 5117; x_wconf 87' lang='lat' dir='ltr'>ritur</span> <span class='ocrx_word' id='word_1_691' title='bbox 1233 5052 1343 5136; x_wconf 86' lang='lat' dir='ltr'>eliquc</span> <span class='ocrx_word' id='word_1_692' title='bbox 1364 5075 1400 5118; x_wconf 93' lang='lat' dir='ltr'>se</span> <span class='ocrx_word' id='word_1_693' title='bbox 1422 5055 1527 5123; x_wconf 88' lang='lat' dir='ltr'>officio</span> <span class='ocrx_word' id='word_1_694' title='bbox 1547 5055 1647 5120; x_wconf 77' lang='grc' dir='ltr'>ιιιίιιι</span> <span class='ocrx_word' id='word_1_695' title='bbox 1669 5054 1870 5121; x_wconf 81' lang='lat' dir='ltr'>fraudatum:</span> <span class='ocrx_word' id='word_1_696' title='bbox 1892 5054 1950 5122; x_wconf 91' lang='lat' dir='ltr'>sed</span> <span class='ocrx_word' id='word_1_697' title='bbox 1972 5056 2042 5122; x_wconf 91' lang='lat' dir='ltr'>eius</span> <span class='ocrx_word' id='word_1_698' title='bbox 2063 5078 2099 5124; x_wconf 91' lang='lat' dir='ltr'>se</span> 
     </span>
     <span class='ocr_line' id='line_1_52' title="bbox 92 5137 2097 5225; baseline 0.003 -19"><span class='ocrx_word' id='word_1_699' title='bbox 92 5141 274 5208; x_wconf 89' lang='lat' dir='ltr'>Dominus</span> <span class='ocrx_word' id='word_1_700' title='bbox 291 5162 356 5206; x_wconf 94' lang='lat' dir='ltr'>non</span> <span class='ocrx_word' id='word_1_701' title='bbox 373 5141 501 5207; x_wconf 89' lang='lat' dir='ltr'>irritem</span> <span class='ocrx_word' id='word_1_702' title='bbox 518 5162 587 5207; x_wconf 87' lang='lat' dir='ltr'>esee</span> <span class='ocrx_word' id='word_1_703' title='bbox 609 5162 702 5208; x_wconf 91' lang='lat' dir='ltr'>suam</span> <span class='ocrx_word' id='word_1_704' title='bbox 724 5142 983 5225; x_wconf 88' lang='lat' dir='ltr'>promissionem,</span> <span class='ocrx_word' id='word_1_705' title='bbox 1001 5137 1078 5203; x_wconf 89' lang='lat' dir='ltr'>dum</span> <span class='ocrx_word' id='word_1_706' title='bbox 1129 5138 1305 5204; x_wconf 85' lang='lat' dir='ltr'>amicitiam</span> <span class='ocrx_word' id='word_1_707' title='bbox 1327 5159 1367 5203; x_wconf 85' lang='lat' dir='ltr'>ex</span> <span class='ocrx_word' id='word_1_708' title='bbox 1391 5147 1479 5205; x_wconf 90' lang='lat' dir='ltr'>etere</span> <span class='ocrx_word' id='word_1_709' title='bbox 1501 5138 1595 5205; x_wconf 89' lang='lat' dir='ltr'>dicit:</span> <span class='ocrx_word' id='word_1_710' title='bbox 1618 5141 1693 5206; x_wconf 82' lang='lat' dir='ltr'>linis</span> <span class='ocrx_word' id='word_1_711' title='bbox 1715 5153 1824 5207; x_wconf 89' lang='lat' dir='ltr'>tamen</span> <span class='ocrx_word' id='word_1_712' title='bbox 1846 5149 1955 5208; x_wconf 90' lang='lat' dir='ltr'>estut</span> <span class='ocrx_word' id='word_1_713' title='bbox 1976 5141 2097 5212; x_wconf 90' lang='lat' dir='ltr'>sihiab</span> 
     </span>
     <span class='ocr_line' id='line_1_53' title="bbox 92 5159 2097 5310; baseline 0.002 -16"><span class='ocrx_word' id='word_1_714' title='bbox 92 5226 284 5294; x_wconf 86' lang='lat' dir='ltr'>lemaelem</span> <span class='ocrx_word' id='word_1_715' title='bbox 316 5225 429 5293; x_wconf 80' lang='lat' dir='ltr'>favore</span> <span class='ocrx_word' id='word_1_716' title='bbox 461 5247 521 5294; x_wconf 89' lang='lat' dir='ltr'>suo</span> <span class='ocrx_word' id='word_1_717' title='bbox 553 5227 773 5310; x_wconf 89' lang='lat' dir='ltr'>prosequitur,</span> <span class='ocrx_word' id='word_1_718' title='bbox 805 5227 880 5310; x_wconf 90' lang='lat' dir='ltr'>quia</span> <span class='ocrx_word' id='word_1_719' title='bbox 911 5225 998 5291; x_wconf 90' lang='lat' dir='ltr'>filius</span> <span class='ocrx_word' id='word_1_720' title='bbox 1029 5235 1080 5290; x_wconf 91' lang='lat' dir='ltr'>est</span> <span class='ocrx_word' id='word_1_721' title='bbox 1130 5243 1168 5288; x_wconf 90' lang='lat' dir='ltr'>eo</span> <span class='ocrx_word' id='word_1_722' title='bbox 1199 5231 1321 5290; x_wconf 86' lang='lat' dir='ltr'>caveat.</span> <span class='ocrx_word' id='word_1_723' title='bbox 1367 5159 1434 5292; x_wconf 58' lang='lat' dir='ltr'>god</span> <span class='ocrx_word' id='word_1_724' title='bbox 1465 5226 1648 5308; x_wconf 90' lang='lat' dir='ltr'>quaeritur,</span> <span class='ocrx_word' id='word_1_725' title='bbox 1682 5227 1768 5293; x_wconf 92' lang='lat' dir='ltr'>uude</span> <span class='ocrx_word' id='word_1_726' title='bbox 1799 5226 1848 5292; x_wconf 91' lang='lat' dir='ltr'>illi</span> <span class='ocrx_word' id='word_1_727' title='bbox 1875 5227 2015 5310; x_wconf 90' lang='lat' dir='ltr'>suspicio</span> <span class='ocrx_word' id='word_1_728' title='bbox 2043 5233 2097 5300; x_wconf 84' lang='lat' dir='ltr'>vel</span> 
     </span>
     <span class='ocr_line' id='line_1_54' title="bbox 93 5309 2096 5397; baseline 0.001 -15"><span class='ocrx_word' id='word_1_729' title='bbox 93 5313 273 5382; x_wconf 82' lang='lat' dir='ltr'>Abrabae.</span> <span class='ocrx_word' id='word_1_730' title='bbox 309 5312 398 5379; x_wconf 90' lang='lat' dir='ltr'>Hinc</span> <span class='ocrx_word' id='word_1_731' title='bbox 415 5321 525 5379; x_wconf 88' lang='lat' dir='ltr'>tamen</span> <span class='ocrx_word' id='word_1_732' title='bbox 547 5312 712 5396; x_wconf 87' lang='lat' dir='ltr'>colligitur</span> <span class='ocrx_word' id='word_1_733' title='bbox 732 5312 894 5396; x_wconf 86' lang='lat' dir='ltr'>generalis</span> <span class='ocrx_word' id='word_1_734' title='bbox 916 5309 1078 5378; x_wconf 88' lang='lat' dir='ltr'>doctrina:</span> <span class='ocrx_word' id='word_1_735' title='bbox 1129 5316 1251 5389; x_wconf 90' lang='lat' dir='ltr'>metus,</span> <span class='ocrx_word' id='word_1_736' title='bbox 1283 5309 1425 5395; x_wconf 91' lang='lat' dir='ltr'>primum</span> <span class='ocrx_word' id='word_1_737' title='bbox 1448 5311 1488 5376; x_wconf 90' lang='lat' dir='ltr'>ab</span> <span class='ocrx_word' id='word_1_738' title='bbox 1509 5309 1643 5377; x_wconf 90' lang='lat' dir='ltr'>bomine</span> <span class='ocrx_word' id='word_1_739' title='bbox 1665 5320 1834 5393; x_wconf 85' lang='lat' dir='ltr'>extraneo,</span> <span class='ocrx_word' id='word_1_740' title='bbox 1858 5311 1975 5378; x_wconf 88' lang='lat' dir='ltr'>deiude</span> <span class='ocrx_word' id='word_1_741' title='bbox 1997 5314 2096 5397; x_wconf 90' lang='lat' dir='ltr'>probo</span> 
     </span>
    </p>
   </div>
   <div class='ocr_carea' id='block_1_3' title="bbox 208 5411 1897 5485">
    <p class='ocr_par' dir='ltr' id='par_1_3' title="bbox 208 5411 1897 5485">
     <span class='ocr_line' id='line_1_55' title="bbox 208 5411 1897 5485; baseline -0.001 -15"><span class='ocrx_word' id='word_1_742' title='bbox 208 5411 323 5471; x_wconf 80' lang='grc' dir='ltr'>Οιιιιιιι·</span> <span class='ocrx_word' id='word_1_743' title='bbox 335 5429 427 5485; x_wconf 79' lang='lat' dir='ltr'>opere</span> <span class='ocrx_word' id='word_1_744' title='bbox 466 5415 521 5471; x_wconf 85' lang='lat' dir='ltr'>Vct</span> <span class='ocrx_word' id='word_1_745' title='bbox 541 5413 661 5471; x_wconf 79' lang='lat' dir='ltr'>xxm</span> <span class='ocrx_word' id='word_1_746' title='bbox 1861 5414 1897 5469; x_wconf 78' lang='grc' dir='ltr'>ιθ</span> 
     </span>
    </p>
   </div>
   <div class='ocr_carea' id='block_1_4' title="bbox 0 0 2504 6208">
    <p class='ocr_par' dir='ltr' id='par_1_4' title="bbox 0 0 2504 6208">
     <span class='ocr_line' id='line_1_56' title="bbox 0 0 2504 6208; baseline 0 12"><span class='ocrx_word' id='word_1_747' title='bbox 0 0 2504 6208; x_wconf 95' lang='lat' dir='ltr'> </span> 
     </span>
    </p>
   </div>
  </div>
 </body>
</html>
