5022 6192
108 441 142 506 33
751 435 1124 504 commaneamus
1148 438 1198 504 IN
1220 437 1436 504 GENESIN.
2051 437 2095 505 34

108 651 143 694 ex
167 624 298 710 vulgari
326 643 472 691 numero.
535 623 633 690 Diem
668 645 746 710 ergo
775 626 949 709 septimum
979 624 1071 691 Deus
1121 625 1157 691 in
1177 626 1242 691 Dei
1263 626 1363 706 oultu,
1385 625 1501 692 merito
1524 623 1565 692 ad
1593 623 1708 691 mundi
1727 627 1828 693 finem
1852 645 1956 710 usque
1976 625 2097 694 durare

107 711 293 789 sanetifiost,
322 709 401 776 dum
429 710 590 776 eximium
611 709 733 789 reddit,
755 721 795 776 nt
816 711 978 796 singulari
998 713 1071 776 iure
1121 719 1255 795 oportet.

108 796 237 866 ereessat
257 799 344 863 inter
365 795 455 862 alios.
489 795 586 863 Unde
606 797 707 862 etiam
728 807 863 881 apparet
883 807 922 862 ut
943 817 1072 880 semper
1210 797 1299 878 Qrtod
1319 798 1434 863 oswod
1454 802 1489 862 ul
1508 799 1631 880 fetaret.
1682 797 1749 863 Hie
1777 819 1836 864 auo
1871 817 1962 863 more
1982 797 2097 864 Iudaei

109 883 210 952 aDeo
239 882 351 948 habita
379 881 478 947 fuerit
505 880 677 948 hominnm
703 883 796 948 ratio.
851 883 932 948 Dixi
961 902 1070 967 supra,
1120 882 1245 948 insulse
1263 892 1442 968 nugantur,
1461 882 1570 948 Deum
1588 883 1705 948 numa
1722 892 2096 968 vesperapraerentnm,

107 992 157 1038 sex
177 967 246 1034 dies
267 967 310 1034 ad
338 966 543 1034 euadendum
565 966 724 1033 mundum
749 969 851 1034 fuisse
872 970 1070 1051 insumptos:
1120 967 1280 1051 quaedam
1302 969 1481 1034 animantia
1502 969 1689 1053 imperieeta
1709 969 1894 1054 reliquisse:
1915 969 2099 1036 ouinsmodi

107 1077 165 1122 non
191 1051 279 1137 quod
307 1053 399 1120 Deus
433 1053 589 1136 temporis
618 1075 767 1120 sueoessu
796 1074 877 1137 opus
910 1053 1071 1129 habuerit,
1121 1061 1200 1120 sunt
1228 1054 1339 1119 Fanni
1366 1063 1398 1119 et
1421 1053 1549 1139 Satyri:
1584 1055 1677 1138 qnasi
1699 1075 1785 1122 uuus
1814 1063 1901 1122 esset
1929 1077 1971 1121 ex
1998 1055 2099 1206 aggo

107 1143 151 1208 eoi
175 1146 377 1206 momentum
406 1139 511 1205 instar
545 1138 636 1204 mille
665 1159 824 1205 annorum
854 1148 920 1206 est:
950 1139 1007 1206 sed
1035 1145 1073 1205 ut
1122 1140 1285 1206 mtifieum
1312 1141 1369 1223 qui
1401 1148 1548 1223 tempore
1580 1159 1663 1224 opus
1693 1141 1837 1206 haberet.
1881 1141 1963 1207 Tam
1992 1161 2015 1224 p
2075 1141 2100 1205 i-

108 1247 159 1294 uoe
191 1226 350 1290 retineret
380 1225 416 1288 in
457 1245 592 1307 operum
632 1245 767 1290 suorum
804 1225 1071 1292 oonsideratione.
1121 1226 1213 1310 giosa
1234 1225 1352 1291 deliria
1363 1233 1526 1291 testantur
1545 1226 1580 1289 in
1602 1247 1736 1292 sensum
1744 1225 1919 1309 reprobum
1939 1228 2102 1294 oonieotos

107 1309 248 1380 Eundem
270 1311 306 1375 iu
328 1331 389 1376 sua
409 1311 516 1392 quiete
531 1330 665 1396 seopum
686 1311 855 1393 spectavit,
878 1311 963 1377 diem
984 1311 1074 1376 enim
1123 1331 1203 1388 esse,
1241 1318 1297 1380 ut.
1320 1320 1431 1378 essent
1468 1310 1625 1376 horribile
1660 1314 1729 1377 irae
1760 1312 1824 1377 Dei
1859 1312 2099 1379 dooumentum.

107 1397 274 1479 areliquis
295 1405 483 1480 exemptum
505 1397 540 1459 in
563 1395 651 1464 huno
669 1396 865 1479 peculiarem
891 1417 989 1462 usum
1017 1396 1073 1462 de·
1124 1394 1221 1479 Quod
1251 1397 1292 1462 ad
1313 1395 1411 1464 Mosis
1440 1417 1573 1462 sensum
1609 1398 1743 1464 attinet:
1777 1396 1909 1481 qnidam
1941 1400 1988 1464 ita
2020 1398 2102 1464 aoei-

106 1484 240 1550 stinavit.
265 1481 376 1562 Quare
397 1479 581 1548 benedietio
602 1482 669 1547 ista
690 1481 773 1548 nihil
794 1481 883 1548 aliud
905 1491 955 1549 est
975 1503 1073 1565 quem
1124 1483 1235 1567 piunt:
1261 1503 1390 1548 ereaese
1412 1483 1521 1549 Deum
1548 1503 1609 1550 sua
1629 1503 1729 1567 opera
1750 1489 1788 1548 ut
1808 1484 1939 1564 faomst,
1961 1485 2037 1568 quia
2058 1503 2102 1548 ex

106 1569 243 1636 solennis
264 1566 474 1647 eonseoratio,
496 1585 561 1650 qus
588 1566 652 1632 sibi
672 1566 765 1634 Deus
787 1567 896 1634 studia
925 1575 959 1634 et
979 1587 1073 1634 ooou·
1124 1588 1189 1651 quo
1214 1567 1279 1634 illis
1308 1588 1380 1634 esse
1413 1566 1516 1644 dedit,
1546 1589 1613 1634 uon
1654 1570 1795 1636 morxit
1836 1589 1971 1634 manum
2007 1589 2102 1634 suam

106 1653 246 1738 pationes
267 1651 438 1719 bominum
459 1654 576 1718 asserit
597 1652 650 1718 die
667 1655 814 1736 septimo.
859 1655 923 1720 Est
943 1652 1073 1736 quidem
1125 1655 1165 1719 ab
1195 1673 1308 1720 eorum
1335 1655 1591 1720 sensas-vatione.
1649 1654 1717 1722 Sed
1743 1654 1826 1720 dura
1856 1663 1908 1721 est
1933 1655 2101 1740 expositio.

105 1740 246 1824 legitima
267 1738 349 1804 haee
371 1737 472 1805 totius
494 1740 582 1806 vitae
599 1737 775 1816 meditatio,
798 1741 832 1804 in
855 1761 920 1822 qus
941 1760 977 1806 se
994 1756 1074 1822 quo·
1124 1739 1236 1806 Nihilo
1267 1740 1375 1824 magis
1407 1738 1574 1806 subsoribo
1611 1761 1723 1806 eorum
1757 1741 1939 1808 sententiae
1972 1741 2030 1825 qui
2060 1739 2103 1806 ad

106 1825 176 1892 tidie
191 1832 376 1903 exemesut,
393 1825 590 1890 immensam
607 1823 672 1889 Dei
695 1825 884 1906 bonitatem,
904 1826 1074 1904 iustitiam,
1125 1825 1293 1891 bominem
1315 1827 1470 1903 referunt,
1499 1847 1595 1908 quem
1618 1827 1710 1892 Deus
1740 1825 1892 1910 operibus
1920 1828 1988 1894 suis
2007 1847 2103 1912 prae·

104 1912 266 1990 virtum,
288 1909 483 1993 sapientiam
504 1911 539 1976 in
566 1909 628 1977 hoo
650 1911 824 1994 magnifiee
848 1911 929 1978 eoeli
952 1926 1075 1976 terrae·
1125 1910 1211 1990 feeit,
1234 1919 1274 1976 ut
1295 1931 1334 1976 ea
1355 1911 1389 1977 in
1412 1931 1508 1977 usum
1530 1911 1687 1996 applioet,
1716 1933 1753 1978 ao
1780 1912 2018 1996 quodammodo
2043 1933 2104 1980 sua

105 2018 162 2080 que
182 1997 312 2062 theatro
333 1993 554 2062 eonsiderare:
586 2016 703 2061 verum
733 1996 762 2062 si
786 1996 871 2062 forte
894 1998 1002 2062 minus
1023 2016 1075 2062 se·
1125 1995 1288 2062 industria
1315 1997 1467 2080 expoliat.
1522 1995 1593 2082 ligo
1620 1999 1729 2081 potius
1757 1997 1939 2064 absolutam
1968 2019 2105 2084 operum

104 2081 174 2148 dulo
192 2101 294 2165 quam
311 2099 371 2164 par
393 2089 478 2147 esset
500 2079 542 2148 ad
563 2102 637 2146 eam
653 2083 771 2148 intenti
789 2090 900 2148 essent
916 2082 1074 2161 homines,
1125 2081 1191 2147 Dei
1211 2081 1353 2149 formam
1376 2083 1483 2147 notari
1506 2083 1673 2150 existimo:
1697 2103 1734 2148 ao
1752 2085 1779 2149 si
1803 2082 1947 2163 dixisset,
1971 2087 2015 2148 ita
2036 2103 2104 2149 ore·

105 2167 141 2233 ad
168 2165 385 2250 supplendum
415 2166 502 2250 quod
537 2165 686 2233 assiduae
713 2167 919 2234 meditationi
953 2167 1073 2246 deerat,
1125 2187 1198 2234 asse
1220 2166 1330 2232 Deum
1351 2189 1412 2234 sua
1433 2187 1542 2251 opera,
1564 2176 1603 2234 ut
1623 2168 1706 2234 nihil
1729 2169 1770 2234 ad
1792 2170 2025 2253 perfeetionem
2048 2168 2105 2235 de·

103 2255 254 2336 septimus
277 2253 414 2336 quisque
435 2252 504 2319 dies
524 2252 731 2337 penuliariter
752 2253 896 2320 deleotus
917 2259 977 2318 est.
999 2254 1075 2319 Pri·
1126 2261 1222 2330 esset,
1253 2252 1306 2320 vel
1333 2255 1528 2320 oreationem
1558 2253 1731 2338 hueusque
1751 2275 1973 2340 progressam,
2002 2255 2105 2322 donee

103 2360 188 2404 mum
225 2357 303 2422 ergo
339 2337 465 2420 quierit
494 2338 600 2405 Dens:
641 2337 757 2406 deinde
793 2338 962 2405 benedixit
989 2339 1075 2406 hano
1125 2338 1232 2404 modis
1253 2338 1405 2405 omnibus
1427 2338 1613 2406 absolutum
1634 2341 1717 2406 foret
1738 2361 1829 2424 opus.

104 2425 251 2508 quietem,
272 2432 312 2490 ut
328 2422 466 2489 saeoulis
493 2423 644 2491 omnibus
672 2425 759 2490 inter
783 2425 933 2491 homines
961 2431 1076 2490 saneta
1211 2424 1242 2488 4.
1266 2424 1353 2490 Istae
1374 2430 1449 2490 aurat
1466 2426 1689 2509 pancratiastas.
1720 2423 1902 2492 Consilium
1924 2426 2023 2491 Mesia
2043 2425 2107 2491 luit

101 2509 194 2576 leret:
225 2509 279 2577 vel
302 2509 480 2592 septimum
506 2529 668 2594 quemque
698 2509 783 2575 diem
813 2511 916 2593 quieti
944 2511 1074 2588 dioevit,
1126 2509 1257 2594 penitus
1279 2509 1540 2577 animisnostris
1562 2511 1700 2596 infigere
1722 2512 1803 2578 ooeli
1825 2519 1860 2578 et
1881 2519 1987 2578 terrae
2008 2511 2107 2597 origi-

102 2605 135 2660 ut
155 2615 254 2660 suram
275 2594 465 2679 exemplum
487 2603 642 2679 perpetua
664 2605 750 2662 esset
770 2596 894 2680 regula.
935 2596 1075 2679 Semper
1126 2616 1220 2674 nem,
1250 2615 1347 2678 quam
1378 2596 1599 2680 generationis
1629 2617 1710 2664 vooe
1740 2597 1901 2680 designat.
1954 2597 2108 2664 Fuerunt

101 2682 258 2748 memoria
280 2679 441 2746 tenendus
469 2690 521 2747 est
546 2682 631 2748 finis.
675 2681 790 2765 Neque
818 2682 908 2747 enim
935 2683 1075 2766 septimo
1126 2683 1216 2748 enim
1245 2701 1374 2764 semper
1403 2681 1525 2765 ingrati
1553 2682 1704 2749 homines
1732 2691 1766 2749 et
1792 2681 1945 2768 maligni,
1974 2683 2031 2766 qui
2052 2683 2108 2749 rel

101 2787 222 2850 quoque
254 2766 307 2833 die
335 2764 527 2849 simplieiter
556 2766 722 2833 hominem
743 2768 841 2834 iussit
861 2767 955 2833 Deus
976 2767 1076 2834 ferias
1126 2766 1288 2834 mundum
1299 2767 1646 2852 aeternumfingendo,
1667 2769 1905 2835 reloreationie
1916 2769 2107 2834 memoriam

100 2851 1076 3006 huruuuatlttlttt‘tuffltd..statutt
1126 2853 1447 3006 ululabat
1468 2852 1902 3025 ltultttuttl‘slt
1924 2853 2007 3005 eii
2021 2853 2109 3006 tte

98 3023 209 3089 mundi
240 3023 414 3107 applioent.
468 3024 620 3106 Denique
648 3045 742 3090 saera
769 3034 820 3090 est
847 3029 911 3090 ista
939 3026 1074 3104 voeatio,
1127 3033 1221 3090 erant
1242 3045 1279 3092 ao
1302 3025 1447 3103 solertes,
1469 3033 1509 3089 ut
1530 3026 1593 3091 sibi
1610 3026 1746 3110 quisque
1767 3035 1855 3092 esset
1871 3025 1960 3092 deus.
1995 3025 2108 3108 Quare

98 3129 177 3191 quae
207 3109 359 3175 homines
387 3109 503 3174 mundi
527 3109 770 3192 impedimentis
792 3111 897 3195 eripit,
924 3124 963 3176 ut
989 3117 1076 3177 totos
1127 3131 1193 3176 non
1215 3119 1266 3177 est
1288 3131 1490 3196 supervacue
1511 3111 1672 3194 repetitio,
1695 3131 1778 3196 quae
1799 3133 1870 3178 rem
1893 3110 1973 3177 adeo
1994 3133 2108 3179 neees-

98 3195 168 3260 Deo
189 3194 330 3262 addieat.
379 3194 452 3260 Iam
481 3215 558 3261 vero
585 3195 661 3278 quia
688 3196 730 3261 od
760 3195 988 3263 eelebrandam
1010 3196 1075 3262 Dei
1127 3197 1247 3262 sariam
1264 3198 1416 3272 iueuloat,
1438 3195 1601 3262 muudum
1622 3199 1787 3264 exstitisse
1808 3219 1850 3264 ex
1872 3218 1936 3280 quo
1958 3195 2108 3264 eonditus

96 3281 272 3360 iustitiam,
302 3281 505 3364 sapientiam,
537 3280 701 3362 virtutem,
730 3283 978 3365 reputandaque
1006 3284 1076 3348 eius
1127 3290 1193 3347 est:
1216 3293 1255 3347 ut
1275 3305 1335 3349 nos
1353 3282 1430 3348 tah's
1452 3282 1596 3366 eognitio
1613 3283 1654 3348 ad
1673 3284 1888 3350 arohiteotum
1906 3291 1940 3348 et
1957 3290 2108 3349 autorem

98 3365 254 3434 benefieia
274 3375 368 3432 muta
395 3374 445 3432 est
465 3365 600 3451 pigritia
621 3367 801 3448 hominum,
827 3376 865 3434 ut
885 3369 986 3452 probe
1007 3389 1075 3435 mo·
1127 3367 1256 3453 dirigat.
1290 3367 1362 3434 Sub
1383 3367 1572 3434 nominibus
1594 3369 1675 3435 eoeli
1697 3376 1731 3434 et
1746 3376 1862 3448 terrae,
1886 3375 1990 3434 totum
2011 3389 2109 3434 orna·

97 3452 157 3516 niti
178 3452 394 3518 nihilominus
415 3458 586 3535 torpeant:
615 3451 745 3518 additus
772 3461 909 3519 estnon
932 3454 1014 3521 levis
1035 3454 1075 3519 ab
1127 3462 1196 3519 tum
1227 3454 1321 3521 ouius
1348 3463 1425 3518 ante
1452 3455 1663 3536 meminerat,
1689 3475 1748 3540 per
1770 3454 1998 3538 syneodoohen
2019 3475 2108 3522 oom-

96 3538 246 3688 ffimplo
268 3538 333 3688 {lei
342 3537 520 3690 1ἓιίιιιιὲίιιοι,
529 3625 535 3639 ⁸
538 3545 582 3688 gt
609 3547 819 3690 prlaegpptgm
841 3539 979 3690 affibile
1002 3539 1075 3606 red·
1126 3539 1528 3690 pleutiturMFlgsentialle
1551 3540 1615 3605 Dei
1643 3560 1786 3691 Romen·
1804 3541 1857 3605 hio
1892 3540 2023 3692 ‹tliempm
2052 3562 2108 3641 er·

97 3707 136 3772 ad
163 3645 359 3792 <liezelinus
375 3645 480 3776 olidus
502 3645 1075 3808 1pilates?uelaillilhlihiusuiirhitsii·⁰es,
1126 3646 1372 3777 pirrlrsrnmpifflss:
1389 3645 2108 3794 ’oliahiuhmiuexeomoplhatgmmsriridouielugehli.

95 3813 190 3875 quam
215 3794 296 3860 dum
326 3814 387 3860 nos
415 3793 457 3860 od
485 3796 703 3862 imitationem
731 3797 782 3861 sui
804 3798 926 3862 inritat
947 3806 981 3862 et
1001 3797 1077 3862 hor·
1212 3796 1242 3862 b.
1266 3796 1310 3862 El
1330 3817 1417 3863 omne
1438 3797 1620 3881 mabam.
1636 3797 1668 3884 ¹).
1721 3797 1885 3863 Oohaeret
1915 3798 2108 3866 hiereneus

95 3887 192 3946 tatur.
248 3881 426 3947 Praeterea
452 3881 621 3947 soiendum
650 3892 708 3961 est,
736 3902 802 3948 non
824 3883 924 3950 nnius
947 3890 1075 3949 tanturn
1126 3903 1201 3948 oum
1223 3883 1380 3967 proximo,
1409 3891 1443 3948 et·
1464 3904 1530 3949 uno
1558 3892 1671 3949 tenore
1698 3883 1942 3967 legendusyest.
1985 3885 2106 3951 Teme

95 3965 143 4031 rel
172 3966 295 4033 aetatis
328 3965 382 4033 vel
409 3967 537 4050 populi,
567 3967 624 4033 sed
651 3968 752 4034 totius
780 3969 917 4034 humani
945 3969 1075 4053 generis
1126 3968 1214 4032 enim
1247 3968 1379 4051 plantas
1410 3977 1443 4033 et
1470 3969 1589 4034 herbas
1629 3969 1780 4056 adiungit
1812 3970 1905 4052 quasi
1938 3971 2106 4052 vestitum,

93 4071 269 4118 oommune
298 4073 370 4118 esse
398 4053 460 4118 hoo
482 4053 683 4120 exereitium.
729 4053 848 4119 Postea
868 4054 905 4118 in
928 4054 998 4138 lege
1020 4075 1076 4120 no·
1126 4073 1189 4136 quo
1217 4075 1288 4121 eam
1318 4055 1449 4120 ornavit
1477 4053 1646 4134 Dominus,
1675 4076 1717 4120 ue
1744 4055 1897 4120 deformis
1926 4064 2013 4121 esset
2034 4057 2104 4122 eius

95 4157 170 4202 rum
200 4137 244 4204 de
266 4135 424 4204 sabbatho
445 4151 657 4222 praeoeptum
680 4139 794 4204 datum
816 4148 880 4218 est,
910 4140 996 4224 quod
1017 4139 1074 4204 Iu·
1126 4137 1266 4206 nuditas.
1319 4139 1445 4204 Nomen
1470 4153 1533 4208 new
1561 4161 1622 4223 pro
1651 4161 1714 4223 quo
1744 4140 1892 4223 plantam
1925 4139 2102 4222 reddimus,

93 4221 190 4300 daeis,
210 4232 247 4290 et
264 4222 396 4306 quidem
415 4224 456 4290 ad
468 4232 606 4308 tempus,
624 4225 787 4308 peculiare
797 4224 889 4304 foret,
911 4225 975 4290 fuit
985 4226 1074 4290 enim
1125 4226 1152 4288 si
1199 4225 1289 4290 ilioat
1317 4224 1485 4291 interdum
1515 4227 1662 4292 arbores:
1693 4233 1730 4291 ut
1758 4226 1844 4290 infra
1872 4247 1941 4310 sap.
1973 4227 2024 4305 21,
2053 4228 2103 4294 15.

92 4307 207 4391 legalis
229 4310 446 4389 eaeremonia,
474 4309 677 4393 spiritualem
703 4309 845 4394 quietem
867 4310 1074 4390 adumbrans,
1125 4309 1143 4373 1
1166 4330 1204 4375 eo
1226 4311 1281 4376 alii
1303 4310 1484 4394 virgultum
1503 4312 1566 4376 hoo
1588 4312 1657 4379 loeo
1675 4313 1889 4376 maslerant:
1913 4312 1998 4394 quod
2021 4314 2105 4379 mihi

91 4395 185 4460 euius
215 4397 255 4460 in
286 4393 420 4462 Christo
456 4397 608 4480 apparuit
647 4396 777 4462 veritos.
831 4395 911 4461 Ideo
942 4397 1073 4480 saepius
1125 4416 1192 4460 non
1219 4395 1378 4481 displioet.
1422 4395 1500 4461 Vox
1528 4405 1639 4462 tamen
1666 4397 1799 4483 plantae
1824 4416 1890 4461 non
1915 4397 2001 4462 male
2024 4419 2103 4481 qua·

93 4489 235 4546 testatur
265 4481 437 4561 Dominus,
471 4502 505 4548 se
538 4483 573 4546 in
600 4503 637 4548 eo
665 4481 794 4548 dedisse
823 4483 925 4548 reteri
954 4480 1073 4566 populo
1125 4481 1206 4560 drat,
1231 4483 1309 4565 quia
1325 4484 1434 4566 priore
1451 4481 1522 4549 loeo
1545 4481 1674 4548 videtur
1690 4483 1799 4549 Moses
1821 4483 1965 4565 posuisse
1987 4503 2103 4568 genus,

90 4566 362 4634 sanetifioationis
396 4566 590 4652 symbolum.
654 4567 766 4648 Quare
804 4567 880 4632 dum
911 4567 1073 4635 audimus
1124 4565 1242 4633 deinde
1263 4569 1414 4651 speeiem.
1448 4567 1523 4634 Etsi
1546 4575 1657 4634 antem
1675 4568 1728 4633 die
1746 4568 1843 4634 tertio
1861 4576 1986 4635 orestas
2000 4568 2102 4638 fuisse

92 4649 220 4718 Christi
251 4651 399 4718 adventu
426 4652 619 4738 abrogatum
644 4654 746 4720 funes
773 4652 985 4731 sabbathum,
1016 4653 1072 4718 ad·
1123 4651 1242 4720 herbas
1264 4655 1419 4732 narravit,
1449 4675 1516 4721 non
1542 4655 1600 4720 abs
1628 4675 1665 4720 re
1686 4664 1798 4719 umen
1820 4673 1933 4718 earum
1954 4653 2009 4720 hio
2030 4677 2102 4721 rur·

91 4734 237 4804 hibenda
261 4746 314 4804 est
334 4737 508 4818 distinotm
530 4738 608 4822 quid
631 4739 672 4804 ad
695 4747 889 4822 perpetuum
910 4740 1073 4805 humanae
1123 4759 1180 4804 sus
1202 4741 1240 4804 fit
1261 4740 1401 4806 mentio:
1423 4747 1461 4804 ut
1482 4741 1623 4806 solemus
1644 4740 1710 4804 alio
1727 4739 1823 4804 modo
1846 4749 1924 4804 tune
1944 4747 1977 4804 et
1994 4749 2100 4822 natas,

90 4823 177 4888 vitae
199 4824 352 4908 regimen
375 4825 550 4907 pertineat:
574 4824 651 4908 quid
669 4825 799 4909 proprie
820 4826 995 4890 eonveniat
1015 4845 1073 4890 re·
1122 4835 1157 4889 et
1178 4833 1324 4892 servatas
1346 4827 1454 4904 fuisse,
1479 4833 1512 4890 et
1533 4831 1744 4909 propagatas,
1773 4845 1873 4907 quam
1903 4824 2000 4892 hodie
2029 4829 2101 4894 fieri

90 4908 218 4976 teribus
252 4910 383 4994 figuris,
424 4929 561 4994 quarum
593 4932 672 4977 osus
704 4911 767 4976 trit
799 4910 939 4977 abolitus
971 4931 1072 4995 quum
1123 4930 1305 4976 eernamus.
1358 4911 1443 4976 Nam
1474 4931 1518 4976 ex
1547 4910 1672 4976 semine
1708 4919 1889 4976 naseuntur
1917 4909 2037 4977 herbae
2066 4923 2101 4979 et

90 4997 214 5061 veritas
245 4995 311 5062 fuit
337 4994 481 5078 impleta.
536 4995 638 5076 Quies
670 4996 850 5079 spiritualis
882 5003 931 5064 est
965 4999 1073 5062 earnis
1123 4997 1269 5063 arbores:
1293 4997 1344 5062 vel
1367 5018 1408 5062 ex
1438 4997 1544 5064 aliena
1566 4994 1674 5063 radios
1702 4995 1861 5079 prodeunt
1883 4997 2022 5078 aureoli,
2045 5001 2100 5066 vel

89 5081 315 5161 mortifioatio,
344 5101 387 5148 ne
418 5081 557 5164 amplius
589 5082 649 5147 sibi
683 5082 796 5147 vivant
826 5082 883 5148 filii
913 5081 985 5160 Dei,
1015 5091 1074 5148 aut
1123 5081 1315 5164 pullulando
1349 5092 1515 5148 oreseunt:
1560 5081 1686 5148 aoeedit
1722 5081 1892 5148 hominum
1938 5081 2101 5154 industria

89 5168 245 5250 propriae
262 5166 426 5233 voluntati
442 5167 644 5252 indulgeant.
672 5166 770 5249 Quod
787 5188 859 5234 eam
877 5167 1072 5234 sabbathum
1123 5179 1157 5232 et
1178 5187 1303 5234 manus.
1349 5169 1443 5234 'Pam
1467 5175 1577 5233 antem
1605 5166 1737 5234 diverse
1764 5167 1828 5232 fuit
1849 5167 1941 5246 ratio,
1964 5171 2100 5238 vestivit

88 5253 260 5336 figurarit,
292 5252 470 5336 temporale
497 5254 598 5319 fuisse
626 5251 706 5320 dieo.
765 5252 862 5335 Quod
891 5263 1001 5320 autem
1031 5253 1072 5318 eb
1126 5289 1325 5302 -———-—--

88 5338 184 5406 initio
220 5337 419 5404 mandatum
452 5340 514 5403 luit
546 5339 733 5406 hominibus
759 5351 797 5405 ut
830 5361 865 5405 ee
898 5348 1072 5405 exeroeant
1194 5355 1223 5425 1)
1240 5355 1277 5410 Et
1294 5369 1401 5411 omnem
1419 5357 1548 5426 plantam.
1585 5354 1640 5409 Ed.
1661 5353 1728 5408 Gar
1749 5351 1822 5408 1554

193 5442 312 5498 odoini
327 5456 418 5510 opero.
458 5441 513 5497 Vol.
534 5440 654 5498 XXIII.
1877 5438 1894 5492 3
