4988 6192
359 353 424 422 523
1016 345 1385 415 COMMENTARIUS
1410 347 1460 412 IN
1482 346 1695 414 GENESIN.
2287 350 2345 418 524

361 563 436 611 nem
454 555 491 640 ut
506 536 653 623 partibus
671 537 739 602 suis
755 535 913 686 might
930 535 1088 600 hortatur.
1121 532 1231 619 Atque
1249 534 1331 604 haee
1380 533 1521 635 liberum
1542 544 1592 601 est
1615 535 1749 636 impune
1769 555 1910 636 peeoare.
1955 537 2046 638 Ergo
2067 538 2195 605 utiliter
2216 537 2344 639 snbaota

360 648 428 696 una
442 627 506 694 furt
528 632 687 703 rourum,
709 622 827 706 qurbus
871 641 930 687 eus
946 619 1125 705 prophetas
1147 641 1223 687 suos
1245 641 1330 687 sem·
1380 619 1445 686 hut
1466 620 1650 688 Pharaoms
1669 621 1837 705 superbia,
1860 631 1898 688 ot
1922 621 2101 689 ambitione
2122 624 2234 691 valere
2255 647 2343 708 iussa,

360 736 419 866 per
440 734 462 778 a
482 709 605 776 fiotitiis
628 708 756 774 vatibus
785 706 957 786 diseernit,
988 705 1074 789 quod
1096 726 1151 772 eos
1172 707 1331 773 instruxit
1381 714 1532 772 exterum
1557 706 1740 786 hominem,
1767 716 1801 772 et
1829 727 1934 792 nuper
1962 709 2086 776 oareeri
2115 711 2345 794 mansipatum,

382 794 497 866 ooendi
517 793 734 878 hortandique
751 794 867 878 gratia,
889 813 932 857 ne
949 812 1003 858 res
1020 792 1149 858 futuras
1168 792 1331 859 inutiliter
1380 791 1458 874 quia
1478 792 1601 858 virtute
1623 792 1764 870 exeellit,
1786 793 1937 860 omnibus
1956 794 2024 861 suis
2041 795 2156 863 auliois
2177 798 2345 879 praeierat.

359 882 592 970 praedioerent.
622 878 748 946 Demus
760 879 923 964 Apollinis
936 898 1170 963 magorumque
1181 878 1330 945 omnium
1381 876 1506 942 Eadem
1533 878 1711 944 neoessitas
1734 879 1896 946 eontinuit
1923 880 2018 962 regni
2043 899 2211 963 prooeres,
2231 902 2274 950 ne
2293 905 2346 950 suo

360 968 516 1038 vatioinia
537 967 636 1038 luisse
658 985 749 1044 vora,
775 984 836 1031 neo
857 962 1042 1046 flexiloquis
1062 963 1254 1048 ambagibus
1279 965 1330 1030 in·
1380 982 1471 1028 more
1492 962 1728 1030 oontenderent
1745 971 1782 1030 ut
1802 964 1845 1030 ad
1866 985 1902 1031 se
1923 965 2062 1049 quisque
2083 967 2265 1050 primatum
2285 979 2345 1036 tra·
2460 1011 2461 1024 ι

359 1064 460 1122 torta:
489 1073 645 1137 quorsum
667 1060 777 1116 tamen
798 1049 1003 1134 speetabant,
1031 1048 1095 1114 nisi
1117 1057 1156 1114 nt
1176 1070 1332 1133 pervorsa
1380 1047 1483 1115 heret.
1527 1048 1724 1132 Quanquam
1745 1057 1855 1117 autem
1875 1059 1988 1118 oooota
2008 1050 2072 1116 init
2088 1051 2261 1132 modestia,
2277 1076 2347 1138 quo·

359 1140 479 1208 fiduoia
495 1138 688 1222 praeeipites
705 1145 840 1221 agerent
856 1134 1014 1214 homines,
1033 1134 1087 1200 vel
1104 1133 1330 1219 desperatione
1380 1133 1469 1199 niem
1492 1154 1548 1200 eos
1569 1134 1713 1218 pudebat
1732 1133 1817 1201 bono
1838 1136 1968 1219 publioo
1984 1135 2122 1215 obstare,
2144 1137 2281 1206 dubium
2300 1151 2344 1208 ta·

359 1224 555 1294 obruerent?
584 1224 701 1306 Longe
727 1221 792 1288 alia
818 1219 1036 1306 prophetandi
1063 1221 1146 1286 ratio
1173 1221 1330 1288 divinitus
1379 1240 1456 1285 meu
1477 1240 1544 1285 non
1571 1232 1623 1287 est
1642 1220 1723 1304 quin
1743 1218 1836 1288 Deus
1864 1229 1990 1288 metum
2011 1221 2078 1288 illis
2103 1224 2292 1304 insonuerit,
2311 1235 2345 1294 ut

360 1312 558 1397 praesoripta
575 1309 646 1386 fuit,
667 1328 749 1391 quae
766 1306 807 1372 ad
825 1308 978 1390 pietatem
999 1307 1155 1373 formaret
1172 1307 1330 1386 homiues,
1380 1325 1446 1370 uno
1467 1305 1616 1372 omnium
1636 1325 1799 1374 eonsensu
1819 1305 1940 1391 Ioseph
1963 1309 2023 1373 toti
2051 1327 2154 1392 regno
2175 1320 2345 1394 praeesset

360 1395 670 1481 adresipisoentiam
685 1391 869 1474 addueeret,
885 1400 976 1458 metu
996 1392 1332 1476 peruulsosexoitaret
1380 1389 1569 1457 Notandum
1590 1391 1690 1458 etiam
1715 1399 1766 1457 est
1792 1392 1879 1475 quod
1900 1391 2047 1472 Pharao,
2069 1397 2223 1476 quamvis
2246 1417 2266 1461 a
2286 1399 2347 1464 suis

360 1484 403 1550 ad
435 1502 556 1567 preses.
600 1480 704 1546 Porro
735 1480 812 1562 quia
841 1478 1031 1544 vatioiuium
1065 1477 1126 1543 hoo
1159 1476 1266 1563 (onius
1293 1479 1331 1544 fit
1381 1476 1491 1542 ariolis
1512 1477 1692 1544 infatuatus
1713 1478 1956 1561 essetspiritus
1978 1487 2089 1546 tamen
2106 1480 2192 1546 dona
2211 1482 2347 1550 uelebrat

360 1568 494 1654 mentio)
517 1565 646 1632 nonnisi
668 1564 708 1632 ad
731 1564 942 1648 temporalem
963 1562 1105 1630 oadueae
1126 1564 1214 1629 vitae
1234 1585 1330 1632 usum
1380 1561 1416 1628 in
1437 1562 1572 1646 Ioseph:
1601 1583 1719 1646 nempe
1746 1564 1824 1664 quia
1853 1584 2023 1648 nunquam
2050 1565 2099 1631 sio
2123 1565 2273 1636 homines
2292 1568 2345 1634 ob-

360 1655 485 1722 editum
500 1661 579 1728 erat,
602 1671 669 1716 non
690 1649 777 1715 ultra
797 1648 1006 1734 progreditur
1022 1648 1153 1731 Ioseph,
1176 1670 1274 1732 quam
1293 1659 1335 1714 ub
1380 1648 1567 1714 brutesoera
1590 1648 1681 1716 Deus
1703 1656 1827 1732 patitur
1848 1651 1927 1732 quin
1951 1650 2107 1718 virtutem
2129 1670 2227 1720 suam
2247 1653 2280 1720 in
2300 1663 2344 1719 te·

361 1739 534 1808 admoneat
555 1739 590 1802 in
619 1756 716 1820 quem
742 1737 841 1802 finem
869 1735 1033 1802 obieotum
1060 1735 1090 1800 ei
1118 1734 1217 1800 fuerit
1244 1755 1331 1801 som·
1381 1733 1490 1799 nebris
1508 1733 1614 1800 adhue
1632 1735 1774 1818 palpent
1804 1734 2077 1819 Itaquantumvis
2094 1736 2201 1822 impia
2218 1738 2346 1806 deieatio

361 1826 470 1892 nium:
500 1843 538 1890 ao
564 1825 593 1888 si
621 1821 757 1886 diaeret:
786 1821 837 1888 Ne
859 1831 891 1886 te
920 1819 1128 1888 revelationis
1155 1822 1330 1904 poeniteat,
1381 1837 1437 1884 eos
1459 1819 1608 1902 abripiat,
1637 1830 1748 1886 manet
1767 1829 1879 1886 tamen
1900 1820 2049 1887 residuus
2071 1820 2205 1890 deitatis
2228 1846 2346 1892 sensus
2461 1821 2462 1834 *

360 1912 450 1978 huno
476 1910 546 1976 eius
578 1909 720 1974 frustum
752 1907 876 1990 aenipe,
909 1917 946 1971 ut
972 1906 1067 1990 regni
1095 1905 1143 1971 tui
1174 1907 1331 1990 penuriae
1379 1902 1518 1970 Interim
1541 1903 1638 1970 nimis
1659 1906 1777 1972 frivola
1797 1914 1848 1972 est
1869 1907 2001 1990 notitia,
2023 1927 2108 1991 quae
2128 1909 2277 1992 priorem
2296 1931 2349 1977 ve·

361 2017 540 2064 suoourras.
584 1992 779 2076 Quanquam
805 2013 870 2058 non
899 1991 1035 2058 dubium
1062 2001 1112 2058 est
1138 1993 1216 2074 quin
1238 1991 1331 2059 Deus
1380 1990 1506 2056 suniam
1524 2011 1590 2055 non
1607 1991 1757 2074 eorrigit:
1775 2011 1852 2056 narn
1864 1991 1974 2060 Deum
1990 2013 2088 2076 quem
2105 2014 2162 2062 ore
2176 1993 2348 2078 praedioat,

359 2083 507 2166 linguam
528 2080 601 2145 eius
621 2078 868 2163 gubernaverit,
901 2085 940 2143 ut
967 2077 1170 2161 provineiam
1193 2077 1280 2142 hene
1300 2077 1331 2142 ei
1380 2077 1573 2160 oontemnit:
1596 2097 1655 2143 neo
1675 2076 1854 2160 quidquam
1875 2077 2016 2160 oonoipit
2032 2087 2164 2162 praeter
2180 2081 2349 2146 oonfnsnm

359 2167 531 2236 mandarat
557 2165 699 2232 Pharao.
750 2163 824 2230 Non
856 2164 944 2230 enim
972 2172 1080 2228 astute
1108 2183 1144 2228 so
1175 2164 1330 2243 insinuat,
1381 2161 1489 2227 neseio
1511 2159 1599 2244 quod
1621 2181 1754 2228 numen.
1781 2161 1874 2230 Haeo
1891 2163 2099 2245 partionlalis
2116 2165 2238 2231 notitia
2259 2186 2349 2250 saepe

359 2276 421 2322 neo
443 2249 652 2319 revelationis
674 2249 756 2315 dono
778 2249 820 2314 ad
841 2249 1007 2332 privatum
1029 2258 1200 2333 quaestum
1223 2250 1330 2314 abuti·
1380 2245 1518 2312 irradiat
1533 2246 1687 2329 profanos
1703 2247 1862 2328 homines,
1879 2257 1917 2314 ut
1934 2257 2044 2314 tamem
2064 2271 2132 2318 non
2148 2251 2348 2335 resipisoant

359 2348 433 2406 tur:
456 2337 513 2404 sed
534 2335 592 2401 illo
613 2336 730 2414 insoio,
752 2334 838 2419 quod
861 2334 1021 2400 divinitus
1043 2334 1228 2400 ordinatum
1250 2342 1329 2414 erat,
1381 2331 1456 2413 Quo
1477 2353 1648 2398 monemur
1671 2333 1837 2416 quodlibet
1856 2354 1960 2400 unum
1983 2355 2026 2402 ex
2048 2337 2229 2420 prinoipiis,
2254 2337 2350 2404 donee

358 2427 396 2491 in
417 2444 514 2490 suum
535 2424 634 2488 hem
662 2419 865 2504 perduoitur,
895 2440 1014 2504 nempe
1035 2427 1072 2484 ut
1094 2419 1210 2486 domus
1231 2417 1330 2487 Iaoob
1381 2417 1485 2484 solida
1505 2426 1654 2503 emergat
1669 2419 1776 2501 pietas
1792 2429 1827 2484 et
1844 2420 1964 2504 vigeat,
1982 2422 2078 2503 parvi
2094 2441 2167 2490 esse
2184 2424 2349 2490 momenti

360 2509 510 2578 hmelioa
532 2507 705 2576 nutritium
727 2515 857 2589 praeter
878 2526 970 2590 spem
993 2505 1142 2590 reperiat.
1466 2503 1518 2568 40.
1555 2503 1606 2569 To
1626 2505 1691 2570 arie
1710 2525 1806 2586 stipor
1825 2505 1951 2572 domam
1971 2525 2082 2573 meam.
2126 2507 2205 2574 Non
2223 2517 2350 2574 tantum

445 2594 497 2660 35.
523 2593 588 2660 Sue
615 2611 715 2660 mauu
738 2589 927 2658 Pharaonis
973 2590 1060 2672 Quia
1081 2611 1134 2656 res
1155 2609 1331 2674 prosperae
1381 2588 1534 2674 Aegypto
1555 2591 1745 2671 praelioitur
1765 2590 1900 2674 Ioseph,
1923 2591 1981 2658 sed
2009 2599 2148 2660 ornatur
2178 2594 2285 2660 etiam
2304 2616 2350 2660 re-

358 2682 408 2747 ita
429 2681 593 2748 inebriant
613 2678 778 2757 homines,
800 2687 839 2746 ut
859 2676 920 2743 sibi
943 2678 1048 2742 maior
1067 2697 1144 2760 pars
1165 2676 1201 2741 in
1223 2687 1331 2760 poste-
1382 2675 1445 2760 giis
1473 2675 1676 2758 insignibus,
1705 2683 1742 2742 nt
1771 2684 1960 2744 reverenter
1986 2697 2062 2744 eum
2090 2698 2208 2746 omnes
2235 2680 2350 2758 oolant,

361 2787 436 2832 rum
468 2784 535 2831 non
567 2763 760 2847 prospiciat,
800 2761 857 2829 sed
890 2761 1141 2841 abundantiam,
1175 2781 1258 2846 quae
1290 2760 1331 2826 ad
1381 2771 1581 2845 pareantque
1602 2760 1748 2844 imperio.
1792 2761 1947 2828 Annulus
1974 2763 2174 2849 signatorius
2195 2765 2351 2832 inseritur

357 2872 496 2918 manum
528 2863 596 2924 est,
635 2870 696 2916 sua
727 2849 921 2932 intemperie
953 2846 1139 2914 absorbeat:
1178 2846 1332 2914 admonet
1383 2847 1419 2912 in
1452 2847 1524 2912 eins
1556 2844 1600 2911 di'
1613 2847 1697 2914 itum
1727 2847 1768 2914 ad
1801 2848 1976 2915 sanoisnda
2008 2847 2147 2916 deoretu.
2200 2850 2352 2935 Byssinis

357 2937 480 3022 Ioseph
507 2937 570 3002 hoe
597 2934 668 3019 regi
695 2933 878 3000 enrandnm
910 2954 999 3013 esse,
1031 2941 1070 3000 ut
1096 2939 1184 2998 terra
1213 2932 1333 2999 habeat
1382 2933 1529 3000 vestibus
1550 2868 1710 3010 induitur,
1731 2953 1814 3016 quae
1835 2941 1915 3001 tuno
1936 2935 1973 3000 in
1989 2933 2119 3016 delitiis,
2141 2957 2203 3004 neo
2226 2937 2352 3022 vulgari

360 3024 539 3110 repositam
561 3040 734 3090 annonam.
779 3016 874 3086 Adde
894 3018 981 3101 quod
1003 3017 1131 3104 vulgus,
1157 3039 1260 3102 quum
1280 3019 1333 3084 in·
1382 3017 1487 3168 pretio
1507 3025 1612 3084 erant.
1656 3018 1801 3084 Loestur
1820 3017 1857 3084 in
1878 3039 1987 3100 eurru,
2009 3020 2096 3103 quod
2118 3021 2267 3088 maxime
2288 3029 2353 3090 erat

359 3109 526 3193 telligeret
553 3126 620 3172 non
649 3104 773 3172 frustra
801 3104 911 3190 eolligi
941 3115 1065 3170 tantam
1092 3103 1250 3170 frumenti
1279 3124 1332 3171 oo·
1407 3104 1606 3170 onorifioum.
1661 3103 1729 3172 Sed
1761 3105 1945 3188 quaeritur,
1981 3127 2023 3172 an
2056 3117 2169 3174 saneto
2201 3109 2278 3174 viro
2308 3109 2354 3173 fas

361 3195 491 3280 piama
511 3213 600 3278 roge,
621 3191 678 3257 sed
700 3190 831 3259 insolito
848 3189 935 3256 malo
952 3189 1133 3258 remedium
1152 3191 1276 3274 quaeri,
1298 3210 1334 3256 se
1384 3188 1484 3254 fuerit
1499 3197 1653 3256 eunium
1670 3189 1842 3273 splendida
1855 3210 1974 3276 pompa
1984 3190 2124 3274 prodire
2147 3193 2354 3276 Respondoo,

359 3287 490 3364 quoque
511 3278 554 3344 ad
572 3276 792 3363 frugalitatem
818 3277 1007 3375 eomposnit.
1058 3275 1234 3342 Caeterum
1256 3275 1334 3358 quia
1383 3275 1514 3340 tametsi
1545 3275 1604 3340 vix
1631 3295 1775 3358 unquam
1804 3296 1825 3341 a
1851 3277 1932 3343 vitio
1963 3297 2066 3360 purae
2097 3278 2165 3344 sint
2197 3278 2353 3357 hutitiae,

361 3366 509 3432 luxuries
526 3383 656 3448 semper
672 3362 740 3429 fers
761 3363 795 3444 in
812 3382 905 3445 eopra
918 3369 1097 3461 grassatur,
1113 3361 1220 3428 etDei
1235 3361 1334 3428 bone-
1384 3358 1520 3444 ideoque
1536 3360 1661 3445 optima
1689 3361 1734 3428 sit
1757 3363 1791 3426 in
1813 3369 1952 3429 externo
1973 3362 2064 3428 uultu
2089 3363 2276 3448 frugalitas,
2293 3385 2355 3430 non
2463 3405 2464 3438 ;

362 3451 540 3518 diationem
561 3447 735 3534 dilapidat,
768 3467 989 3514 neeessariam
1018 3448 1079 3514 fuit
1098 3447 1227 3547 imperii
1249 3448 1333 3512 frae-
1384 3451 1494 3512 tamn
1505 3446 1681 3530 quemlibet
1691 3445 1899 3530 splendorem
1915 3449 1949 3513 in
1957 3448 2092 3532 regibus
2108 3449 2227 3516 etaliis
2243 3449 2356 3518 mnndi

362 3557 453 3604 num.
497 3535 590 3602 Haeo
615 3534 701 3600 ratio
722 3543 772 3600 est
800 3554 860 3600 our
888 3533 1006 3600 horrea
1026 3531 1087 3598 sub
1116 3554 1203 3617 regrs
1232 3553 1335 3599 manu
1385 3531 1590 3615 prinoipibus
1618 3530 1841 3599 damnandum
1870 3554 1954 3612 esee,
1977 3532 2072 3600 modo
2101 3555 2144 3600 ne
2173 3537 2228 3602 vel
2261 3536 2357 3602 nimis
2463 3555 2464 3558 ¹

360 3621 520 3690 oonstitui
548 3619 726 3704 praeeipiat
754 3618 882 3702 Ioseph,
904 3627 1001 3702 atque
1024 3618 1103 3686 illuo
1131 3619 1334 3684 frumentum
1384 3616 1502 3700 oupide
1529 3637 1605 3684 eum
1632 3627 1805 3701 appetant,
1826 3619 1880 3686 vel
1910 3620 2050 3702 superbe
2070 3628 2247 3688 ostentent
2294 3621 2354 3688 oo

363 3709 507 3793 nongeri.
555 3703 730 3772 Gonoludit
757 3705 891 3772 tandem
920 3704 1085 3771 somnium
1111 3703 1213 3772 fuisse
1243 3703 1333 3784 utile,
1384 3701 1480 3769 lenda
1501 3700 1633 3786 quidem
1651 3725 1779 3787 semper
1800 3714 1851 3771 est
1871 3705 2090 3772 mediooritus:
2109 3705 2169 3772 sed
2189 3708 2272 3792 quia
2292 3727 2354 3772 non

363 3793 514 3878 quamvis
535 3793 642 3874 primo
659 3791 781 3856 intuitu
803 3791 896 3857 triste
918 3799 952 3856 et
968 3791 1209 3873 inauspioatum
1232 3788 1338 3856 soret:
1384 3789 1448 3855 init
1467 3789 1502 3854 in
1525 3789 1660 3857 arbitrio
1688 3789 1808 3873 Ioseph
1837 3788 1969 3857 modum
1990 3792 2237 3874 praescribere,
2266 3803 2355 3858 aum·

363 3881 439 3964 quia
455 3877 567 3944 statim
587 3885 662 3960 post
678 3884 845 3943 ostensum
869 3876 1000 3956 vulnus,
1012 3877 1081 3942 eius
1098 3875 1235 3942 eurandi
1252 3877 1334 3942 ratio
1384 3875 1464 3942 ritas
1486 3895 1563 3940 vero
1592 3877 1684 3960 regia
1705 3874 1827 3960 absque
1849 3877 1971 3942 usitato
1992 3888 2109 3944 ornatu
2138 3879 2170 3944 ei
2199 3898 2355 3945 oonoessa

364 3965 466 4031 allata
487 3973 567 4028 erat.
1384 3981 1452 4026 non
1472 3961 1597 4038 fuisset,
1617 3960 1755 4026 liberum
1777 3963 1807 4030 ei
1829 3961 1893 4028 tuit
1914 3963 1989 4045 plus
2010 3965 2155 4046 aooipere
2176 3985 2281 4048 qnam
2302 3986 2355 4048 op-

449 4049 500 4115 38.
536 4049 608 4114 Non
643 4047 835 4113 inveniemus
874 4047 967 4114 telem
994 4047 1110 4114 virum
1168 4045 1329 4112 Videmus
1385 4045 1521 4112 tandum
1544 4053 1622 4112 erat.
1667 4047 1752 4114 Nam
1774 4048 1803 4114 si
1824 4048 1911 4130 optio
1929 4048 2025 4114 detur
2045 4050 2152 4116 servis
2174 4050 2250 4128 Dei,
2273 4051 2355 4116 nihil

361 4156 462 4220 qnam
483 4136 571 4200 bona
591 4135 635 4199 sit
650 4134 809 4218 magistra
826 4133 1014 4198 nenessitas.
1045 4131 1084 4199 Si
1101 4130 1234 4198 oreandi
1255 4139 1333 4198 sunt
1385 4133 1490 4197 tutius
1519 4141 1570 4198 est
1598 4151 1697 4216 quarn
1725 4132 1910 4200 rosoindere
1938 4133 2093 4217 quidquid
2128 4145 2290 4218 poterunt
2318 4156 2356 4200 ox

363 4221 528 4304 praedesti,
551 4219 604 4286 vel
624 4217 756 4298 iudioes,
772 4226 811 4284 ut
831 4219 970 4302 quisque
990 4217 1103 4284 favore
1124 4217 1333 4301 pollet,post·
1385 4217 1530 4284 lautitiis.
1574 4217 1640 4290 Ubi
1668 4227 1778 4285 autem
1806 4238 1938 4286 neeesse
1966 4230 2017 4285 est
2044 4241 2080 4286 se
2108 4221 2357 4288 aooommodure

363 4305 476 4374 habito
497 4305 635 4384 delentu,
658 4303 699 4369 ad
722 4303 880 4370 honorem
897 4304 1107 4388 provehitur,
1129 4301 1217 4368 unde
1239 4304 1277 4368 fit
1297 4311 1336 4370 nt
1385 4302 1426 4370 ad
1448 4303 1613 4387 publicum
1636 4323 1769 4384 morem,
1790 4305 1937 4372 oavenda
1956 4313 2008 4372 est
2028 4305 2094 4372 illis
2122 4309 2306 4373 ostentatio
2327 4315 2359 4373 et

364 4393 496 4477 saepius
513 4391 673 4474 obrepant
689 4390 746 4473 qni
762 4398 842 4455 sunt
858 4392 1001 4456 maxime
1018 4389 1155 4475 indigni.
1189 4390 1334 4455 Tametsi
1384 4389 1490 4456 omnis
1511 4390 1650 4456 vanitas.
1681 4388 1779 4470 Quod
1799 4389 1916 4468 attinet
1933 4391 1974 4456 ad
1997 4393 2105 4472 verba,
2123 4393 2181 4460 ubi
2199 4413 2262 4460 nos
2286 4414 2358 4458 ver·

364 4485 475 4544 autom
494 4475 619 4543 turbari
637 4474 785 4542 videmus
802 4475 970 4558 politioum
988 4475 1147 4554 ordinem,
1157 4475 1334 4559 multisque
1385 4475 1496 4552 timus,
1525 4473 1713 4542 muelobitar
1733 4481 1814 4542 totus
1829 4476 1967 4558 populeo
1987 4478 2031 4543 od
2051 4495 2086 4544 os
2110 4481 2208 4552 mm.
2231 4479 2292 4544 alii
2315 4478 2358 4544 le·

363 4562 578 4630 inoommodis
606 4561 732 4628 involvi
757 4560 928 4626 hominum
958 4582 1079 4645 genus,
1106 4561 1163 4644 qui
1190 4580 1210 4625 a
1238 4562 1335 4628 malis
1385 4581 1462 4646 gere
1489 4561 1632 4644 malunt,
1660 4559 1867 4627 Armabitur:
1895 4563 1951 4628 alii
1979 4561 2139 4629 oibabitnr
2166 4563 2208 4630 ad
2236 4573 2357 4630 nutum

364 4648 492 4715 artibus
520 4668 556 4715 se
583 4655 705 4713 temere
732 4647 888 4732 ingerunt
916 4646 958 4712 ad
986 4667 1039 4713 ros
1064 4647 1251 4732 ineognitas
1279 4647 1334 4731 qui
1385 4646 1438 4712 val
1460 4645 1653 4712 mandatum
1681 4654 1791 4712 tuum:
1820 4647 1877 4713 sed
1903 4648 1980 4731 quia
2007 4649 2140 4733 propria
2168 4649 2266 4716 verbi
2295 4663 2357 4738 put

363 4735 474 4800 minus
491 4734 560 4819 apti
582 4741 674 4801 sunt:
699 4732 833 4799 ambitio
854 4741 964 4798 tamen
986 4733 1168 4817 praevalet,
1190 4733 1334 4816 aequita-
1385 4732 1578 4817 significatio
1595 4741 1648 4798 est
1663 4731 1812 4810 oseulari,
1829 4752 1896 4799 non
1909 4733 2007 4800 video
2024 4754 2083 4819 our
2105 4735 2139 4802 in
2158 4733 2265 4802 alium
2284 4757 2360 4802 sen·

363 4830 495 4902 temque
523 4820 692 4886 subvertit.
742 4819 789 4886 At
817 4819 994 4886 neoessitae
1030 4839 1149 4886 sonum
1177 4818 1334 4885 iudioium
1385 4839 1456 4884 sum
1486 4827 1661 4901 torqueant
1688 4817 1891 4902 interpretes.
1936 4819 2051 4904 Neque
2079 4827 2192 4886 minen
2222 4821 2359 4888 solenne

363 4914 547 4990 extorquet
590 4903 683 4972 Nihil
712 4902 789 4970 dioit
809 4905 942 4971 Pharao
964 4902 1050 4988 quod
1079 4926 1146 4971 non
1170 4904 1215 4970 sit
1236 4911 1334 4971 natu·
1385 4902 1584 4970 adorationis
1613 4901 1797 4989 symbolum
1826 4903 1881 4976 hio
1908 4906 2015 4971 notari
2040 4915 2134 4988 puto,
2164 4905 2223 4972 sed
2251 4916 2360 4974 meta·

364 4991 479 5060 taliter
495 4991 643 5056 omnium
659 4989 809 5058 sordibus
828 4990 1038 5073 insoulptum,
1050 4991 1181 5057 nonnisi
1199 4989 1334 5070 idoneis,
1384 4989 1518 5073 phorioa
1544 4990 1652 5073 potius
1674 4989 1818 5072 loquutio
1839 5010 1910 5056 ossa
1932 4991 2078 5070 videtur,
2105 4990 2193 5074 quod
2215 4993 2360 5075 populus

365 5085 398 5142 et
420 5097 500 5160 quos
526 5077 618 5142 Deus
642 5076 834 5143 neeessariis
860 5075 990 5142 dotibus
1016 5075 1187 5157 instruxit,
1217 5075 1335 5142 debere
1385 5075 1487 5142 amieo
1507 5075 1656 5159 exeipiot,
1673 5083 1770 5158 atque
1791 5075 1981 5142 obedienter
2001 5075 2244 5161 amplexabitur
2262 5077 2360 5162 quid-

366 5160 505 5228 honores
525 5159 683 5227 mandari.
728 5159 795 5228 Sed
818 5162 1020 5244 experientia
1037 5163 1110 5246 plus
1129 5161 1209 5232 satis
1232 5161 1334 5241 dooet,
1385 5161 1463 5243 quid
1492 5160 1675 5244 profestum
1699 5162 1763 5226 erit
1790 5161 1832 5227 ab
1860 5182 1917 5228 ore
1938 5162 2073 5246 Ioseph:
2096 5183 2134 5230 ao
2164 5164 2192 5230 si
2218 5162 2361 5230 dixisset

366 5245 500 5314 effluere
528 5268 570 5313 ex
599 5245 756 5312 memoria
785 5247 871 5313 hane
897 5255 1034 5314 naturae
1059 5249 1180 5334 legem,
1208 5248 1334 5332 quoties
1385 5245 1531 5314 Pharao:
1546 5245 1715 5330 Quidquid
1728 5247 1870 5328 iusserit,
1881 5267 1947 5314 uno
1957 5247 2069 5333 populi
2079 5267 2249 5327 eonsensu,
2262 5250 2362 5334 quasi
