4988 6192
366 374 431 439 467
1029 371 1400 441 COMMENTARIUS
1423 375 1472 442 IN
1490 375 1702 443 GENESIN.
2295 365 2359 430 463

369 570 430 629 εει.
463 561 624 643 Quamvis
646 563 733 627 enim
756 563 909 646 permixti
926 575 1034 630 essent
1051 561 1249 640 idololatrae,
1272 561 1338 626 imo
1391 575 1439 631 est
1467 585 1524 649 pro
1552 565 1707 649 temporis
1735 563 1979 630 circumstantia
2004 561 2229 628 concionatum
2257 560 2360 624 luisse

369 669 453 713 uxor
480 647 681 713 idololatriae
712 649 870 733 magistra
898 648 933 714 in
964 649 1034 714 eius
1067 648 1141 712 sinu
1172 646 1338 727 dormiret,
1388 651 1485 718 Iacob
1508 651 1548 716 de
1569 651 1655 717 iusto
1673 650 1736 716 Dei
1757 647 1884 728 iudicio,
1907 657 1943 714 ut
1959 652 2082 713 metum
2099 646 2165 712 illis
2187 645 2359 711 incuteret.

369 742 464 818 grata
486 732 557 798 Deo
587 754 717 817 semper
746 734 877 800 luerunt
905 735 975 800 eius
1005 733 1171 800 sacrificia.
1225 732 1340 816 Neque
1390 736 1485 817 Quod
1518 737 1604 802 enim
1634 736 1723 802 iubet
1743 735 1829 816 ipsos
1850 734 2007 811 mandari,
2037 731 2173 815 perinde
2195 738 2247 796 est
2269 751 2307 796 ac
2330 731 2360 795 si

369 827 480 884 tamen
499 826 567 883 tam
586 818 726 903 benigna
739 820 802 902 Dei
825 820 963 886 facilitas
980 820 1014 884 iu
1034 819 1140 884 danda
1157 819 1263 896 venia,
1286 818 1339 884 vel
1390 823 1533 889 dixisset.
1587 822 1756 887 Hactenus
1781 815 1898 885 foedati
1927 819 2034 885 fuistis
2062 836 2172 884 coram
2201 815 2358 881 Domino:

369 904 498 986 culpam
521 907 625 971 sancti
648 906 709 970 viri
732 905 828 984 levat,
853 906 905 972 vel
923 906 1015 971 nobis
1033 903 1196 970 tarditatis
1216 905 1339 970 occasio
1390 931 1477 975 nunc
1504 930 1605 991 quum
1634 915 1701 972 tam
1736 905 1916 973 clementer
1942 925 2003 970 nos
2033 902 2230 986 respexerit,
2258 901 2359 966 eluite

369 1011 440 1056 esse
463 989 567 1055 debet.
607 991 681 1056 Etsi
703 991 789 1055 enim
812 992 1059 1074 superstitiones
1086 1011 1151 1055 non
1182 990 1339 1072 probabat
1389 994 1501 1060 sordes
1519 995 1606 1072 istas,
1629 1014 1671 1057 ne
1689 992 1804 1057 faciem
1822 993 1892 1058 eius
1910 1011 2023 1056 rursus
2045 1010 2064 1054 a
2084 989 2179 1053 nobis
2196 995 2358 1054 avertant

368 1075 475 1155 Iacob,
499 1097 556 1161 per
577 1077 685 1159 ipsum
706 1083 817 1142 tamen
846 1097 912 1143 uon
942 1078 1033 1142 stetit
1061 1075 1233 1159 quominus
1263 1096 1337 1142 sen·
1389 1079 1577 1145 Absurdum
1595 1087 1705 1143 tamen
1723 1077 1854 1143 videtur
1876 1075 1962 1160 quod
1979 1073 2078 1141 Iacob
2096 1073 2181 1139 idola
2198 1072 2361 1138 defoderit

368 1163 430 1229 sim
459 1162 634 1227 obruerent
662 1183 780 1244 purum
810 1163 872 1227 Dei
896 1162 1030 1228 cultum.
1083 1161 1169 1226 Nam
1199 1163 1239 1226 ab
1272 1181 1339 1226 una
1389 1167 1449 1232 sub
1471 1185 1600 1249 quercu,
1624 1185 1661 1229 ac
1679 1185 1744 1229 non
1766 1163 1874 1246 potius
1896 1161 2094 1241 contriverit,
2122 1181 2160 1226 ac
2181 1161 2259 1244 igne
2280 1180 2359 1224 con·

368 1245 513 1313 Rachela
536 1249 680 1330 prolecta
708 1248 893 1331 corruptela
919 1249 984 1313 iam
1014 1248 1107 1330 longe
1131 1247 1245 1331 vagari
1267 1269 1337 1314 eoe-
1388 1252 1580 1335 sumpserit:
1603 1248 1874 1333 quemadmodum
1897 1247 1936 1312 de
1956 1246 2068 1313 vitulis
2090 1245 2197 1312 aureis
2219 1245 2360 1328 legimus

367 1340 471 1417 perat.
517 1336 626 1416 Atque
647 1331 734 1397 idem
757 1333 873 1399 docent
894 1335 1038 1398 omnium
1062 1341 1206 1398 aetatum
1228 1354 1337 1398 exem·
1388 1337 1504 1403 fecisse
1521 1337 1647 1415 Mosen,
1669 1347 1702 1400 ει
1719 1335 1892 1400 Ezechiam
1917 1333 1955 1397 de
1973 1344 2124 1414 serpente
2142 1351 2242 1396 aeneo
2260 1329 2359 1416 (lixo.

391 1419 430 1483 la.
460 1419 528 1484 Vix
551 1421 638 1483 enim
661 1440 802 1502 unquam
825 1421 871 1485 sic
888 1417 1013 1484 obtinet
1025 1419 1088 1484 Dei
1109 1419 1231 1483 veritas
1253 1421 1338 1483 inter
1389 1423 1440 1500 32,
1463 1423 1514 1488 20.
1538 1423 1567 1487 2.
1591 1422 1672 1504 Bag.
1697 1421 1748 1498 18,
1770 1420 1814 1507 4).
1858 1418 1971 1502 Neque
2000 1417 2089 1482 enim
2117 1417 2241 1481 frustra
2271 1417 2360 1481 locus

366 1441 527 1582 bominac,
551 1506 759 1587 quantumvis
781 1514 914 1571 strenue
936 1506 971 1570 in
993 1525 1032 1569 ea
1054 1503 1227 1569 asserenda
1249 1504 1337 1569 labo·
1389 1509 1598 1591 exprimitur:
1621 1506 1678 1572 sed
1700 1505 1933 1591 perstringitur
1955 1503 2129 1569 infirmitas
2146 1502 2256 1581 Iacob,
2281 1502 2359 1584 quia

368 1599 443 1656 rent
470 1591 516 1673 pii
543 1589 705 1669 doctores,
743 1592 820 1674 quin
854 1590 975 1673 aliquid
1005 1589 1272 1674 superstitionum
1302 1591 1337 1653 in
1373 1596 1424 1659 in
1447 1593 1592 1658 futurum
1620 1598 1750 1675 tempus
1779 1613 1845 1657 non
1874 1590 1953 1656 satis
1982 1587 2137 1672 providus
2164 1589 2271 1652 brerit
2316 1588 2363 1652 Et

368 1676 462 1759 vulgi
483 1687 577 1758 parte
598 1676 747 1741 resideat.
797 1675 834 1740 Si
857 1677 979 1742 accedit
1000 1674 1223 1755 dissimulatio,
1246 1676 1337 1741 brevi
1388 1681 1472 1744 forte
1484 1680 1645 1745 Dominus
1657 1677 1792 1742 nimiam
1810 1675 1929 1761 prioris
1942 1675 2097 1757 temporis
2115 1674 2361 1740 conniventiam

369 1763 471 1846 serpit
498 1761 635 1840 malum,
664 1760 765 1826 donec
795 1769 901 1826 totum
930 1782 1047 1845 corpus
1073 1770 1218 1843 occupet.
1265 1761 1338 1825 I'ali
1388 1773 1421 1830 et
1437 1765 1606 1830 mollitiem
1618 1763 1706 1829 ultus
1723 1769 1782 1841 est,
1804 1761 1890 1846 quod
1901 1759 2074 1844 prudentia
2085 1758 2140 1824 vel
2157 1759 2266 1824 animo
2285 1780 2361 1824 cum

367 1848 511 1914 lomento
550 1847 690 1912 invaluit
726 1848 995 1930 superstitionum
1029 1847 1211 1930 congeries,
1255 1867 1337 1928 quae
1389 1850 1551 1916 destituit:
1575 1851 1644 1914 eius
1666 1859 1774 1914 tamen
1793 1846 1983 1923 obedientia,
2005 1846 2082 1912 licet
2098 1845 2220 1929 aliquid
2238 1844 2362 1910 habue-

363 1933 462 1998 hodie
525 1942 654 1998 assatur
676 1933 711 1996 in
729 1941 859 2016 papatu.
902 1931 1012 2012 Quare
1032 1933 1200 2016 principiis
1219 1933 1337 1998 aeriter
1389 1939 1432 2001 rit
1459 1935 1624 2002 residuum
1654 1935 1740 2013 vitii,
1771 1933 1843 1998 Deo
1874 1943 2005 2016 accepta
2031 1931 2109 1996 tuit:
2139 1932 2216 2015 quia
2238 1930 2363 1996 sciebat

364 1954 559 2084 obstanIbm
583 2028 641 2098 est,
664 2039 707 2083 ne
730 2039 809 2084 vera
836 2018 951 2102 religio
973 2026 1142 2100 pastorum
1165 2017 1287 2083 desidia
1304 2027 1337 2083 et
1387 2021 1449 2087 hoc
1470 2027 1581 2086 sancto
1603 2021 1673 2085 viro
1695 2042 1766 2086 esse
1787 2019 1997 2102 propositum,
2019 2017 2107 2082 idola
2128 2038 2147 2081 ε
2168 2015 2277 2081 medio
2299 2016 2361 2080 tol·

365 2105 496 2170 silentio
517 2124 648 2188 pessum
671 2111 732 2168 eat.
1389 2109 1464 2187 lere,
1487 2115 1520 2172 ει
1541 2108 1575 2170 iu
1599 2106 1729 2190 signum
1753 2104 1977 2170 detestationis
1999 2111 2088 2168 terra
2109 2101 2257 2167 obruere.
2302 2100 2362 2165 In·

451 2189 496 2254 Et
516 2190 661 2255 mandute
681 2209 748 2265 coo,
776 2194 805 2254 et
831 2193 944 2253 mutate
965 2188 1160 2266 ,restaurata
1204 2189 1336 2254 Exhcr·
1389 2213 1484 2258 aures
1513 2192 1646 2256 minime
1675 2191 1812 2257 dubium
1841 2197 1892 2256 est
1918 2189 2018 2255 fuisse
2041 2189 2283 2272 superstitionis
2313 2189 2363 2251 in-

365 2275 448 2340 tatio
485 2285 534 2340 cst
569 2275 608 2339 ad
638 2285 808 2339 externam
842 2275 1076 2358 professionem
1109 2274 1336 2357 poenitentiae.
1389 2279 1509 2362 signia:
1532 2277 1626 2344 sicuti
1647 2276 1744 2342 hodie
1765 2276 1799 2340 in
1823 2283 1946 2361 papatu
1968 2283 2146 2339 cernuntur
2167 2274 2365 2340 innumerae

365 2361 453 2426 Vult
474 2361 562 2426 enim
584 2360 680 2425 laceb
703 2370 740 2424 ut
760 2359 944 2438 domestici,
967 2361 1021 2442 qui
1045 2360 1135 2443 prius
1158 2381 1192 2426 se
1214 2360 1337 2443 pollue·
1389 2385 1506 2449 nugae,
1529 2364 1646 2446 quibus
1668 2363 1820 2446 impietas
1842 2384 1876 2426 se
1898 2369 2050 2426 ostentat.

366 2454 453 2522 rant,
476 2447 609 2511 mutatis
639 2446 784 2511 vestibus
806 2466 924 2510 novam
950 2445 1144 2511 munditiem
1166 2454 1337 2511 testentur.
1475 2449 1505 2515 5.
1525 2449 1568 2514 Et
1584 2449 1764 2531 fait-terror
1781 2448 1844 2513 Dei
1861 2467 1956 2529 saper
1976 2445 2091 2511 urban.
2121 2445 2220 2511 Nune
2236 2467 2272 2510 re
2290 2446 2364 2528 ipsa

366 2531 493 2598 Eodem
516 2534 614 2596 etiam
642 2531 776 2596 consilio
795 2540 827 2596 et
850 2533 924 2610 line,
952 2540 1026 2614 post
1048 2533 1202 2596 conflatos
1223 2552 1337 2598 aureos
1390 2542 1527 2619 apparet
1543 2555 1610 2598 non
1628 2534 1752 2599 frustra
1769 2533 1961 2616 promissam
1981 2531 2083 2596 aDeo
2104 2531 2242 2596 salutern
2264 2533 2366 2596 fuisse

367 2617 490 2684 vitulos
518 2618 625 2682 iussus
654 2627 703 2681 est
732 2617 867 2682 aMose
894 2617 1034 2700 populus
1061 2626 1215 2682 ornatum
1243 2639 1337 2684 suum
1390 2621 1606 2699 sanctovito,
1635 2618 1764 2703 quando
1792 2619 1879 2684 inter
1907 2627 1954 2682 tot
1982 2617 2117 2682 hostiles
2146 2616 2272 2700 gladios
2295 2639 2365 2682 non

369 2724 490 2769 exuero
512 2701 629 2789 (Exod.
653 2703 704 2780 33,
728 2701 770 2852 b}
816 2703 857 2767 In
888 2723 925 2767 eo
954 2709 1084 2767 tantum
1107 2702 1236 2768 diversa
1256 2705 1338 2768 ratio
1390 2705 1485 2772 modo
1508 2713 1607 2784 tutus,
1631 2704 1687 2772 sed
1710 2707 1806 2770 etiam
1825 2704 1959 2787 quietus
1980 2701 2110 2768 incedit.
2145 2701 2284 2769 Excidio
2308 2703 2366 2768 Si·
2429 2707 2434 2718 '

368 2790 444 2869 luit;
466 2787 552 2871 quod
575 2787 712 2872 populus
757 2787 879 2870 eposito
902 2795 1034 2864 ornatu,
1053 2789 1190 2873 supplex
1211 2797 1337 2854 reatum
1390 2792 1605 2857 ohemitarum
1629 2811 1740 2856 omnes
1769 2789 1867 2855 vicini
1889 2787 2000 2873 populi
2028 2786 2195 2853 inedium
2218 2786 2367 2854 familiae

369 2896 466 2942 suum
494 2874 626 2960 lugubri
656 2883 688 2939 et
716 2873 845 2939 sordido
874 2873 985 2938 habitu
1013 2873 1180 2939 confessus
1208 2882 1275 2939 est:
1304 2874 1337 2940 iu
1391 2879 1489 2943 unius
1515 2883 1720 2942 exarserant:
1756 2874 1866 2941 nullus
1902 2883 2013 2940 tamen
2047 2895 2081 2938 se
2111 2873 2151 2939 ad
2179 2872 2366 2940 vindictam

370 2962 465 3026 domo
483 2968 593 3025 autem
611 2959 709 3026 Iacob
727 2969 871 3024 mutatae
894 2966 972 3024 sunt
990 2968 1106 3038 vestes,
1128 2968 1165 3024 ut
1186 2961 1240 3043 qui
1263 2981 1339 3026 con·
1391 2970 1582 3030 commovet.
1631 2962 1728 3027 Ratio
1759 2961 1933 3045 exponitur
1961 2979 1982 3024 a
2006 2959 2113 3044 Mese,
2141 2957 2227 3042 quod
2256 2969 2367 3028 terror

368 3046 520 3111 taminati
531 3046 671 3123 fuerant,
694 3044 786 3126 quasi
805 3045 881 3110 novi
903 3045 1053 3110 homines
1069 3045 1245 3128 prodirent,
1264 3046 1340 3111 finis
1392 3050 1455 3114 Dei
1477 3046 1631 3114 ceciderit
1652 3068 1749 3130 super
1771 3066 1842 3126 eos,
1871 3047 1924 3129 qui
1952 3048 2181 3128 comprimeret
2201 3045 2368 3114 violentos

370 3141 480 3196 tamen
499 3128 550 3215 (ut
568 3130 649 3217 dixi)
671 3131 734 3195 fuit
750 3129 847 3210 idem,
869 3139 906 3195 ιιι
923 3130 985 3196 hoc
997 3139 1133 3196 externo
1152 3132 1217 3196 ritu
1237 3131 1339 3198 disce·
1392 3135 1522 3200 illorum
1544 3134 1693 3216 impetus.
1736 3133 1826 3199 Hinc
1844 3128 2006 3196 discamus
2027 3131 2062 3195 in
2085 3152 2186 3196 manu
2203 3132 2269 3197 Dei
2291 3154 2367 3199 esse

371 3230 447 3282 rent
466 3216 657 3282 idololatrae
686 3225 808 3300 quanta
837 3224 922 3282 esset
944 3215 1076 3281 sceleris
1105 3217 1156 3282 sui
1178 3218 1339 3284 atrocitas.
1392 3220 1562 3286 hominum
1585 3218 1691 3298 corda,
1713 3226 1752 3282 ut
1774 3215 1964 3282 fortitudine
1985 3215 2130 3282 instruat
2150 3237 2232 3301 quac
2251 3239 2313 3300 per
2332 3241 2368 3284 se

371 3303 445 3368 Etsi
457 3309 565 3366 autam
586 3302 689 3366 virtus
701 3301 838 3366 interior
860 3309 910 3367 est
921 3301 1154 3384 resipiscentia,
1172 3323 1210 3368 ao
1228 3302 1339 3370 sedem
1393 3304 1511 3371 debilia
1534 3316 1625 3370 sunt:
1648 3313 1680 3368 ct
1702 3323 1830 3382 rursus,
1853 3303 1978 3385 quoties
2000 3302 2108 3366 visum
2133 3311 2194 3381 est,
2216 3303 2371 3369 emolliat

370 3389 407 3453 in
429 3387 641 3467 cordchabet‚
670 3387 873 3453 caeremonia
896 3395 1003 3452 tamen
1027 3387 1108 3454 baec
1129 3389 1263 3454 minime
1286 3410 1340 3454 su·
1394 3392 1533 3457 terream
1557 3389 1720 3454 duritiem.
1764 3389 1893 3454 Patitur
1913 3385 2042 3471 quidem
2060 3386 2226 3454 interdum
2243 3391 2370 3456 multos

370 3492 536 3558 pervacua
553 3473 628 3538 tuit:
651 3473 771 3538 scimus
792 3473 881 3539 enim
903 3493 1000 3556 quam
1016 3472 1134 3557 frigida
1151 3473 1213 3540 sibi
1231 3473 1342 3558 displl·
1395 3497 1545 3542 evomere
1563 3474 1734 3558 superbiae
1753 3495 1831 3540 suae
1842 3493 1984 3556 spumas,
2004 3473 2123 3556 quibus
2140 3471 2370 3541 deindesuum

372 3568 467 3627 ceant
487 3558 636 3624 homines
657 3559 691 3623 in
712 3559 862 3641 peccatis,
885 3559 949 3624 nisi
969 3557 1081 3624 multis
1098 3559 1242 3624 stimulis
1258 3582 1341 3644 pun·
1394 3561 1592 3648 praesidium
1620 3559 1767 3646 opponit:
1795 3559 1852 3625 sed
1881 3568 1971 3624 metu
1993 3579 2090 3642 saepe
2119 3559 2288 3625 effeminat
2311 3561 2372 3644 qdi

374 3652 502 3732 gantur.
554 3644 682 3711 Deinde
709 3644 772 3710 hoo
794 3664 921 3727 quoque
950 3644 1088 3710 interest
1116 3644 1239 3729 gloriae
1267 3645 1341 3722 Dei,
1394 3649 1499 3714 instar
1520 3647 1651 3713 leonum
1674 3646 1810 3710 animosi
1833 3653 1943 3710 erant:
1976 3645 2021 3708 sie
2044 3643 2193 3710 videmus
2214 3646 2375 3730 gigantes

373 3738 412 3797 ιιι
433 3738 561 3795 reatum
582 3752 679 3795 suum
701 3729 849 3794 homines
871 3752 938 3795 non
960 3729 1055 3795 modo
1072 3730 1163 3795 intus
1181 3739 1343 3814 reputent,
1395 3737 1474 3800 istos
1492 3734 1547 3816 qui
1565 3732 1687 3798 centies
1705 3751 1820 3796 vorare
1837 3737 1987 3814 poterant
1998 3741 2146 3797 sanctum
2165 3730 2272 3811 Iacob,
2290 3733 2372 3798 sub-

375 3817 431 3882 sed
461 3815 569 3899 palam
598 3817 695 3881 etiem
726 3816 822 3880 simul
851 3823 1022 3881 testentur.
1082 3814 1219 3882 Summa
1245 3818 1345 3902 igitur
1395 3822 1442 3885 ita
1463 3817 1636 3883 formidine
1657 3816 1799 3899 percelli,
1822 3827 1860 3882 ut
1881 3816 2070 3900 liquescant.
2122 3814 2265 3881 Proinde
2287 3839 2375 3900 quo-

374 3903 457 3968 haec
478 3910 536 3980 est,
559 3922 744 3985 quanquam
768 3900 857 3966 Deus
886 3900 968 3966 nihil
991 3901 1110 3967 diserte
1132 3901 1346 3968 mandaverat
1396 3908 1456 3970 ties
1484 3905 1592 3968 furere
1622 3903 1738 3986 impios
1767 3901 1914 3967 videmus
1941 3903 1975 3966 in
2003 3912 2149 3967 nostram
2178 3902 2375 3985 perniciem,

378 3988 418 4052 de
436 3987 606 4071 purganda
624 3986 729 4060 domo,
752 3987 829 4068 quia
845 3994 957 4050 tamen
975 3987 1078 4052 altare
1099 3987 1239 4054 iusserat
1262 3987 1345 4071 erigi
1397 4012 1438 4056 ne
1456 3996 1545 4054 metu
1563 3986 1744 4064 concidant,
1764 3995 1796 4051 ει
1814 3987 2040 4070 desperatione
2057 3987 2253 4071 frangantur
2269 3989 2377 4055 corda

378 4074 476 4139 Iacob
498 4081 535 4137 ut
556 4094 677 4155 purum
696 4073 767 4136 Deo
784 4072 975 4155 obsequium
993 4081 1184 4155 praestaret,
1203 4073 1347 4139 tollenda
1396 4083 1517 4153 nostra,
1548 4074 1659 4138 veniat
1688 4073 1781 4138 nobis
1809 4074 1844 4136 in
1873 4073 2065 4139 memoriam
2086 4071 2140 4138 hic
2162 4070 2227 4137 Dei
2250 4081 2376 4156 terror,

377 4157 611 4242 impedimenta
632 4179 778 4224 curasse:
801 4168 898 4240 atque
920 4158 981 4224 hoc
999 4157 1129 4238 fecisse,
1152 4179 1251 4242 quum
1274 4159 1347 4243 ipsa
1398 4182 1460 4246 quo
1482 4159 1576 4226 facile
1599 4158 1749 4225 domatur
1764 4159 1976 4242 quantumvis
1994 4159 2116 4224 furiosa
2132 4159 2233 4224 totius
2254 4161 2378 4226 mundi

378 4245 554 4310 necessitas
582 4245 624 4308 ad
653 4242 874 4326 quaerendum
902 4243 967 4308 Dei
1000 4243 1159 4310 auxilium
1187 4265 1261 4310 eum
1294 4266 1346 4312 co·
1399 4246 1543 4313 andacia.
1609 4288 1612 4294 -

377 4339 478 4416 geret.
1485 4332 1513 4397 7.
1536 4330 1582 4397 Et
1601 4329 1775 4412 aedificavit
1794 4328 1840 4394 ibi
1861 4329 1970 4416 altpre.
2000 4327 2071 4394 Iam
2094 4327 2216 4394 dictum
2239 4340 2289 4396 est
2312 4354 2381 4398 our

465 4415 496 4480 4.
519 4414 563 4479 Et
583 4414 733 4479 dederunt
758 4414 822 4496 ipsi
851 4413 994 4482 Iobocob.
1047 4413 1241 4498 Quanquam
1267 4417 1347 4481 satis
1399 4418 1578 4501 oportuerit
1607 4424 1736 4482 sanctos
1757 4423 1868 4499 patres
1897 4435 2088 4498 quocunque
2110 4418 2270 4495 venirent,
2295 4437 2379 4500 pro·

380 4502 577 4586 morigeram
633 4499 764 4564 domum
808 4499 925 4564 habuit
971 4509 1102 4566 sanctus
1146 4501 1214 4577 vir,
1262 4501 1348 4585 quod
1400 4504 1507 4587 prium
1530 4522 1568 4567 ao
1589 4502 1777 4568 distinctum
1801 4522 1821 4565 a
1848 4499 1981 4583 reliquis
2004 4501 2157 4585 gentibus
2179 4500 2299 4567 babere
2325 4505 2380 4568 al·

378 4597 490 4653 tamen
513 4588 548 4650 in
570 4584 760 4650 abiiciendis
781 4585 875 4650 idolis
902 4587 970 4651 eius
999 4586 1135 4670 imperio
1166 4598 1233 4651 tam
1256 4587 1348 4654 facile
1399 4599 1483 4654 tare:
1508 4609 1582 4653 nem
1608 4594 1680 4652 eut
1696 4595 1849 4652 testatum
1868 4585 2013 4652 lacerent
2030 4607 2065 4651 se
2087 4607 2154 4651 non
2172 4587 2275 4654 colere
2294 4609 2382 4672 pro-

381 4694 494 4740 omnes
515 4671 750 4754 obtemperant,
778 4671 912 4753 periculi
935 4682 1025 4737 metu
1046 4674 1168 4738 iactum
1190 4693 1261 4738 esse
1283 4693 1348 4738 non
1399 4675 1540 4740 miscuas
1594 4693 1665 4752 eos,
1703 4673 1820 4756 quibus
1853 4679 1931 4738 tunc
1963 4672 2084 4754 passim
2117 4670 2266 4738 addictus
2299 4687 2383 4740 erat

381 4759 503 4824 dubito.
524 4757 622 4824 Unde
645 4757 741 4822 etiam
763 4756 944 4841 colligimus
962 4766 1160 4841 quantopere
1179 4758 1270 4823 nobis
1293 4780 1348 4823 ex·
1399 4759 1551 4837 muudus,
1574 4759 1631 4824 sed
1653 4759 1714 4824 sibi
1737 4757 1933 4840 peculiarem
1957 4778 2026 4824 esse
2048 4757 2156 4822 deum.
2199 4757 2284 4823 Nam
2308 4765 2383 4826 etsi

380 4844 493 4930 pediat
523 4843 617 4908 malis
645 4844 866 4926 expergefieri.
916 4843 1046 4909 Scimus
1072 4865 1169 4927 quam
1196 4843 1349 4928 pertinax
1400 4847 1508 4912 animo
1535 4844 1653 4910 colitur
1676 4845 1783 4922 Deus,
1806 4843 1963 4910 confessio
1986 4854 2098 4908 tamen
2116 4852 2269 4924 externa,
2293 4845 2382 4911 fidei

381 4932 426 4998 sit
454 4950 492 4995 ac
519 4928 649 4994 rebellis
679 4930 875 5011 superstitio.
931 4927 968 4994 Si
998 4931 1033 4994 in
1057 4938 1144 4994 statu
1173 4939 1287 5012 pacato
1316 4939 1350 4994 et
1400 4952 1508 4997 eomes
1528 4930 1700 4995 individua
1722 4937 1786 5008 est,
1812 4929 1928 4994 deinde
1951 4937 2153 5012 quantopere
2176 4930 2266 4995 nobis
2288 4933 2384 4998 utile

379 5018 467 5082 laeto
490 5016 555 5080 tale
577 5013 697 5097 aliquid
719 5014 868 5080 iussisset
888 5015 995 5094 Iacob,
1018 5015 1121 5080 maior
1143 5035 1218 5097 pars
1240 5014 1350 5082 dolose
1400 5020 1443 5082 sit
1472 5015 1676 5082 adminiculis
1703 5014 1833 5080 incitari
1862 5015 1904 5079 ad
1934 5015 1996 5080 Dei
2027 5015 2162 5094 cultum,
2196 5035 2291 5081 nemo
2324 5033 2384 5082 est

379 5102 573 5169 occultasset
596 5121 654 5164 sua
674 5099 774 5164 idola:
803 5101 933 5183 quidam
960 5101 1057 5166 etiam
1080 5102 1163 5165 forte
1185 5111 1352 5168 contuma-
1401 5105 1543 5188 quinon
1566 5109 1746 5185 eognoscat.
1790 5099 1828 5166 Si
1850 5103 1923 5184 quis
1940 5101 2077 5178 obiiciat,
2100 5101 2185 5166 nihil
2207 5102 2241 5166 in
2262 5107 2386 5184 specie

381 5188 463 5254 citer
490 5196 679 5271 negassent:
712 5207 801 5250 nunc
827 5187 913 5269 ipsos
941 5195 1038 5269 urget
1066 5187 1128 5253 Dei
1156 5207 1281 5267 manus,
1314 5199 1350 5253 nt
1401 5189 1566 5254 diversum
1585 5187 1789 5271 apparuisse:
1812 5185 2000 5270 respondeo,
2017 5186 2079 5253 hoc
2097 5187 2198 5252 luisse
2214 5208 2275 5252 non
2294 5210 2384 5272 par-

376 5272 539 5358 promptis
559 5271 676 5336 animis
698 5271 847 5337 celeriter
869 5272 1067 5356 resipiscant.
1119 5272 1165 5337 Et
1186 5272 1350 5355 probabile
1401 5295 1479 5340 vum
1503 5274 1692 5353 discrimen,
1720 5270 1805 5356 quod
1833 5294 1934 5357 quum
1963 5273 2017 5337 alii
2039 5271 2101 5338 diis
2123 5273 2300 5358 incognitis
2329 5285 2383 5340 ιε-
