5000 6208
398 473 461 538 ιιι
610 557 614 568 ,
1058 468 1429 538 ιοιιιιιιιιιιιι
1451 471 1500 538 ιι
1522 469 1736 538 ιιιιιιιι.
1776 533 1779 540 ,
2017 474 2023 494 ·
2332 471 2383 538 ιιι

398 680 529 728 oausam
548 659 663 726 sentio.
699 658 820 738 Primo,
836 658 985 742 quamvis
997 657 1052 722 illi
1074 657 1216 740 undique
1238 658 1372 741 plausus
1423 666 1514 723 metu
1540 655 1665 724 liberat.
1707 659 1873 725 Hortatur
1896 660 1988 726 Deus
2010 657 2133 724 Abram
2156 666 2193 724 ut
2221 659 2384 742 tranquillo

398 746 570 824 darentur,
599 766 664 810 non
688 744 821 810 dubium
845 751 894 810 est
921 743 999 826 quin
1025 743 1134 808 variae
1163 744 1373 823 cogitationes
1424 743 1467 809 sit
1488 743 1612 808 animo:
1641 742 1699 810 sed
1720 744 1777 810 ubi
1798 744 1937 811 fundata
1964 753 2014 812 est
2035 745 2110 810 talis
2131 746 2304 822 ιιιιιιιιιιι,
2332 746 2384 812 nisi

397 832 432 897 in
453 833 523 896 eius
545 830 692 896 animum
720 828 890 895 subierint.
936 828 1082 894 Tametsi
1103 828 1226 913 praelio
1256 828 1373 895 devicti
1425 826 1501 894 dum
1525 829 1589 894 fide
1611 827 1887 913 apprehendimus
1909 851 1968 896 nos
1987 851 2086 898 curae
2109 851 2179 896 esse
2200 830 2281 909 Deo,
2303 833 2383 898 acin

397 917 527 983 fuerant
549 914 798 995 Oedorlaomer,
828 922 862 980 ιι
894 913 967 980 eius
989 914 1077 992 socii,
1100 935 1155 980 eos
1173 925 1283 980 tamen
1302 936 1374 998 pro·
1425 914 1496 980 eius
1539 914 1778 997 providentiam
1822 913 2063 982 recumbimus?
2102 915 2250 982 Priorem
2294 917 2384 999 igitur

396 1010 571 1069 vocaverat
592 1001 734 1078 Abram,
759 1007 803 1066 »ιιι
831 1011 966 1083 possent
993 999 1137 1066 collectis
1158 1000 1251 1067 novis
1273 1001 1375 1084 copiis
1424 999 1532 1066 locum
1570 1010 1661 1066 tenet
1701 1000 1887 1084 promissio,
1930 1000 2015 1085 quod
2053 998 2146 1068 Deus
2183 1003 2226 1068 sit
2264 1001 2384 1086 clypeus

396 1097 431 1154 et
458 1085 588 1154 reiectis
617 1086 742 1152 viribus
764 1107 879 1152 rursus
901 1094 1024 1151 terram
1047 1083 1207 1152 (ibanaan
1229 1083 1373 1170 aggredi.
1425 1085 1544 1160 Abrae,
1563 1096 1598 1150 et
1614 1087 1695 1151 satis
1715 1086 1823 1171 ampla
1840 1107 1980 1154 merces:
2004 1087 2057 1154 oui
2074 1107 2204 1153 annexa
2221 1097 2278 1162 est,
2303 1088 2384 1170 qnasi

395 1174 466 1240 Neo
498 1174 568 1240 eius
600 1170 738 1255 periculi
770 1180 860 1237 metu
899 1172 1060 1238 vacabant
1099 1181 1206 1236 terrae
1238 1170 1373 1238 incolae.
1425 1170 1605 1254 appendix,
1634 1170 1834 1252 exhortatio,
1864 1194 1907 1238 ne
1928 1181 2072 1250 metuat,
2100 1171 2158 1238 tali
2180 1173 2297 1239 salutis
2319 1193 2384 1238 suae

396 1257 542 1336 Deinde,
564 1265 602 1324 ut
626 1277 700 1322 rara
722 1256 858 1324 felicitas
882 1257 1032 1324 comitem
1053 1257 1122 1323 lere
1143 1255 1300 1330 invidiam
1322 1277 1374 1322 se-
1425 1255 1625 1339 praesideat
1647 1256 1811 1324 felicitatis
1832 1271 1945 1324 autore
1966 1259 2077 1324 fretus.
2113 1257 2193 1324 Ideo
2211 1278 2275 1342 qno
2292 1260 2385 1342 magis

396 1365 473 1412 cnm
505 1342 625 1422 trahit,
655 1342 768 1409 multis
801 1342 942 1409 sinistris
974 1341 1180 1408 sermonibus
1212 1341 1375 1408 obnoxius
1425 1343 1617 1425 perspicuus
1638 1343 1683 1407 sit
1710 1342 1883 1409 verborum
1911 1365 2027 1411 sensus
2054 1341 2228 1409 inserenda
2249 1353 2300 1410 est
2320 1363 2384 1410 cao·

396 1451 468 1498 csse
490 1429 596 1512 coepit
617 1425 759 1508 Abram,
786 1437 958 1512 postquam
980 1449 1054 1493 oum
1077 1428 1200 1494 victore
1228 1428 1374 1494 exercitu
1425 1426 1501 1493 salis
1523 1433 1613 1492 nota:
1636 1427 1687 1493 Ne
1709 1431 1824 1495 timeas
1842 1430 1976 1506 Abram,
1998 1430 2075 1513 quia
2094 1451 2154 1514 ego
2174 1449 2246 1495 sum
2264 1429 2384 1513 clypeus

396 1523 538 1600 quatuor
569 1535 685 1600 regum
724 1513 898 1598 confligere
931 1534 1030 1579 ansus
1061 1515 1175 1579 brerat.
1232 1512 1374 1580 Sinistra
1425 1522 1511 1578 tuus.
1548 1513 1652 1578 Porro
1673 1514 1779 1599 clypei
1801 1517 1932 1580 nomine
1954 1516 2116 1600 signifieat
2140 1525 2246 1580 tutum
2268 1537 2384 1598 semper

397 1603 496 1668 etiam
517 1601 658 1684 suspicio
679 1599 758 1664 oriri
781 1600 903 1682 potuit,
925 1599 996 1665 iore
1018 1619 1096 1664 mox
1117 1607 1156 1663 ιιι
1179 1599 1266 1664 vires
1288 1618 1373 1676 suas,
1425 1601 1492 1664 t'ore
1513 1619 1572 1664 suo
1595 1599 1755 1681 praesidio
1773 1601 1907 1666 Abram.
1954 1601 2139 1666 Mercedem
2160 1622 2195 1666 se
2217 1601 2382 1684 appellans,

397 1707 480 1770 quas
496 1693 651 1768 expertus
668 1695 740 1751 erat
756 1693 871 1751 contra
888 1691 1062 1751 extraneos
1079 1705 1181 1768 reges,
1200 1684 1235 1749 in
1250 1685 1373 1750 vicinos
1425 1705 1462 1750 ee
1483 1705 1585 1748 unum
1607 1683 1657 1749 illi
1679 1685 1796 1751 debere
1822 1687 1972 1753 sufficere
2002 1685 2164 1752 admonet.
2210 1685 2316 1752 Sicuti
2335 1707 2383 1750 au·

398 1783 432 1839 et
453 1772 598 1856 hospites
620 1791 696 1836 suos
718 1777 933 1836 converteret.
973 1769 1065 1854 urge
1087 1770 1172 1846 sicut
1191 1769 1307 1836 honori
1324 1769 1374 1834 illi
1426 1777 1492 1834 tem
1513 1769 1601 1834 illius
1622 1783 1772 1852 respectu
1797 1773 1960 1855 generalis
1980 1772 2044 1837 fuit
2065 1771 2146 1838 haec
2173 1769 2334 1850 doctrina,
2354 1779 2384 1836 ut

398 1857 461 1926 init
482 1858 627 1935 victoria,
651 1856 698 1922 ita
719 1877 783 1921 non
807 1856 940 1921 dubium
964 1863 1015 1922 est
1036 1855 1113 1938 quin
1136 1853 1373 1924 formidabilem
1426 1855 1525 1921 sciret
1556 1855 1726 1921 victoriam
1761 1876 1826 1921 non
1859 1878 2039 1934 summum,
2074 1878 2178 1940 neque
2210 1866 2383 1923 extremum

399 1951 432 2008 et
452 1951 638 2026 suspectum
660 1942 774 2007 multis
803 1939 993 2022 reddiderit,
1018 1951 1052 2006 et
1079 1941 1269 2007 conflaverit
1289 1940 1371 2005 mul·
1427 1940 1583 2006 bonorum
1606 1961 1692 2018 esse,
1722 1941 1838 2024 quibus
1866 1943 1973 2025 ipsum
2002 1943 2152 2026 prosequi
2173 1943 2267 2009 Dens
2291 1953 2383 2008 statu·

398 2037 508 2096 torum
530 2027 618 2094 odia:
648 2049 749 2110 quum
772 2026 833 2093 sibi
855 2025 991 2110 quisque
1011 2047 1054 2091 ex
1075 2026 1164 2092 illius
1184 2024 1375 2090 fortitudine
1427 2036 1510 2091 erat:
1545 2027 1590 2090 sic
1629 2026 1716 2091 idem
1748 2026 1842 2092 nobis
1879 2029 2028 2094 omnibus
2056 2029 2091 2093 in
2126 2031 2222 2094 unius
2253 2027 2383 2093 hominis

398 2123 432 2181 ιι
460 2114 546 2181 felici
575 2134 724 2180 successu
752 2111 932 2197 periculum
962 2114 1110 2196 fingeret.
1155 2111 1248 2178 Nihil
1274 2111 1375 2196 igitur
1425 2131 1565 2194 persona
1589 2111 1731 2178 sciamus
1758 2113 1913 2196 promitti.
1956 2113 2042 2180 Nam
2064 2113 2126 2178 hac
2146 2134 2225 2180 voce
2251 2113 2383 2197 quotidie

396 2201 518 2266 mirum
535 2201 563 2266 ιι
581 2207 759 2265 commotus
776 2198 884 2274 fuerit,
909 2197 1052 2265 etanxie
1067 2197 1173 2265 multa
1191 2197 1377 2282 agitaverit,
1426 2195 1538 2262 fideles
1570 2218 1645 2264 suos
1673 2198 1766 2264 Deus
1794 2199 1984 2284 compellat,
2017 2200 2093 2284 quia
2124 2198 2224 2265 semel
2258 2198 2384 2264 tuendos

396 2285 499 2352 donec
520 2283 613 2351 illum
628 2286 720 2350 Deus
741 2283 854 2349 auxilii
877 2284 928 2348 sui
950 2284 1069 2350 fiducia
1092 2281 1132 2348 de
1154 2283 1284 2367 integro
1306 2303 1375 2348 ere·
1426 2283 1584 2366 suscepit,
1614 2283 1675 2350 sibi
1703 2304 1800 2349 curae
1822 2283 1908 2365 fore,
1938 2293 1977 2350 ut
2004 2284 2114 2351 salvos
2141 2295 2313 2350 conservet
2333 2282 2384 2348 sub

396 2373 458 2440 xit.
508 2371 623 2437 Potuit
650 2371 747 2434 etiam
776 2368 859 2434 alius
885 2391 955 2436 esse
982 2369 1057 2434 finis
1085 2367 1222 2434 oraculi:
1256 2389 1373 2449 nempe
1425 2387 1524 2433 manu
1557 2388 1634 2450 sua,
1673 2369 1857 2453 virtuteque
1895 2378 2055 2455 protegat.
2111 2367 2383 2450 Quemadmodum

397 2466 435 2524 ut
455 2456 547 2522 Deus
569 2455 730 2523 contrario
764 2455 843 2520 vitio
875 2461 1072 2521 occurreret.
1118 2453 1252 2520 Poterat
1285 2453 1372 2518 enim
1425 2473 1505 2518 vcro
1533 2453 1638 2540 clypei
1667 2455 1810 2521 officium
1833 2476 1870 2523 ac
1892 2457 1996 2523 vicem
2018 2456 2080 2523 sibi
2101 2456 2193 2522 Deus
2222 2455 2337 2520 tribuit
2355 2467 2385 2518 ut

398 2543 523 2610 Abram
546 2541 685 2608 victoria
705 2540 824 2618 alatus,
850 2560 928 2606 suae
950 2540 1130 2606 vocationis
1151 2538 1313 2618 oblivisci,
1337 2548 1374 2604 ut
1425 2560 1460 2604 ιι
1497 2539 1540 2604 ad
1572 2539 1793 2606 defensionem
1827 2541 1940 2607 salutis
1977 2548 2108 2606 nostrae
2146 2551 2304 2625 opponat:
2345 2541 2384 2606 ita

397 2627 617 2716 principatum
640 2627 700 2692 sibi
722 2627 917 2709 acquireret,
946 2633 980 2691 et
1001 2626 1088 2690 vitae
1110 2626 1266 2690 erratione
1293 2625 1373 2690 assi·
1424 2623 1506 2690 baec
1525 2625 1698 2708 promissio
1715 2627 1819 2691 instar
1838 2627 1924 2691 muri
1940 2627 2058 2692 ahenei
2077 2627 2192 2692 merito
2210 2625 2303 2692 nobis
2325 2647 2385 2691 esse

398 2714 544 2798 duaeque
568 2713 752 2778 vexationis
782 2711 887 2777 taedio
916 2719 1081 2795 appeteret
1110 2710 1278 2775 meliorem
1306 2709 1371 2774 for·
1425 2709 1535 2790 debet,
1556 2731 1598 2775 ne
1620 2711 1654 2776 in
1676 2710 1753 2776 ullis
1774 2711 1928 2794 periculis
1949 2711 2156 2796 ultraquam
2182 2723 2310 2794 oportet
2329 2724 2384 2776 trc-

399 2808 532 2876 umam,
555 2808 589 2864 et
610 2798 757 2882 quietum
780 2798 866 2863 vitae
887 2804 1019 2863 statum.
1064 2797 1110 2860 Dt
1131 2795 1253 2861 scimus
1274 2816 1371 2878 quem
1424 2793 1584 2878 pidemus.
1628 2795 1716 2877 Quia
1748 2806 1856 2862 autam
1887 2799 1986 2864 variis
2015 2805 2048 2865 et
2075 2798 2258 2865 innumeris
2289 2797 2386 2863 carnis

396 2885 542 2970 proclive
559 2885 603 2950 sit
624 2882 810 2948 hominibus
832 2882 995 2948 secundae
1012 2891 1046 2946 ιι
1067 2880 1204 2947 ridentis
1222 2881 1373 2946 fortunae
1424 2882 1658 2965 cupiditatibus
1686 2883 1873 2948 circumacti
1894 2881 2043 2950 homines
2064 2882 2203 2949 subinde
2223 2883 2384 2958 fluctuant,
2473 2899 2474 2916 ¹

397 2969 564 3053 blanditiis
593 2968 743 3035 inescari.
789 2967 958 3051 Anticipat
979 2987 1056 3053 ergo
1079 2963 1188 3046 Deus,
1210 2975 1244 3032 et
1264 2967 1371 3050 prius·
1425 2965 1542 3032 deinde
1568 2967 1705 3032 nimium
1736 2966 1857 3034 addicti
1885 2981 1962 3035 sunt
1990 2968 2171 3054 praesentis
2198 2969 2285 3036 vitae
2311 2968 2384 3034 desi·

397 3077 495 3141 quam
517 3055 620 3122 sancti
642 3054 705 3122 viri
727 3062 870 3120 mentem
893 3069 1029 3136 occupet
1049 3052 1105 3118 illa
1135 3053 1274 3131 vanitas,
1304 3073 1371 3118 me·
1425 3051 1530 3118 derio:
1564 3053 1712 3136 sequitur
1743 3053 1882 3119 alterum
1915 3055 2113 3132 membrum,
2146 3075 2210 3138 quo
2237 3051 2327 3120 Deus
2356 3073 2385 3118 ιι

397 3138 537 3207 moriam
569 3139 620 3206 illi
658 3147 795 3206 renovat
832 3139 1013 3222 spiritualis
1052 3139 1194 3222 gratiae,
1233 3147 1270 3202 ut
1303 3137 1372 3205 illic
1424 3159 1530 3204 unum
1562 3137 1603 3204 ad
1636 3159 1749 3204 omnes
1782 3138 1895 3205 beatae
1928 3140 2015 3207 vitae
2053 3161 2208 3206 numeros
2246 3139 2384 3206 sufficere

398 3228 531 3313 penitus
559 3226 768 3310 acquiescens
789 3225 915 3308 reliqua
936 3225 1046 3290 omnia
1074 3223 1241 3306 despiciat.
1285 3221 1373 3304 Quia
1424 3223 1574 3290 fidelibus
1595 3231 1743 3291 ιιιιιιιιι.
1779 3225 1907 3292 Μιιιιι
1926 3227 2013 3291 enim
2034 3224 2226 3291 tantundem
2248 3226 2336 3291 valet
2354 3245 2386 3290 ac

398 3322 510 3378 tamen
528 3313 665 3380 verbum
685 3311 759 3377 hoc:
782 3310 834 3377 Ne
855 3317 992 3392 metuas,
1014 3307 1148 3394 perinde
1169 3315 1264 3374 sonat
1280 3307 1373 3392 quasi
1424 3307 1609 3376 haereditas
1630 3311 1683 3376 vel
1704 3309 1852 3376 felicitas.
1895 3310 1935 3376 Id
1957 3311 1986 3376 si
2007 3313 2125 3377 animis
2151 3311 2275 3378 nostris
2295 3311 2385 3394 probe

397 3397 491 3464 Deus
513 3405 713 3463 moerentem
735 3395 790 3463 vel
812 3396 986 3463 sollicitum
1007 3395 1111 3462 lenire
1129 3393 1236 3478 aliquo
1258 3395 1373 3460 solatio
1424 3394 1564 3461 infixum
1597 3404 1701 3475 esset,
1734 3397 1770 3460 in
1801 3395 1871 3461 solo
1897 3396 1970 3462 Deo
2003 3418 2166 3463 summam
2194 3417 2233 3464 aa
2264 3395 2385 3480 plenam

398 3485 494 3552 velit:
516 3481 682 3568 probabile
704 3487 851 3549 osteum
873 3481 933 3548 tali
953 3481 1200 3548 confirmatione
1220 3479 1373 3546 habuisse
1424 3480 1519 3546 nobis
1552 3501 1622 3548 esse
1654 3479 1811 3547 bonorum
1846 3482 2092 3565 perfectionem,
2130 3481 2225 3548 facile
2263 3481 2385 3546 modum
2472 3533 2473 3540 ,

398 3591 495 3655 opus:
526 3569 601 3652 quia
623 3567 756 3635 videbat
776 3567 895 3634 multos
921 3565 1066 3651 maligne
1088 3565 1273 3649 obstrepere
1294 3587 1373 3632 suae
1424 3574 1642 3634 statueremus
1663 3567 1774 3650 pravis
1797 3565 1964 3634 desideriis
1985 3589 2068 3650 quae
2090 3588 2150 3634 nos
2171 3568 2291 3634 misere
2307 3565 2385 3632 solli·

397 3655 571 3734 victoriae,
599 3661 633 3720 et
659 3660 861 3719 senectutem
891 3674 984 3718 suam
1007 3651 1097 3718 duris
1126 3651 1283 3717 molestiis
1304 3652 1373 3717 iore
1424 3652 1536 3718 citant.
1582 3651 1708 3718 Sensus
1730 3659 1840 3718 autem
1864 3659 1923 3732 est,
1949 3673 2010 3718 nos
2031 3673 2110 3719 vere
2132 3652 2265 3719 demum
2284 3652 2385 3718 felices

398 3742 591 3826 expositam.
647 3737 842 3822 Quanquam
876 3738 947 3804 lieri
980 3746 1087 3821 potest
1114 3745 1153 3803 ut
1181 3735 1274 3802 Dens
1305 3757 1371 3802 non
1424 3757 1495 3804 esse
1528 3735 1584 3804 nbi
1611 3737 1720 3806 Deum
1755 3736 1912 3804 babemus
1944 3739 2136 3822 propitium:
2170 3759 2275 3823 neque
2306 3737 2385 3804 euim

397 3827 472 3893 ideo
492 3827 600 3910 ipsum
624 3825 741 3890 timere
769 3832 873 3902 vetet,
902 3825 978 3907 quia
1005 3831 1095 3888 metu
1116 3823 1159 3888 ιιι
1187 3821 1372 3906 perculsus:
1423 3822 1528 3887 solum
1551 3845 1611 3889 nos
1633 3822 1779 3889 cumulat
1800 3824 1890 3888 omni
1916 3823 2126 3909 benignitatis
2147 3825 2255 3906 copia,
2281 3824 2336 3890 sed
2356 3841 2386 3888 se

398 3911 457 3981 sed
479 3921 518 3976 ut
550 3910 677 3976 fortiter
709 3918 936 3989 contemnere,
969 3931 1007 3974 ao
1034 3930 1092 3992 pro
1122 3907 1225 3973 nihilo
1255 3907 1373 3975 ducere
1423 3909 1518 3974 nobis
1551 3907 1727 3974 fruendum
1747 3909 1851 3974 offert.
1896 3909 1966 3975 Iam
2000 3907 2080 3992 quid
2111 3910 2199 3976 ultra
2230 3920 2279 3976 est
2310 3905 2386 3992 quod

398 4006 506 4063 totum
528 3996 642 4063 mundi
671 3997 833 4072 favorem,
865 4003 899 4061 et
926 4005 1072 4060 temenas
1094 4015 1172 4076 opes
1194 3992 1313 4060 discat:
1335 4011 1373 4058 ac
1423 4005 1580 4078 appetant
1600 3992 1764 4072 homines,
1790 3995 1846 4060 nbi
1868 3995 1940 4060 Deo
1967 3994 2148 4060 fruuntur?
2173 3993 2304 4062 Sciebat
2325 3993 2385 4057 Da·

398 4085 427 4150 si
450 4083 604 4148 dixisset:
629 4081 729 4148 Modo
752 4101 804 4147 me
825 4101 929 4146 unum
952 4079 1073 4146 habeas
1096 4081 1281 4163 propitium,
1305 4099 1373 4145 non
1424 4079 1481 4144 vid
1504 4079 1582 4163 quid
1600 4079 1727 4145 valeret
1748 4080 1830 4146 haec
1851 4080 2039 4164 promissio,
2068 4081 2123 4164 qui
2145 4080 2305 4166 gloriatur
2325 4099 2385 4144 sor·
2471 4105 2472 4124 ι

398 4176 450 4236 ιιι
470 4189 528 4234 cur
549 4176 685 4234 metuas.
720 4167 778 4233 Me
794 4167 895 4251 igitur
917 4186 983 4232 uno
1005 4173 1180 4231 contentus
1197 4167 1233 4230 in
1249 4164 1373 4246 mundo
1423 4174 1489 4231 tem
1522 4165 1585 4230 sibi
1624 4165 1825 4248 praeclaram
1864 4165 2036 4250 obtigisse,
2067 4167 2143 4249 quia
2164 4165 2325 4232 Dominus
2349 4163 2387 4226 sit

398 4253 450 4342 (ut
467 4253 626 4322 haetenus
649 4250 798 4338 coepisti)
820 4251 1045 4336 peregrinare:
1068 4272 1106 4318 ac
1123 4251 1231 4334 potius
1248 4271 1266 4316 e
1284 4249 1373 4316 coelo
1424 4271 1484 4316 sua
1513 4249 1697 4320 haereditas
1718 4249 1817 4337 (Psal.
1842 4251 1891 4331 16,
1913 4250 1956 4338 6).
2001 4251 2178 4318 Caeterum
2208 4253 2283 4334 quia
2310 4248 2385 4314 nihil

398 4339 541 4425 pendeas
567 4359 664 4422 quam
692 4337 729 4402 in
758 4349 847 4404 terra
874 4338 920 4404 sis
948 4336 1084 4404 defixus.
1128 4335 1298 4419 Quidquid
1320 4336 1373 4414 sit,
1426 4335 1591 4402 difficilius
1613 4344 1665 4402 ιιι
1691 4357 1786 4420 quam
1815 4338 1964 4403 fraenare
1993 4359 2113 4436 pravos
2134 4337 2243 4403 carnis
2270 4334 2385 4419 appeti-

398 4427 497 4492 Deus
514 4424 555 4492 ad
578 4445 613 4490 ιι
635 4434 769 4490 revocat
789 4444 922 4490 servum
944 4443 1057 4500 suum,
1080 4421 1256 4488 ostendens
1277 4421 1374 4505 longe
1425 4431 1495 4500 tus,
1524 4429 1558 4487 ιι
1578 4431 1648 4487 tam
1674 4421 1769 4488 foeda
1790 4431 1841 4488 cst
1862 4442 1900 4488 ac
1927 4423 2030 4505 impia
2058 4422 2228 4488 hominum
2257 4423 2386 4505 ingrati·

398 4513 521 4578 maiora
551 4511 637 4576 bona
657 4509 705 4574 illi
727 4509 813 4594 apud
835 4529 870 4575 ιι
899 4509 1041 4592 reposita
1068 4528 1155 4586 esse,
1183 4527 1226 4572 ne
1248 4508 1283 4572 in
1307 4508 1375 4573 vio·
1425 4506 1520 4584 tudo,
1555 4511 1593 4572 ut
1624 4508 1683 4573 vix
1714 4528 1860 4590 unquam
1892 4507 1957 4573 illis
1981 4508 2073 4575 Deus
2105 4509 2294 4574 satisfaciat:
2329 4526 2386 4570 non

400 4597 485 4665 toria
506 4595 661 4662 subsidat.
696 4593 789 4661 Dicit
815 4603 923 4661 autem
946 4593 1056 4660 Moses
1075 4594 1111 4658 ia
1131 4593 1248 4660 vtem
1269 4591 1375 4676 boquea·
1424 4593 1618 4678 simpliciter
1646 4591 1827 4660 mercedem
1857 4612 1892 4659 se
1913 4591 2077 4660 Dominus
2104 4594 2175 4677 ipse
2203 4605 2310 4672 vocat,
2337 4587 2387 4656 sed

399 4689 466 4748 tam
483 4703 548 4748 csse
569 4681 690 4749 Deum:
711 4702 776 4764 qno
798 4681 962 4765 significat
983 4678 1130 4744 additum
1152 4678 1253 4746 verbo
1274 4679 1374 4744 fuisse
1426 4679 1568 4762 amplam
1602 4677 1713 4758 valde,
1741 4700 1806 4761 qua
1832 4679 1912 4744 satis
1939 4699 2102 4764 superque
2130 4689 2298 4746 contentos
2324 4694 2387 4742 esso
2470 4711 2471 4764 i

399 4767 527 4834 visibile
556 4765 685 4849 aliquod
716 4766 837 4851 gloriae
860 4764 923 4830 Dei
952 4764 1155 4848 symbolum:
1184 4785 1248 4847 qno
1271 4765 1375 4829 maior
1426 4785 1485 4830 uos
1507 4763 1608 4831 decet.
1652 4765 1702 4830 Ea
1724 4785 1802 4831 vero
1831 4764 1995 4830 uberrima
2022 4764 2162 4830 fiduciae
2183 4765 2321 4830 materia
2337 4775 2387 4838 ast,

400 4853 559 4919 autoritas
590 4851 722 4918 oraculo
752 4859 925 4918 constaret.
970 4851 1052 4915 Fuit
1080 4862 1188 4915 autem
1212 4850 1265 4916 hic
1288 4869 1374 4914 unus
1425 4861 1458 4914 ct
1490 4849 1592 4916 solida
1624 4851 1758 4916 fultura.
1806 4849 1891 4916 Nam
1924 4851 2070 4933 quisquis
2100 4850 2164 4916 sibi
2197 4847 2389 4933 persuaserit

393 4937 443 5006 'ex
461 4936 585 5004 duobus
602 4935 776 5003 ordinariis
794 4937 908 5017 modis,
929 4936 1047 5020 quibus
1065 4957 1099 5002 se
1115 4934 1278 5002 Dominus
1296 4935 1373 5000 olim
1425 4936 1525 5002 vitam
1548 4956 1639 5002 suam
1662 4937 1788 5020 protegi
1811 4936 1873 5001 Dei
1895 4957 2005 5010 manu,
2029 4957 2089 5002 nec
2110 4957 2146 5002 ιι
2167 4957 2310 5019 unquam
2332 4932 2387 4998 mi·

401 5025 609 5091 manifestare
641 5023 810 5106 prophetis
841 5023 910 5089 suis
942 5022 1080 5089 solebat:
1114 5021 1212 5087 sicuti
1233 5021 1374 5087 habetur
1424 5042 1534 5087 serum
1557 5024 1625 5087 fore
1647 5021 1701 5087 illo
1723 5022 1872 5106 propitio,
1895 5032 1927 5087 et
1949 5020 1990 5086 ad
2010 5021 2100 5088 hunc
2120 5033 2251 5105 portum
2271 5021 2307 5085 in
2328 5039 2387 5084 om

400 5111 622 5178 Numerorum
643 5129 711 5192 cap.
735 5109 785 5189 12,
808 5109 837 5174 6.
1424 5107 1521 5173 uibus
1549 5109 1618 5173 ιιιιι
1650 5107 1738 5176 curis
1766 5129 1804 5172 ac
1832 5107 1990 5173 molestiis
2023 5107 2203 5191 confugiet:
2237 5107 2388 5191 optimum

489 5197 539 5263 Ne
566 5196 678 5261 amas
699 5195 831 5261 Abram.
876 5195 1019 5260 Tametsi
1045 5194 1207 5278 posterior
1234 5193 1268 5257 in
1297 5212 1375 5258 con·
1423 5193 1572 5258 inveniet
1613 5193 1709 5258 malis
1753 5192 1903 5258 omnibus
1945 5193 2137 5261 remedium.
2189 5192 2262 5258 Non
2306 5187 2388 5273 qnod

403 5290 497 5347 textu
520 5289 571 5347 est
592 5280 778 5364 promissio,
807 5279 972 5368 praecedit
1000 5291 1108 5346 tamen
1138 5279 1267 5344 ordine:
1299 5277 1376 5360 quia
1424 5279 1512 5343 omni
1546 5299 1679 5362 prorsus
1710 5279 1827 5344 timore
1855 5287 1889 5344 et
1920 5299 2000 5344 cura
2039 5279 2133 5344 vacui
2172 5277 2238 5344 siut
2273 5275 2391 5352 fideles,
2469 5261 2470 5331 l

403 5389 445 5432 ex
474 5387 512 5432 ea
538 5365 659 5451 pendet
687 5367 907 5444 confirmatio,
935 5387 999 5450 qua
1022 5366 1113 5431 Deus
1142 5385 1196 5431 cor
1224 5363 1333 5430 Abrae
1354 5385 1375 5430 a
1424 5364 1579 5446 quamdiu
1601 5365 1687 5430 inter
1717 5364 1943 5431 discriminum
1964 5372 1997 5429 ιι
2019 5384 2247 5430 aerumnarum
2268 5361 2389 5446 procel·
