4988 6192
395 417 461 484 439
1058 415 1429 488 COMMENTARIUS
1451 417 1502 485 IN
1519 415 1734 486 GENESIN.
2330 415 2391 480 440

394 611 506 670 tenter
522 625 558 671 se
575 613 608 670 st
629 623 704 670 suos
722 603 795 671 Deo
817 603 1039 672 commendat:
1062 606 1120 674 sed
1142 617 1207 673 tam
1231 609 1369 690 promis-
1421 627 1472 687 es,
1509 615 1548 672 ιιι
1575 607 1609 671 in
1636 605 1698 672 Dei
1725 613 1936 689 conspectum
1966 605 2095 688 prodire
2123 605 2267 675 andem?
2299 609 2389 678 Hanc

395 690 542 757 sionibus
560 689 633 765 Dei,
657 709 754 774 quam
776 693 917 776 acceptis
934 693 1100 760 beneficiis
1123 694 1272 773 confisus,
1294 713 1370 760 suaa
1420 693 1635 759 tentationem
1652 699 1779 756 mature
1800 690 1981 774 praevertit
1997 689 2104 773 Iacob,
2127 691 2205 758 dnm
2227 696 2389 779 praefatus

393 795 491 842 curas
513 784 547 842 et
568 776 733 841 molestias
755 775 790 841 in
820 779 890 843 eius
919 777 1029 844 sinum
1057 779 1169 845 reiicit.
1214 778 1370 844 Diximus
1421 798 1456 844 se
1478 799 1551 846 esse
1571 777 1744 862 indignum
1766 777 1988 860 superioribus
2010 776 2075 844 Dei
2098 777 2201 860 donis,
2222 781 2322 847 simul
2344 791 2389 847 ta·

394 870 504 927 autem
533 881 632 946 supra
660 882 814 946 quorsum
843 871 992 947 spectent
1013 864 1093 932 haec
1120 866 1266 949 epitheta
1288 885 1371 948 quae
1421 884 1497 930 men
1526 865 1672 948 agnoscit
1701 883 1767 928 non
1797 882 1869 928 esse
1888 862 2000 930 Deum
2028 863 2217 931 hominibus
2243 867 2389 948 similem,

394 947 511 1013 tribuit
532 948 620 1027 Deo,
649 957 682 1013 et
704 947 785 1031 quid
805 949 951 1014 valeant:
981 970 1099 1036 nempe
1119 971 1219 1034 quum
1242 951 1371 1036 longius
1421 958 1459 1015 ut
1480 948 1709 1016 continuandis
1729 956 1763 1013 et
1783 947 1941 1033 augendis
1970 947 2135 1017 benefimis
2161 971 2309 1037 unquam
2331 953 2411 1021 las·¹

394 1032 519 1099 distent
536 1033 686 1100 homines
704 1055 723 1100 a
738 1032 820 1114 Deo,
843 1055 940 1119 quam
957 1045 995 1101 ιιι
1012 1036 1052 1102 ad
1071 1037 1142 1102 eius
1163 1037 1369 1102 altitudinem
1421 1043 1521 1102 satur.
1544 1035 1675 1100 Interea
1685 1034 1782 1101 Iacob
1800 1055 1841 1099 ex
1859 1053 1897 1100 eo
1914 1033 2052 1102 fiduciae
2068 1039 2240 1103 materiam
2255 1039 2388 1124 colligit:

392 1139 453 1203 per
475 1140 511 1185 se
532 1118 769 1199 conscendant,
798 1122 867 1203 ipse
890 1119 930 1186 ad
956 1120 1069 1190 fideles
1097 1122 1273 1190 descendit.
1318 1122 1371 1187 Ita
1421 1122 1497 1206 quia
1513 1119 1623 1187 Deum
1641 1129 1709 1186 tam
1726 1119 1909 1186 beneficum
1931 1122 2112 1204 saepeiam
2133 1133 2292 1208 expertus
2315 1134 2388 1192 erat.

394 1224 431 1270 so
453 1206 564 1271 Deum
588 1204 740 1272 Abrahae
762 1226 884 1272 vooans
907 1215 940 1272 et
961 1207 1069 1289 Isaac,
1098 1209 1202 1273 filium
1225 1209 1369 1292 ipsorum
1421 1207 1511 1291 Ergo
1532 1207 1567 1272 in
1589 1205 1751 1291 duplicem
1773 1225 1906 1289 scopum
1938 1209 2098 1290 respexit:
2129 1211 2205 1293 quia
2225 1219 2261 1276 et
2281 1231 2390 1278 occur-

393 1289 492 1360 Iacob
515 1291 711 1356 comiterad
729 1293 916 1358 reinvitat:
941 1296 1149 1376 nequeenim
1168 1304 1281 1360 sancto
1299 1295 1370 1362 viro
1421 1313 1494 1358 rere
1520 1292 1626 1360 voluit
1654 1290 1870 1369 diffidentiae,
1905 1313 1988 1376 quae
2009 1313 2051 1359 ex
2080 1295 2208 1380 ingenti
2236 1295 2390 1366 donorum

394 1375 591 1476 difficiliaad
610 1375 822 1478 domesticum
835 1376 945 1443 Deum
956 1387 1033 1478 'erat
1050 1399 1208 1447 accessus.
1242 1378 1370 1446 Deinde
1421 1376 1485 1443 Dei
1506 1377 1637 1444 cumulo
1658 1376 1815 1478 obrepere
1837 1385 1975 1478 poterat,
1992 1388 2033 1479 ‘et
2050 1379 2136 1481 dona
2153 1380 2212 1446 illa
2228 1382 2265 1447 iu
2288 1382 2391 1451 diver·

395 1463 1072 1617 tttftt:ttttttttltt‘ttttt
1093 1465 1370 1630 ltfltttlhtt
1420 1470 1912 1634 tblttbthttftt
1939 1463 2392 1622 tbettt¹tt¹t..⁰⁰tb

395 1642 433 1699 ut
454 1633 612 1717 populum
641 1634 780 1700 oleatum
801 1637 836 1699 in
859 1635 988 1702 foedere
1009 1657 1070 1702 suo
1099 1645 1236 1703 teneret.
1280 1637 1370 1722 Ergo
1421 1644 1533 1701 autem
1562 1654 1658 1702 voces
1684 1634 1792 1718 ponit:
1822 1634 2051 1703 Miserationes
2078 1645 2111 1704 ot
2137 1641 2328 1720 veritatem,
2356 1655 2388 1707 ut

394 1719 495 1785 Iacob
512 1717 623 1785 Deum
640 1728 774 1804 patrum
794 1741 928 1787 suorum
948 1723 1141 1789 nominatim
1164 1722 1370 1806 compellans,
1420 1721 1585 1806 significet
1604 1720 1714 1787 Βιιιιιι
1735 1739 1909 1786 morasus
1935 1721 2082 1789 bonitate
2109 1723 2221 1790 induci
2243 1733 2281 1792 ut
2302 1727 2389 1794 nobis

395 1804 628 1889 promissiones
649 1805 685 1870 in
712 1807 842 1873 illomm
892 1828 1009 1874 ersona
1027 1808 1089 1874 sibi
1112 1809 1219 1889 datas,
1245 1811 1278 1873 in
1301 1830 1369 1874 me·
1421 1805 1610 1874 benefaciat:
1631 1815 1666 1872 et
1679 1806 1742 1872 hoc
1759 1804 1856 1871 modo
1872 1806 1971 1873 fidem
1989 1827 2083 1874 suam
2101 1810 2249 1892 probare.
2282 1814 2389 1896 Atque

396 1890 488 1956 diam
511 1890 574 1956 sibi
596 1892 762 1975 proponit,
792 1914 835 1957 ne
864 1828 961 1960 lubio
984 1894 1093 1961 animo
1122 1903 1290 1978 precetur,
1313 1893 1369 1959 sed
1421 1891 1503 1957 haec
1524 1893 1642 1977 copula
1670 1890 1912 1958 misericordiae
1933 1914 2009 1959 cum
2032 1895 2173 1962 veritate
2194 1898 2320 1980 passim
2342 1919 2389 1965 oc·

395 1985 469 2041 tuto
497 1977 666 2043 recumbat
693 1977 729 2042 in
759 1977 849 2044 illam
877 1979 1049 2057 fulturam,
1085 1979 1170 2065 quod
1192 1981 1370 2064 promissae
1421 1978 1525 2044 currit
1545 1979 1582 2043 in
1610 1978 1794 2062 scripturis:
1823 1985 1861 2042 ut
1888 1978 2031 2046 sciamus
2059 1979 2144 2046 bona
2171 1982 2282 2048 omnia
2303 1983 2390 2051 nobis

394 2060 636 2129 benedictiones
660 2062 775 2130 haeres
802 2065 911 2130 Deum
927 2066 1104 2149 propitium
1124 2065 1298 2132 habiturus
1317 2066 1369 2131 sit.
1421 2083 1463 2129 ex
1485 2064 1628 2148 gratuito
1651 2064 1713 2129 Dei
1736 2063 1847 2128 favore
1868 2064 1984 2130 fluere:
2007 2085 2120 2131 eorum
2142 2088 2220 2134 vero
2240 2088 2302 2136 nos
2324 2071 2391 2137 fieri

394 2147 441 2212 Et
461 2167 542 2214 sans
570 2148 685 2214 orandi
714 2149 828 2234 regula
848 2150 941 2217 nobis
962 2173 1004 2218 ex
1026 2151 1125 2219 verbo
1150 2151 1290 2236 petenda
1311 2160 1370 2229 est,
1421 2157 1556 2233 capaces
1577 2149 1655 2214 dum
1677 2149 1748 2216 eins
1769 2148 2001 2232 promissiones
2022 2150 2089 2218 fide
2114 2153 2351 2236 amplectimur.

395 2252 439 2298 ne
458 2241 583 2299 temere
604 2232 646 2299 ad
669 2235 779 2301 Deum
800 2257 1013 2321 perrumpere
1040 2244 1220 2317 tentemus,
1250 2237 1308 2304 sed
1329 2234 1370 2302 ad
1511 2235 1596 2318 Quia
1616 2235 1652 2301 in
1673 2233 1780 2301 batsala
1801 2255 1874 2300 meo.
1919 2235 1994 2303 Non
2016 2248 2189 2304 enumerat
2209 2239 2310 2307 Iacob
2329 2242 2390 2307 sin·

395 2337 471 2384 eum
500 2339 677 2404 pergemus
706 2329 868 2404 quatenus
895 2345 931 2389 se
960 2323 1054 2390 nobis
1083 2324 1251 2408 patefecit:
1285 2322 1369 2407 quod
1467 2321 1517 2388 las
1533 2320 1598 2388 Dei
1619 2321 1752 2406 gratias,
1775 2319 1832 2388 sed
1853 2319 1915 2386 sub
1937 2343 2003 2388 ana
2020 2325 2128 2407 specie
2144 2325 2226 2392 alias
2247 2347 2390 2410 compre-

395 2425 439 2470 ex
460 2405 611 2489 proximo
638 2414 793 2474 contextu
820 2408 941 2474 clarius
969 2418 1074 2493 patet,
1105 2409 1160 2475 ubi
1187 2409 1284 2476 iacob
1306 2407 1372 2474 Dei
1447 2405 1547 2485 endit,
1568 2405 1654 2491 quod
1675 2426 1775 2490 quam
1795 2407 1891 2488 inops
1912 2413 1946 2473 et
1966 2407 2134 2476 solitarius
2154 2411 2264 2477 viator
2286 2411 2391 2478 Iorda-

395 2489 588 2557 mandatum
611 2497 643 2557 st
664 2492 915 2576 promissionem
932 2495 966 2559 in
989 2494 1180 2561 memoriam
1203 2515 1370 2570 revocans,
1424 2512 1501 2558 nem
1524 2494 1704 2570 transisset
1728 2513 1816 2559 nuno
1837 2489 1931 2558 dives
1952 2505 1985 2560 ot
2004 2495 2116 2562 multis
2132 2497 2234 2582 copiis
2256 2499 2394 2564 τιιοιιιιι

395 2576 490 2659 quasi
521 2574 649 2644 duabus
683 2577 843 2645 columnis
874 2580 1037 2646 innititur.
1092 2581 1139 2646 Ει
1170 2589 1258 2648 certe
1290 2580 1372 2646 haec
1424 2577 1547 2644 veniat.
1590 2577 1744 2644 Notauda
1764 2587 1815 2646 est
1846 2586 1957 2644 antem
1986 2581 2163 2648 antithesis
2189 2584 2278 2648 inter
2300 2584 2393 2651 baon·

394 2659 543 2746 legitima
564 2671 614 2728 sst
635 2663 752 2729 orandi
769 2665 862 2744 ratio,
884 2673 922 2731 ut
943 2665 1057 2732 fideles
1072 2666 1145 2733 Deo
1166 2667 1298 2734 vocanti
1321 2687 1370 2732 re·
1423 2663 1492 2729 lum
1514 2671 1548 2729 et
1569 2662 1651 2730 duas
1672 2673 1812 2730 turmas:
1830 2665 1865 2729 in
1888 2684 1953 2748 qua
1968 2667 2114 2750 priorem
2136 2668 2347 2735 solitudinem
2363 2675 2395 2735 et

394 2746 592 2832 spondeant:
616 2755 712 2832 atque
733 2750 781 2814 ita
801 2751 890 2816 inter
910 2749 1010 2818 huius
1031 2753 1171 2818 verbum
1188 2760 1223 2818 et
1238 2753 1371 2818 illorum
1422 2749 1567 2834 inopiam
1589 2769 1664 2815 cum
1686 2751 1851 2833 praesenti
1869 2749 2069 2819 abundantia
2090 2771 2162 2819 oom
2186 2765 2268 2820 arat.

395 2843 474 2898 vota
495 2842 629 2900 mutuus
646 2835 691 2900 sit
712 2855 905 2902 consensus:
938 2837 1033 2905 sicuti
1054 2837 1148 2902 nulla
1169 2839 1301 2905 suavior
1317 2839 1372 2904 rel
1510 2836 1560 2901 11.
1583 2833 1674 2901 mee
1689 2855 1745 2902 me.
1781 2837 1960 2918 Postquam
1980 2838 2132 2921 pluribus
2183 2840 2212 2906 ei
2232 2839 2395 2907 henffloiia

395 2918 503 3004 magis
531 2920 694 2986 concinna
720 2921 918 3006 symphonia
945 2923 991 2988 fin
1017 2924 1024 2939 '
1053 2932 1169 3008 potest.
1218 2923 1370 3002 Domine,
1424 2941 1460 2986 se
1492 2921 1684 2988 obstrictum
1716 2943 1787 2988 esse
1819 2922 1970 2988 meminit
1998 2944 2099 3008 quam
2128 2935 2167 2990 ut
2191 2945 2252 2992 sua
2282 2927 2395 2992 merita

395 3005 517 3155 inquit,
550 3005 641 3072 iussu
674 3012 731 3071 tuo
763 3006 877 3074 redeo:
913 3007 1031 3075 deine
1063 3009 1205 3076 salutem
1238 3029 1370 3076 reverso
1424 3006 1683 3090 iactareposset,
1709 3015 1798 3075 etse
1819 3007 1897 3074 inde
1918 3008 1960 3074 ad
1982 3029 2075 3093 spem
2097 3011 2255 3078 maiorem
2277 3011 2395 3078 erexit:

395 3089 560 3174 policitus
581 3111 632 3158 es:
654 3111 793 3176 aequum
816 3101 867 3161 est
887 3093 989 3178 igitar
1005 3102 1044 3160 ut
1061 3103 1094 3162 te
1110 3096 1193 3161 mihi
1214 3095 1371 3180 praebeas
1423 3114 1512 3160 nunc
1533 3112 1626 3160 suam
1649 3093 1875 3160 necessitatem
1898 3105 2140 3176 commemorat,
2162 3117 2200 3162 ao
2217 3098 2247 3162 si
2265 3097 2395 3174 diceret,

395 3175 524 3243 itineris
546 3175 670 3244 ducem.
707 3178 799 3246 Haeo
817 3191 930 3246 sancta
947 3191 998 3247 est
1016 3183 1246 3266 praesumptio,
1270 3202 1371 3265 quum
1423 3178 1583 3258 Domine,
1613 3179 1677 3244 nisi
1705 3187 1754 3245 tot
1779 3179 1948 3264 praeclara
1978 3179 2064 3248 dona
2085 3184 2120 3248 in
2149 3181 2292 3249 nihilum
2317 3181 2395 3250 vebs

397 3261 506 3328 officio
533 3273 645 3329 nostro
672 3263 832 3346 defuncti,
862 3265 1043 3332 secundum
1073 3267 1135 3332 Dei
1164 3267 1370 3334 vocationem
1422 3264 1577 3345 recidere,
1599 3264 1666 3330 iam
1687 3272 1817 3351 tempus
1837 3276 1888 3333 est
1905 3276 1940 3332 ut
1962 3266 2045 3333 mihi
2066 3289 2250 3350 succurras,
2272 3279 2307 3336 et
2329 3268 2396 3334 exi·

396 3347 603 3414 familiariter
641 3347 682 3413 ab
720 3351 790 3434 ipso
833 3353 976 3437 petimus
1014 3351 1172 3436 quidquid
1211 3351 1370 3437 promisit,
1423 3349 1507 3418 tium
1529 3357 1658 3417 avertas
1679 3351 1764 3434 quod
1786 3351 1869 3418 mihi
1891 3373 1911 3417 a
1931 3351 2034 3420 fratre
2061 3352 2241 3438 impendet.
2285 3355 2396 3438 Expo-

398 3433 527 3518 quando
545 3455 580 3500 se
598 3435 692 3502 nobis
714 3437 818 3521 gratis
839 3437 1056 3523 obstringens,
1077 3437 1183 3506 factus
1205 3448 1259 3506 est
1278 3439 1372 3524 quasi
1423 3441 1486 3506 sito
1509 3445 1617 3502 autem
1639 3456 1698 3503 suo
1720 3445 1828 3518 metu,
1861 3437 2042 3504 clausulam
2066 3438 2217 3524 adiungit
2238 3440 2280 3507 de
2300 3441 2396 3507 bene-

396 3520 602 3602 voluntarius
642 3520 778 3588 debitor.
834 3521 993 3607 Quisquis
1033 3531 1141 3592 autem
1182 3525 1274 3591 nullo
1307 3523 1371 3590 Dei
1423 3526 1563 3593 dictione
1585 3521 1647 3589 sibi
1668 3523 1844 3606 promissa,
1871 3532 1908 3589 ut
1929 3545 1965 3592 se
1986 3525 2105 3592 iterum
2127 3524 2398 3610 promissionibus

396 3604 551 3672 mandato
568 3615 626 3672 aut
646 3608 861 3691 promissione
882 3609 997 3691 fretus,
1019 3619 1095 3677 vota
1114 3611 1267 3695 concipit,
1289 3611 1373 3676 nihil
1422 3612 1486 3678 eibi
1513 3609 1599 3676 datis
1626 3609 1805 3676 confirmet.
1857 3609 2000 3676 Matrem
2028 3632 2102 3678 cum
2131 3609 2210 3678 filiis
2242 3612 2398 3687 occidere,

397 3712 495 3775 quam
519 3711 622 3759 vanas
640 3694 803 3778 ampullas
824 3696 955 3778 proiicit
971 3697 1007 3762 in
1029 3709 1148 3764 aerem.
1184 3697 1250 3764 Hic
1272 3697 1370 3764 etiam
1422 3694 1670 3782 proverbialiter
1691 3695 1778 3777 apud
1800 3694 1940 3762 Iudaeos
1961 3694 2085 3762 dictum
2106 3697 2208 3764 faisse
2229 3707 2320 3782 puto,
2342 3717 2400 3781 pro

397 3777 487 3844 locus
509 3778 631 3845 certius
652 3779 826 3847 confirmat
848 3781 931 3864 quod
954 3783 1046 3866 prius
1069 3781 1193 3849 dictum
1214 3783 1295 3862 fuit,
1317 3782 1371 3848 Ia·
1422 3783 1505 3850 nihil
1523 3781 1688 3865 reliquam
1706 3779 1828 3848 facere:
1851 3781 2045 3866 metaphora
2062 3782 2103 3849 ab
2120 3781 2239 3850 avibus
2256 3790 2400 3867 sumpta,

397 3862 456 3930 cob
478 3884 545 3929 uon
568 3863 649 3929 falso
670 3867 895 3947 praetexuisse
918 3867 1007 3954 apud
1029 3888 1159 3947 uxores,
1178 3867 1287 3934 Deum
1310 3868 1371 3934 sibi
1421 3890 1523 3955 quum
1550 3867 1657 3951 pullos
1684 3887 1752 3933 una
1783 3886 1858 3933 oum
1885 3866 2047 3934 matribus
2079 3869 2215 3953 rapiunt
2246 3889 2399 3952 aucupes,

397 3951 525 4016 reditus
547 3970 618 4016 esse
638 3959 796 4016 autorem.
839 3953 925 4018 Nam
947 3955 976 4020 si
998 3963 1078 4020 tuno
1098 3951 1257 4021 mentitus
1277 3955 1372 4036 foret,
1422 3965 1592 4037 totumque
1614 3951 1728 4017 nidum
1750 3961 1921 4020 evacuant.

395 4036 489 4102 nulla
511 4056 600 4101 nuno
617 4044 805 4120 suppeteret
822 4037 904 4104 bene
922 4038 1076 4123 sperandi
1093 4040 1239 4107 materia.
1268 4041 1372 4124 Atqui
1510 4041 1561 4106 13.
1584 4037 1629 4104 El
1656 4038 1774 4120 accepit
1795 4039 1834 4106 de
1859 4039 1911 4106 tte
1938 4059 2018 4122 qaae
2045 4039 2088 4105 ad
2115 4059 2255 4106 meacm.
2303 4037 2400 4122 Quod

396 4121 438 4188 ad
468 4120 608 4188 coeleste
636 4121 782 4189 tribunal
812 4145 886 4190 cum
917 4124 979 4191 hac
1005 4123 1124 4193 fiducia
1152 4126 1283 4210 prodire
1305 4147 1372 4193 non
1421 4126 1614 4194 muneribus
1642 4123 1772 4207 placare
1799 4124 1935 4191 fratrem
1963 4123 2090 4204 studet,
2119 4147 2185 4192 non
2212 4125 2293 4194 facit
2317 4125 2400 4190 diffi-

396 4207 534 4286 dubitat,
556 4227 591 4273 se
611 4227 710 4272 manu
727 4209 798 4274 Dei
820 4217 1005 4293 protectum
1026 4211 1077 4292 iri,
1103 4211 1196 4279 cuius
1218 4213 1372 4296 auspiciis
1424 4213 1549 4292 dentia,
1578 4211 1670 4298 quasi
1691 4207 1757 4275 Dei
1782 4209 1946 4293 praesidio
1967 4230 2002 4278 se
2031 4219 2137 4276 tutum
2164 4211 2235 4278 fore
2263 4210 2401 4278 dubitet

395 4292 505 4360 redire
527 4293 563 4358 in
584 4301 707 4360 terram
731 4292 892 4361 Ohanaan
912 4317 1012 4362 ausus
1033 4303 1092 4363 est.
1423 4301 1497 4368 Hoo
1514 4295 1645 4382 quidem
1656 4296 1743 4361 inter
1754 4295 1904 4364 homines
1915 4295 2013 4363 nimis
2025 4315 2198 4363 commune
2210 4304 2261 4364 est
2270 4298 2402 4376 vitium,

485 4379 535 4444 10.
565 4377 676 4444 Minor
702 4400 774 4447 sam
802 4383 919 4448 anca
945 4382 1180 4450 misericordiis.
1226 4384 1373 4451 Tametsi
1422 4393 1461 4453 ιιι
1482 4386 1591 4451 Deum
1611 4381 1737 4465 precati
1758 4403 1793 4448 se
1813 4381 1880 4449 huo
1902 4391 1935 4448 et
1955 4383 2035 4449 illuc
2055 4382 2302 4470 circumagant,
2327 4383 2402 4450 sibi·

396 4464 544 4550 loquutio
562 4463 643 4531 haec
661 4464 744 4530 dura
761 4475 811 4532 est
828 4466 940 4534 latinis
956 4467 1101 4548 auribus,
1124 4465 1240 4536 sdnsus
1262 4479 1374 4535 umen
1424 4492 1487 4558 que
1508 4489 1595 4536 vana
1616 4467 1761 4534 subsidia
1781 4469 2084 4536 comminiscantur:
2108 4489 2208 4552 quum
2231 4469 2289 4534 hio
2312 4489 2402 4552 prae·

398 4553 557 4619 obscurus
585 4571 650 4616 non
682 4559 741 4617 est.
786 4551 926 4618 Fatetur
946 4553 1045 4621 Iacob
1074 4554 1223 4639 pluribus
1252 4577 1288 4622 se
1310 4558 1373 4623 Dei
1424 4558 1539 4641 cipuus
1567 4554 1610 4620 sit
1642 4554 1797 4620 orationis
1828 4555 1969 4635 hactus,
2001 4553 2037 4619 in
2070 4553 2202 4621 silentio
2231 4563 2264 4619 et
2294 4555 2403 4638 quiete

398 4637 564 4706 beneficiis
596 4637 695 4702 fuisse
727 4638 929 4705 cumulatum
970 4661 1067 4723 quam
1108 4661 1241 4726 sperare
1274 4663 1374 4710 ausus
1425 4649 1614 4727 exspectare
1636 4638 1831 4706 Dominum:
1874 4639 1947 4706 sed·
1970 4638 2061 4706 allud
2099 4641 2309 4724 propositum
2344 4641 2403 4706 fuit

398 4725 497 4790 foret:
528 4720 664 4805 ideoque
689 4723 833 4789 multum
861 4726 974 4793 abesse
1002 4734 1041 4791 ut
1062 4726 1104 4792 ad
1131 4727 1374 4811 impetrandum
1426 4735 1539 4796 sancto
1572 4728 1642 4793 viro
1675 4745 1773 4809 quam
1806 4733 1956 4812 satagere
1989 4734 2023 4791 et
2056 4725 2269 4806 tumultuari,
2314 4724 2404 4810 quasi
2481 4789 2482 4806 ,

400 4805 489 4894 quod
506 4808 659 4892 postulat,
677 4807 855 4892 quidquam
873 4811 990 4878 afferat
1008 4811 1179 4897 dignitatis
1190 4815 1243 4880 vel
1255 4815 1374 4880 meriti.
1426 4816 1522 4883 unico
1550 4814 1613 4879 Dei
1643 4812 1765 4878 auxilio
1797 4819 1972 4878 contentus
2000 4830 2066 4877 non
2094 4812 2188 4878 foret.
2239 4811 2404 4892 Quamne
2481 4857 2482 4870 ι

399 4894 491 4962 Dicit
513 4914 591 4978 ergo
613 4915 648 4960 se
670 4894 830 4961 minorem
852 4896 953 4964 fuisse
973 4895 1039 4963 Dei
1060 4899 1192 4982 gratiis:
1226 4901 1304 4983 quia
1324 4901 1375 4965 in·
1425 4902 1515 4969 enim
1534 4906 1622 4966 certo
1672 4918 1825 4965 ersuasus
1847 4898 1906 4978 sit,
1933 4897 1996 4963 hoo
2023 4917 2127 4964 unum
2150 4895 2214 4965 sibi
2238 4899 2405 4974 sufficere,

399 4981 521 5066 dignus
543 4987 613 5044 erat
634 4981 667 5044 in
692 5000 788 5064 quem
806 4980 970 5048 Dominus
992 4993 1060 5049 tam
1081 4984 1263 5052 liberaliter
1282 5007 1375 5070 prae-
1426 4984 1634 5073 qnodDeum
1649 4919 1751 5050 labet
1767 4984 1956 5069 propitium,
1974 5004 2038 5049 non
2056 4991 2167 5052 muron
2181 4983 2312 5050 omittit
2325 5003 2405 5067 quae

400 5067 490 5133 clara
512 5064 598 5130 dona
619 5067 791 5132 conferret.
825 5068 928 5134 Porro
945 5077 984 5134 ut
1000 5069 1118 5137 melius
1139 5078 1250 5154 pateat
1270 5073 1376 5138 sancti
1426 5075 1463 5140 in
1484 5092 1584 5137 manu
1613 5077 1691 5136 sunt
1718 5069 1841 5150 media,
1869 5089 2056 5136 successum
2078 5069 2113 5134 in
2136 5089 2237 5136 mana
2261 5068 2335 5134 Dei
2357 5088 2405 5134 ra·

400 5150 607 5237 patriarchae
626 5152 814 5232 consilium,
845 5154 1007 5221 notandus
1028 5164 1079 5223 est
1100 5155 1245 5224 Satanae
1267 5165 1375 5225 astus:
1426 5179 1561 5244 ponens.
1598 5155 1672 5222 Etsi
1689 5155 1777 5221 enim
1795 5154 1957 5241 precando
1975 5176 2070 5222 curas
2087 5163 2219 5221 nostras
2235 5157 2407 5221 reiicimns

402 5259 479 5304 nom
513 5249 550 5303 ut
581 5237 733 5322 propriae
763 5237 933 5323 dignitatis
965 5261 1065 5308 sensu
1098 5263 1159 5309 nos
1184 5241 1225 5309 ab
1253 5243 1376 5310 orando
1426 5247 1462 5312 in
1484 5244 1611 5323 Deum,
1639 5252 1678 5308 ut
1705 5243 1830 5325 pacatis
1857 5242 1960 5307 simus
1988 5261 2025 5308 ao
2053 5240 2239 5324 tranquillis
2276 5243 2405 5312 animis.

402 5323 576 5400 deterreat,
594 5323 825 5408 cogitationem
843 5325 928 5392 hano
945 5327 1040 5394 nobis
1056 5327 1215 5414 suggerit.
1244 5327 1375 5412 Quistu
1427 5351 1493 5397 non
1514 5338 1625 5397 tamen
1648 5328 1729 5396 haec
1759 5329 1916 5395 securitas
1944 5328 2082 5412 ignavos
2103 5325 2239 5393 reddere
2264 5349 2333 5394 nos
2355 5326 2407 5392 de-
