5000 6208
112 425 166 491 245
393 457 397 464 ·
756 422 1125 492 COMMENTARIUS
1147 423 1197 489 IN
1220 423 1434 491 GENESIN.
2027 417 2092 496 le

186 616 234 680 17.
253 611 693 696 EtprostruoiteeAbrabcm
706 613 741 676 ia
758 609 881 692 sonem.
911 611 984 677 Hoc
1001 632 1067 677 non
1120 611 1207 676 Illud
1236 629 1314 696 ergo
1342 611 1428 694 quod
1457 612 1527 677 dixi
1554 611 1674 680 certius
1702 620 1768 694 est,
1796 621 1964 698 precatum
1992 617 2094 686 fuisse

109 702 194 770 modo
212 699 423 778 reverentiae,
445 698 501 763 sed
519 696 595 763 fidei
612 717 739 780 quoque
759 697 979 763 testimonium
998 697 1067 763 fuit.
1121 695 1244 762 Abram
1266 705 1304 762 et
1324 696 1385 763 sibi
1415 706 1487 764 rata
1516 706 1603 766 esset
1624 719 1662 766 ac
1691 698 1818 767 stabilis
1839 701 1903 768 Dei
1929 704 2036 787 gratia
2057 705 2095 769 in

109 789 182 856 Nam
205 785 375 852 Abraham
396 804 462 850 non
485 791 613 848 tantum
638 782 745 849 Deum
767 779 890 862 adoret,
914 780 971 848 sed
994 803 1068 868 gra·
1119 803 1183 866 qua
1204 783 1439 865 acquiescebat.
1474 785 1579 850 Porro
1601 784 1819 870 incogitanter
1836 786 1872 852 in
1895 787 1956 853 hod
1978 797 2095 856 votnm

110 877 163 940 tice
178 893 288 955 agens,
311 869 374 936 lide
391 890 427 935 se
444 869 588 953 recipere
607 883 640 934 et
657 869 809 952 amplecti
826 875 966 934 testetur
982 868 1069 951 qnod
1119 869 1279 951 erumpit,
1309 889 1408 951 quum
1430 889 1510 952 prae
1539 870 1664 937 laetitia
1685 871 1832 937 nondum
1854 880 1985 956 caperet
2006 873 2094 959 quod

108 961 293 1045 promissum
315 964 387 1021 erat
408 952 448 1020 de
469 954 547 1021 lilio.
581 954 668 1021 Hinc
690 954 788 1020 etiam
811 954 921 1020 risisse
943 953 1068 1038 colligi·
1120 973 1161 1018 ex
1183 973 1240 1019 ore
1262 955 1395 1019 Domini
1423 955 1579 1021 audierat.
1629 955 1738 1022 Vicere
1758 974 1862 1024 coram
1884 957 1998 1026 lerose
2021 970 2094 1026 tan·

108 1067 179 1120 mus,
202 1064 270 1108 non
291 1041 375 1125 quod
398 1039 453 1105 vel
474 1049 660 1124 sperneret,
686 1040 739 1106 vel
761 1061 819 1123 pro
841 1039 952 1106 fabula
973 1038 1069 1106 duce·
1120 1041 1256 1105 tundom
1286 1040 1374 1106 valet
1395 1061 1433 1106 ac
1455 1041 1581 1106 servari
1602 1042 1671 1107 sine
1699 1042 1861 1125 praesidio
1886 1044 2094 1126 incolumem,

107 1143 166 1209 ret,
195 1129 247 1195 vel
279 1127 429 1193 reliceret
450 1124 513 1191 Dei
546 1126 810 1211 promissionem:
844 1124 901 1192 sed
931 1133 970 1189 ut
997 1127 1068 1190 fieri
1120 1125 1173 1190 vel
1195 1125 1236 1190 ab
1258 1126 1328 1208 ipso
1350 1125 1505 1192 benedici.
1539 1128 1629 1193 Petit
1649 1127 1753 1212 igitur
1763 1127 1886 1194 Abram
1904 1150 1925 1194 a
1941 1131 2095 1212 Domine,

107 1217 289 1302 plerumque
305 1213 340 1277 in
359 1212 456 1278 rebus
473 1213 607 1277 minime
624 1212 818 1295 exspectatis
840 1211 930 1290 solet,
951 1211 1070 1294 partim
1121 1219 1159 1276 ut
1181 1232 1278 1293 qnam
1300 1211 1433 1278 Ismaeli
1456 1211 1546 1277 dedit
1568 1213 1669 1278 vitam
1690 1223 1869 1281 mammet.

106 1303 215 1388 gaudio
236 1298 420 1375 exsultans,
448 1300 569 1380 partim
590 1297 804 1362 admiratione
827 1306 921 1362 extra
942 1318 976 1362 se
994 1317 1069 1381 rap·
1207 1297 1258 1363 19.
1289 1297 1365 1362 Vere
1393 1297 1485 1363 Sera.
1529 1294 1674 1379 Quidam
1701 1299 1892 1366 adverbium
1920 1284 1985 1370 bnt<
2011 1303 2096 1369 acci·

107 1400 168 1466 tus,
199 1385 367 1451 inrisum
399 1383 592 1468 prorumpit.
637 1383 750 1466 Neque
778 1383 865 1448 enim
893 1384 926 1447 in
956 1402 1069 1447 eorum
1121 1383 1217 1466 piunt
1245 1382 1386 1467 positum
1414 1404 1472 1467 pro
1494 1382 1591 1450 Vere.
1636 1385 1774 1451 Rectius
1803 1395 1914 1451 tamon
1936 1387 2008 1465 alii,
2038 1388 2095 1470 qui

106 1471 292 1540 sententiam
315 1467 475 1537 descendo
496 1469 611 1552 quiex
628 1469 698 1534 sola
719 1468 844 1534 laetitia
861 1467 964 1533 risum
982 1467 1070 1534 hrrnc
1120 1468 1269 1534 auxesim
1290 1469 1459 1534 continere
1483 1468 1607 1535 dicunt.
1650 1470 1785 1536 Excitat
1806 1473 1893 1537 enim
1916 1473 2007 1538 Deus
2028 1483 2096 1539 tor·

105 1579 247 1625 manasse
276 1564 409 1639 putant:
438 1554 517 1638 quin
547 1555 656 1637 potins
685 1554 837 1619 existimo
859 1554 998 1619 similem
1020 1563 1069 1619 at·
1120 1561 1251 1638 pentem
1274 1555 1360 1619 servi
1378 1555 1429 1621 sui
1451 1554 1616 1621 animum:
1638 1575 1676 1621 ao
1693 1557 1722 1621 si
1740 1556 1875 1623 diceret:
1898 1556 2020 1625 Obstat
2036 1557 2096 1624 tibi

106 1646 198 1710 tonito
221 1643 320 1708 fuisse
340 1640 528 1706 Abraham:
558 1638 643 1722 qnod
669 1640 767 1705 etiam
796 1640 946 1722 proxima
967 1641 1069 1704 inter·
1119 1641 1217 1706 nnius
1239 1641 1363 1721 gratiae
1384 1649 1578 1724 conspectus
1599 1662 1641 1706 ne
1663 1649 1699 1707 te·
1718 1641 1817 1709 altius
1839 1644 1959 1728 erigas:
1988 1646 2035 1710 ita
2056 1646 2095 1711 fit

104 1730 223 1815 rogatio
250 1727 437 1796 confirmat:
477 1723 646 1808 Numquid
691 1727 879 1790 centenario
918 1735 1069 1790 nascetur
1120 1735 1158 1791 ut
1179 1725 1277 1791 nimis
1299 1738 1435 1810 angusto
1456 1746 1573 1793 sensus
1595 1733 1668 1792 tuos
1690 1728 1874 1794 concludas.
1914 1729 2012 1796 Nune
2034 1731 2096 1815 igi·

103 1815 204 1881 filius?
233 1815 295 1880 etsi
317 1813 405 1877 enim
427 1831 494 1876 non
518 1808 669 1894 repudiat
690 1811 781 1894 quasi
814 1831 952 1890 vanum,
982 1809 1068 1894 quod
1121 1820 1177 1876 tur
1198 1811 1343 1876 animum
1367 1825 1458 1877 tuum
1482 1812 1590 1891 dilata,
1613 1822 1652 1878 ut
1669 1813 1755 1897 quod
1773 1813 1813 1880 de
1831 1814 1917 1882 Sara
1940 1819 2096 1900 promitto

103 1901 217 1968 dictim
241 1901 281 1964 ab
303 1896 419 1982 angelo
440 1896 562 1962 fuerat:
588 1917 623 1963 se
644 1904 755 1961 tamen
779 1915 844 1961 non
867 1916 959 1964 secus
980 1897 1068 1962 affici
1120 1895 1218 1962 simul
1240 1895 1402 1962 admittas.
1446 1897 1532 1963 Nam
1552 1899 1622 1981 spei
1650 1900 1750 1966 ianua
1771 1898 1812 1966 ad
1834 1900 1927 1968 serbi
1948 1901 2095 1967 latitudi-

102 1985 246 2062 ostendit,
268 2004 306 2050 ao
321 1981 505 2049 incredibili
524 1983 642 2047 nuncio
661 1980 767 2048 allato.
803 1980 858 2046 Ite
874 1982 922 2047 rei
939 1982 1070 2047 novitas
1121 2003 1195 2048 nem
1240 1991 1329 2048 atere
1351 1981 1455 2048 debet.

101 2093 169 2138 enm
200 2070 362 2156 percellit:
397 2076 435 2134 ut
464 2067 506 2138 ad
535 2069 633 2134 breve
662 2077 791 2150 tempus
817 2067 1003 2150 obstupeat:
1034 2089 1069 2134 se
1278 2072 1413 2134 ειαιιιαηι
1443 2069 1553 2151 foedus
1584 2087 1687 2134 ewam
1719 2089 1789 2136 erm
1817 2089 1859 2136 ec.
1914 2069 2095 2154 Spiritnale

100 2167 203 2223 umen
226 2155 389 2222 humiliat
402 2174 510 2220 eoram
533 2152 615 2229 Deo,
640 2162 674 2218 et
694 2163 804 2218 mente
825 2152 990 2230 sensusne,
1013 2174 1069 2236 po·
1120 2151 1233 2220 foedas
1256 2153 1425 2239 restringit
1446 2152 1486 2219 ad
1509 2174 1609 2219 unam
1632 2153 1807 2232 familiam,
1836 2163 1874 2221 ut
1900 2157 2095 2240 promissam

101 2245 235 2309 tentiam
252 2241 322 2308 eius
338 2240 372 2305 in
392 2250 513 2305 terram
532 2247 724 2322 prostratus,
744 2239 809 2304 fide
825 2237 946 2305 adorat.
983 2238 1069 2304 Nam
1121 2248 1198 2304 ante
1220 2238 1477 2305 benedictionem
1496 2237 1720 2323 indesperata
1737 2240 1862 2306 Abram
1881 2240 1999 2308 discat:
2019 2244 2095 2325 qnia

99 2329 178 2412 quod
207 2327 290 2392 haec
322 2347 389 2390 non
419 2325 518 2390 fuerit
545 2323 727 2390 dubitantis
756 2325 876 2403 oratio,
905 2325 998 2390 testis
1020 2335 1071 2390 est
1122 2325 1210 2390 enim
1232 2345 1421 2410 perversam
1443 2324 1507 2390 sibi
1529 2345 1620 2408 spem
1642 2327 1762 2410 absque
1783 2327 1849 2392 Dei
1871 2327 1970 2393 verbo
1993 2327 2096 2394 finxe-

100 2415 221 2479 Paulus
256 2412 297 2477 ad
326 2412 494 2477 Romanos
521 2431 591 2492 cap.
614 2412 652 2489 4,
683 2411 723 2477 19
751 2409 807 2494 qui
837 2423 935 2494 negat
964 2409 1070 2475 Abra·
1122 2420 1186 2488 rat,
1217 2431 1287 2476 eam
1317 2410 1429 2476 revelli
1457 2411 1547 2494 prius
1576 2413 1721 2494 oportuit
1745 2433 1786 2478 ex
1808 2413 1879 2478 eius
1900 2412 2008 2480 corde:
2031 2434 2094 2498 quo

98 2500 172 2565 ham
200 2497 422 2565 considerasse
440 2515 569 2578 corpus
597 2516 695 2562 suum
718 2501 918 2574 emortuum,
947 2495 1002 2562 vel
1024 2496 1070 2560 el·
1121 2496 1239 2562 maline
1261 2499 1402 2563 nuncin
1421 2497 1559 2562 coeleste
1580 2496 1747 2562 oraculum
1770 2499 1981 2576 recumberet,
2005 2521 2042 2566 ac
2060 2501 2095 2565 in

99 2585 214 2651 foetam
239 2584 373 2651 vulvam
396 2581 515 2659 Sarae,
548 2581 600 2647 vel
622 2581 824 2664 disquisiisae
848 2602 906 2664 per
928 2580 1069 2646 infideli·
1122 2580 1259 2648 solidam
1281 2582 1345 2647 Dei
1367 2581 1538 2648 veritatem
1566 2581 1680 2666 figeret
1709 2583 1886 2650 anchoram
1909 2583 1985 2650 fidei
2007 2606 2094 2666 snae,

97 2679 204 2752 tatem,
220 2667 280 2736 sed
297 2689 355 2753 spe
365 2687 465 2752 supra
474 2687 567 2750 spem
585 2666 769 2733 credidisse.
803 2667 849 2732 Et
865 2667 950 2750 qnod
969 2666 1071 2732 refert
1121 2688 1204 2750 qnae
1225 2667 1317 2750 prius
1339 2667 1371 2731 in
1395 2667 1476 2734 falsa
1497 2668 1729 2752 imaginatione
1749 2671 1972 2736 fluctuaverat.
2014 2671 2095 2737 Foe-

97 2757 214 2835 Moses,
237 2756 357 2822 diense
375 2753 540 2819 Abrabam
562 2753 597 2818 irs
617 2753 705 2820 corde
724 2773 798 2819 suo:
819 2773 886 2818 non
902 2753 950 2818 ita
967 2753 1069 2818 inter·
1122 2752 1183 2818 dns
1221 2764 1413 2836 perpetuum
1451 2762 1545 2820 vocat
1578 2773 1641 2836 quo
1673 2775 1774 2839 supra
1805 2755 1949 2822 diximus
1985 2777 2092 2823 sensu.

96 2853 202 2924 pretor
224 2841 321 2925 quasi
343 2838 493 2905 distincte
514 2838 576 2904 hoe
598 2839 708 2903 animo
730 2839 929 2922 conceperit:
953 2838 1010 2904 scd
1032 2845 1070 2904 ut
1121 2836 1250 2904 Deinde
1277 2839 1433 2923 exprimit
1464 2860 1529 2904 non
1561 2840 1632 2905 fore
1664 2840 1833 2924 alligatum
1866 2843 1924 2906 uni
1963 2851 2092 2908 tantum

95 2928 198 2994 multa
218 2927 314 2993 nobis
335 2925 435 2992 etiam
464 2931 594 3008 praeter
623 2924 867 2990 meditationem
896 2923 1069 3008 obrepunt,
1120 2943 1288 3008 personae,
1310 2924 1367 2990 sed
1389 2945 1562 2992 commune
1584 2926 1685 2991 totius
1706 2927 1851 3010 generis:
1881 2926 1966 3009 qnod
1989 2929 2094 2993 conti·

95 3023 228 3096 repente
257 3013 293 3078 in
322 3019 467 3076 mentem
495 3010 597 3076 subiit
623 3011 779 3095 perplexa
806 3011 870 3076 ista
903 3010 1067 3094 cogitatio,
1121 3031 1188 3075 nna
1209 3013 1411 3076 successione
1432 3011 1605 3094 perveniat
1626 3010 1666 3077 ad
1689 3020 1844 3096 posteros.
1881 3013 2023 3078 Videtur
2044 3023 2094 3079 ta·

96 3097 171 3180 quid
194 3100 258 3165 boc
281 3097 328 3163 rei
350 3103 408 3177 eet,
430 3104 468 3160 ut
487 3099 675 3161 centenario
698 3106 851 3162 nascatur
873 3095 984 3162 filius?
1007 3099 1067 3161 At·
1120 3116 1196 3160 men
1224 3093 1401 3161 absurdum
1430 3117 1501 3163 esse
1533 3096 1617 3180 quod
1651 3097 1836 3164 eironmoidi
1868 3098 1980 3164 iubeat
2001 3097 2094 3165 Deus

96 3185 147 3265 qui
169 3185 305 3250 videtur
334 3183 414 3249 hacc
442 3181 601 3264 quaedam
631 3182 716 3246 inter
743 3183 852 3247 carnis
880 3202 1012 3247 sensum
1035 3189 1069 3246 et
1119 3181 1309 3260 Ismaelem,
1350 3201 1447 3265 quem
1486 3201 1546 3248 sua
1584 3184 1690 3267 gratia
1723 3185 1840 3267 privat.
1889 3185 2093 3268 Respondeo,

94 3269 189 3335 fidem
212 3268 423 3351 disceptatio:
446 3287 523 3332 nem
547 3267 610 3333 etsi
632 3266 799 3332 Abraham
823 3275 1011 3332 reverenter
1032 3288 1068 3332 se
1119 3267 1269 3351 quamvis
1284 3267 1450 3334 Dominus
1466 3267 1561 3334 Isaac
1576 3269 1832 3353 primogenitum
1850 3277 1884 3334 et
1900 3279 1999 3353 caput
2016 3291 2094 3338 con-

94 3375 201 3420 coram
225 3357 298 3421 Deo
327 3364 551 3437 prosternens,
582 3352 652 3418 eine
679 3353 778 3418 verbo
805 3362 949 3418 mentem
967 3372 1066 3420 ‚suam
1120 3352 1245 3432 stituat,
1263 3373 1357 3437 equo
1374 3372 1508 3418 manare
1527 3353 1606 3419 velit
1623 3355 1739 3421 salutis
1757 3355 1885 3420 foedus:
1904 3366 2092 3422 nontamen

93 3442 239 3521 subiicit,
268 3441 316 3506 rei
346 3447 455 3505 tamen
485 3439 629 3503 novimte
660 3437 767 3505 adhuc
795 3438 956 3504 turbatur.
1001 3438 1068 3503 Re-
1118 3438 1292 3504 Ismaelem
1311 3459 1444 3521 prorsus
1462 3439 1652 3506 excludere:
1670 3442 1748 3524 quin
1767 3441 1875 3524 potius
1893 3441 1970 3508 dum
1988 3450 2093 3508 totam

93 3527 246 3610 spondeo,
266 3524 513 3591 admirationem
532 3524 617 3590 hanc
634 3543 717 3607 quae
735 3525 822 3588 viam
840 3544 906 3588 non
923 3523 1069 3590 obstrue·
1119 3523 1273 3590 Abrahae
1294 3523 1427 3590 domum
1449 3523 1583 3608 adoptat
1602 3525 1775 3592 Ismaelem
1802 3528 1896 3592 fratri
1918 3547 1976 3593 suo
1998 3527 2092 3594 Isaac

92 3611 145 3678 bat
167 3613 234 3678 Dei
258 3611 437 3697 potentiae,
460 3629 527 3674 non
549 3609 649 3675 fuisse
670 3608 746 3674 fidei
768 3608 979 3675 contrariam:
1003 3611 1068 3675 imo
1119 3611 1211 3694 quasi
1233 3610 1371 3676 inferius
1392 3610 1574 3676 membrum
1603 3612 1769 3696 adiungit,
1800 3612 1901 3678 donec
1923 3632 1957 3678 se
1979 3623 2013 3679 et
2034 3635 2092 3698 pa-

92 3697 167 3764 inde
184 3697 306 3764 melius
323 3695 442 3762 enituit
459 3694 534 3761 fidei
553 3696 656 3779 vigor,
674 3693 759 3778 quod
776 3716 834 3779 per
845 3705 913 3760 tam
930 3693 1067 3760 arduum
1119 3696 1181 3762 tris
1198 3694 1295 3761 domo
1312 3704 1346 3762 et
1362 3697 1508 3760 fraterna
1529 3696 1684 3763 societate
1705 3697 1840 3764 abdicet.
1879 3697 2091 3783 Supervacua

91 3783 298 3850 obstaculum
321 3783 462 3848 emersit.
506 3780 585 3846 Ideo
607 3801 674 3845 non
696 3779 950 3863 reprehenditur
981 3780 1067 3864 quod
1118 3781 1222 3865 igitur
1240 3782 1439 3848 circumcisio
1459 3802 1524 3847 non
1547 3783 1624 3862 fuit,
1648 3782 1749 3848 donec
1771 3804 1791 3848 a
1811 3783 1940 3850 loedere
1962 3786 2091 3852 exude-

90 3869 209 3944 riserit,
233 3868 331 3935 sicuti
353 3869 500 3949 proximo
522 3867 627 3948 capite
649 3865 742 3932 Sara.
1119 3876 1185 3932 ret:
1208 3867 1292 3951 quod
1315 3869 1445 3933 tametsi
1466 3888 1567 3951 penes
1588 3869 1694 3951 ipsum
1717 3888 1783 3933 non
1806 3880 1876 3935 erat
1898 3869 2089 3954 depositum,

175 3956 229 4022 18.
250 3953 388 4019 Eidiail
398 3951 739 4038 AbrcbomadDerqn.
768 3949 844 4016 Non
862 3952 929 4017 iam
947 3952 1065 4018 tacitns
1118 3964 1246 4036 poterat
1267 3962 1377 4018 tamen
1400 3954 1595 4036 participare
1617 3975 1691 4020 oum
1714 3956 1816 4020 fratre
1833 3975 1891 4020 suo
1909 3956 2011 4024 lsaao.
2048 3958 2090 4022 In

90 4060 198 4105 seeum
224 4038 568 4104 miraturAbraham:
592 4037 700 4102 sedin
719 4047 830 4103 votum
849 4057 886 4103 ac
907 4039 1066 4120 precatio-
1118 4057 1263 4116 summa,
1293 4037 1376 4104 nihil
1402 4038 1490 4104 alind
1517 4040 1681 4124 significat
1713 4039 1765 4105 his
1794 4041 1903 4108 verbis
1928 4043 2090 4109 Dominus

90 4145 162 4189 nem
185 4125 379 4191 effunditur.
424 4122 618 4207 Quanquam
640 4124 761 4188 turbati
786 4121 891 4188 adhuc
916 4132 949 4187 et
966 4122 1066 4189 vacil·
1117 4145 1214 4208 qnam
1236 4123 1330 4190 Isaac
1351 4125 1533 4210 legitimum
1559 4125 1737 4207 promissae
1766 4125 2000 4193 benedictionis
2021 4131 2090 4193 lore

90 4209 187 4277 lautis
219 4211 323 4277 animi
353 4231 418 4275 vox
446 4211 509 4273 ista
530 4220 597 4287 est,
623 4210 692 4274 oss‘
719 4208 786 4295 (vel
816 4206 955 4294 utinam)
983 4211 1068 4275 emet
1117 4208 1301 4275 haeredem.

90 4295 217 4362 Iemecl.
266 4296 372 4377 Quasi
401 4297 487 4360 enim
521 4295 630 4360 minus
656 4315 787 4378 sperare
819 4295 939 4360 audeat
969 4314 1067 4377 quam
1203 4295 1255 4362 20.
1279 4295 1323 4361 Et
1345 4315 1407 4378 pro
1429 4294 1555 4362 Isarael.
1600 4295 1731 4361 clarius
1759 4299 1846 4362 inter
1871 4295 1952 4363 duos
1981 4297 2089 4364 Abrae

89 4383 255 4465 promittit
273 4381 373 4458 Deus,
397 4381 431 4445 in
450 4379 520 4444 filio
537 4381 603 4444 iam
622 4387 698 4445 nato
717 4380 878 4446 subsistit:
897 4400 963 4445 non
980 4379 1066 4463 quod
1117 4380 1202 4446 filios
1224 4378 1388 4447 discernit.
1432 4381 1517 4446 Nam
1540 4382 1634 4446 alteri
1654 4382 1848 4464 promittens
1869 4403 1958 4466 opes,
1982 4382 2091 4468 digni·

88 4468 341 4550 promissionem
364 4464 404 4533 de
426 4486 511 4530 nova
532 4464 640 4531 sobole
662 4467 800 4532 reiieiat:
824 4464 880 4531 sed
903 4466 977 4549 quia
999 4467 1066 4531 iam
1118 4475 1235 4543 tatem,
1264 4478 1297 4531 et
1325 4466 1389 4532 alia
1418 4487 1501 4549 qnae
1529 4477 1607 4533 sunt
1636 4470 1816 4550 praesentis
1844 4468 1950 4548 vitae,
1980 4471 2089 4535 carnis

88 4563 225 4639 accepta
248 4554 356 4637 matie
376 4559 548 4617 contentus
569 4561 633 4627 est,
661 4553 722 4617 nisi
742 4552 872 4636 longius
894 4573 929 4617 se
951 4563 1066 4617 exten·
1117 4551 1222 4618 filium
1252 4573 1322 4618 esse
1351 4552 1500 4618 ostendit.
1543 4551 1713 4618 Peculiare
1740 4563 1849 4618 autem
1878 4553 2088 4621 foeduscum

88 4638 179 4704 deret
201 4638 271 4703 Dei
292 4636 480 4704 liberalitas.
524 4635 597 4702 Non
619 4655 697 4722 ergo
720 4638 843 4720 respuit
862 4636 948 4719 quod
969 4637 1067 4702 offert
1116 4638 1211 4704 Isaac
1237 4639 1429 4721 paciscitur,
1456 4637 1542 4723 quod
1569 4637 1727 4703 mundum
1756 4649 1789 4703 et
1819 4638 1903 4705 hanc
1932 4638 2089 4706 caducam

88 4724 271 4790 Dominus:
299 4722 356 4788 sed
379 4743 477 4806 quum
500 4722 652 4807 amplecti
675 4731 807 4807 paratus
827 4723 887 4800 sit,
909 4743 951 4787 ex
971 4722 1066 4788 infir·
1120 4724 1220 4789 vitam
1239 4723 1472 4790 transscendit:
1494 4738 1559 4789 non
1579 4722 1665 4807 qnod
1687 4743 1778 4809 spem
1797 4733 1950 4790 aeternae
1972 4726 2089 4792 salutis

87 4831 139 4875 mo
168 4823 286 4878 tamen
315 4809 424 4874 carnis
452 4828 550 4874 sensu
578 4808 625 4874 illi
655 4809 761 4874 effluit
789 4806 889 4874 istud:
929 4807 1065 4874 Utinam
1115 4809 1249 4876 Ismaeli
1270 4809 1445 4893 praecidat,
1466 4811 1523 4875 sed
1545 4818 1583 4874 ut
1604 4809 1717 4876 doceat
1738 4831 1757 4874 a
1778 4829 1898 4894 genere
1918 4811 2011 4878 Isaac
2031 4831 2091 4896 pe-

87 4893 218 4962 Ismael.
257 4892 400 4976 Quidam
422 4895 469 4959 ita
489 4901 607 4978 putant
628 4894 799 4977 loquutnm
819 4893 958 4973 Abram,
981 4892 1066 4978 quod
1117 4895 1250 4960 tendam
1268 4917 1338 4962 esse
1360 4895 1498 4960 salutem
1521 4895 1577 4960 ubi
1598 4895 1727 4961 residet.
1770 4896 1944 4962 (laetorum
1962 4896 2089 4981 colligi·

87 4981 313 5068 primogenite
334 5001 394 5046 suo
425 4981 584 5045 metuerit.
630 4979 695 5045 Sed
719 4979 809 5045 nulla
831 4990 881 5045 est
903 4981 986 5044 ratio
1008 5001 1067 5045 cur
1117 5002 1247 5046 musex
1268 4981 1414 5048 hocloco
1436 4990 1564 5047 sanctos
1583 4989 1692 5065 patres
1714 4982 1848 5047 minime
1866 4981 1900 5048 in
1919 4994 2006 5048 terra
2022 4982 2088 5048 Dei

86 5079 245 5149 putemus
265 5066 323 5131 tali
341 5073 431 5132 metu
471 5064 631 5132 cronlaum
650 5065 751 5131 fnisse
768 5064 902 5142 Abram,
922 5067 1067 5132 neDens
1116 5066 1384 5149 promissionibus
1406 5074 1550 5132 retentos
1571 5066 1680 5146 brisso,
1702 5065 1759 5132 sed
1777 5068 1886 5149 potins
1903 5068 1938 5132 in
1961 5069 2088 5134 coelum

86 5153 230 5220 altarum
257 5152 364 5218 filium
386 5086 503 5228 danlo,
527 5151 667 5234 priorem
695 5151 855 5217 auferret:
878 5153 969 5233 quasi
993 5172 1065 5233 pos·
1118 5160 1257 5218 evectos.
1302 5152 1387 5216 Nam
1409 5151 1567 5236 quidquid
1588 5151 1728 5235 optabile
1749 5162 1800 5218 est
1827 5162 1976 5219 terrenae
1996 5155 2089 5222 vitas

85 5241 186 5305 terior
214 5240 291 5303 eius
314 5238 419 5321 gratia
446 5237 588 5320 priorem
616 5234 794 5302 absorbeat
829 5237 875 5302 Et
892 5237 979 5302 hune
996 5257 1067 5302 sen·
1116 5248 1266 5320 respectu
1293 5236 1386 5303 Deus
1415 5236 1594 5304 liberaliter
1628 5248 1661 5303 et
1696 5237 1822 5321 prolixe
1848 5237 1980 5304 Ismaeli
2010 5259 2086 5322 pro-

85 5346 156 5392 sum
175 5323 306 5391 refellit
322 5323 386 5387 Dei
408 5322 583 5406 responsio,
605 5341 687 5406 quae
703 5323 802 5406 paulo
819 5329 892 5406 post
909 5322 1064 5405 sequitur.
1117 5320 1232 5387 mittit:
1256 5331 1289 5388 et
1310 5332 1418 5388 tamen
1441 5322 1599 5408 quidquid
1620 5323 1654 5388 in
1673 5343 1747 5389 cnm
1770 5323 1929 5390 donorum
1950 5323 2086 5408 oensem,

1827 5424 1877 5480 16·
