4988 6192
318 404 384 471 459
979 399 1349 470 COMMENTARIUS
1372 402 1422 467 IN
1444 401 1658 469 GENESIN.
2250 404 2317 469 460

318 600 449 659 tantum
467 593 621 677 populum
644 591 768 658 viribus
785 599 895 657 essent
915 591 1075 675 impares,
1101 591 1288 674 excogitant
1340 592 1456 676 cupide
1490 599 1641 659 sectatur.
1689 589 1877 657 Secundum
1899 579 1961 657 hec
1988 590 2159 656 eonsilium
2187 590 2316 657 Homer

320 700 440 746 novam
462 678 620 754 fraudem,
638 687 676 741 ut
699 677 890 742 vulneribus
912 675 1034 743 debiles
1054 686 1189 761 repente
1211 676 1287 741 ado·
1340 687 1373 740 et
1392 676 1524 744 Sicbem
1547 677 1682 743 laudaut
1700 697 1720 741 a
1736 677 1895 759 probitate
1913 688 1947 741 et
1960 677 2147 760 tranquillis
2168 677 2316 743 moribus

320 767 457 831 riantur.
512 764 629 846 Itaque
661 784 760 845 quum
794 762 922 828 miseris
956 762 1137 829 Sichimitis
1178 762 1288 828 nullus
1340 762 1474 828 domum
1491 764 1599 841 Iacob,
1619 771 1658 829 ut
1677 771 1826 828 statuant
1843 761 2037 828 sichimitae
2055 762 2138 827 utile
2157 763 2218 828 sibi
2243 785 2315 829 esse

320 852 414 934 rigor
446 849 486 914 ad
520 847 738 914 resistendum
772 856 973 933 suppeteret,
1015 849 1189 914 trucidatio
1226 848 1288 912 fuit
1339 849 1420 914 talos
1450 849 1593 935 resipere
1621 849 1775 931 hospites.
1822 846 1958 913 Addunt
1991 856 2113 914 terram
2142 849 2222 914 satis
2245 870 2316 914 am·

318 937 423 1020 magis
448 955 545 1018 quam
574 933 704 1000 coedes:
739 935 822 1016 quod
856 935 987 1000 sceleris
1018 936 1219 1002 atrocitatem
1252 934 1287 998 in
1339 934 1427 1018 plem
1447 957 1527 1016 esse,
1549 945 1587 1001 ut
1605 934 1695 1000 nulla
1712 934 1875 1017 prioribus
1892 933 2008 1000 incolis
2026 935 2151 1000 iactura
2168 934 2317 999 timenda

318 1022 395 1086 filiis
416 1020 512 1087 Iacob
532 1019 717 1103 amplificat,
740 1019 858 1102 quibus
884 1020 966 1085 nihil
985 1021 1077 1104 pensi
1101 1031 1162 1105 est,
1192 1019 1287 1085 modo
1339 1021 1390 1086 sit.
1424 1021 1580 1105 Reliquas
1599 1017 1715 1086 deinde
1733 1019 1979 1087 commoditates
1997 1020 2170 1104 eolligunt:
2189 1020 2317 1086 interea

318 1106 443 1171 rabiem
466 1127 559 1171 suam
582 1104 745 1187 expleant.
789 1106 975 1184 Excusant,
1005 1105 1090 1193 quod¹
1114 1128 1214 1190 quum
1237 1127 1287 1171 se·
1339 1107 1501 1190 privatam
1524 1127 1656 1174 causam
1685 1114 1792 1172 astute
1818 1106 1994 1172 subticent.
2038 1105 2135 1172 Unde
2158 1107 2315 1188 sequitur,

318 1193 446 1277 gregati
467 1192 535 1256 sint
557 1213 575 1255 a
598 1191 731 1273 reliquis
753 1191 922 1275 gentibus,
946 1212 1066 1258 uxeres
1088 1214 1129 1258 ex
1151 1212 1210 1258 suo
1232 1211 1288 1274 ge·
1340 1214 1452 1258 omnes
1481 1195 1560 1258 istos
1585 1200 1775 1275 praetextus
1804 1191 1934 1258 fallaces
1963 1211 2042 1258 esse.
2089 1190 2154 1257 Sed
2183 1191 2239 1258 hie
2266 1194 2314 1257 ni-

285 1353 289 1362 ,
318 1299 396 1344 nere
423 1277 657 1344 incircumcisis
679 1276 758 1342 dare
781 1298 844 1342 non
878 1277 983 1342 liceat.
1029 1277 1125 1359 Quod
1157 1276 1289 1362 quidem
1340 1279 1443 1343 mium
1472 1278 1620 1363 vulgaris
1649 1286 1700 1344 est
1729 1278 1877 1355 morbus,
1912 1285 1949 1342 ut
1977 1277 2126 1376 primarii
2153 1277 2313 1358 homines,

317 1385 434 1431 verum
457 1372 537 1441 erat,
559 1364 587 1428 si
610 1384 651 1427 ex
674 1361 782 1427 animo
803 1363 930 1446 loquuti
948 1364 1070 1429 forent:
1095 1366 1183 1446 atqui
1207 1362 1289 1428 falso
1340 1365 1395 1446 qui
1418 1365 1593 1429 autoritate
1614 1363 1746 1446 pollent,
1767 1360 1845 1427 dum
1863 1362 1905 1428 ad
1923 1371 2067 1428 rationes
2089 1384 2165 1428 suas
2188 1363 2316 1430 domes-

317 1449 498 1517 obtendunt
521 1470 650 1514 sacrum
667 1449 729 1513 Dei
748 1469 879 1514 nemen:
901 1448 966 1514 imo
985 1449 1105 1532 duplex
1127 1450 1197 1514 eius
1215 1469 1287 1531 pro·
1341 1451 1420 1516 tices
1449 1452 1558 1514 omnia
1586 1449 1748 1529 referunt,
1783 1449 1938 1514 simulent
1967 1456 2077 1512 tamen
2106 1468 2142 1514 se
2168 1448 2203 1512 in
2227 1468 2316 1514 com·

318 1536 442 1601 fanatio
464 1536 514 1600 bis
543 1534 718 1618 sacrilegos
747 1555 818 1600 esse
846 1535 997 1600 ostendit.
1055 1537 1168 1618 Neque
1201 1535 1289 1599 enim
1342 1556 1440 1600 mune
1463 1536 1661 1619 prospicere,
1689 1543 1722 1601 et
1743 1533 1890 1618 publicae
1913 1533 2066 1599 utilitatis
2088 1532 2236 1600 studium
2260 1536 2316 1600 oh-

317 1621 383 1686 illis
405 1641 504 1687 curae
526 1631 576 1685 ost
594 1620 811 1686 circumcisio:
831 1619 888 1684 sed
912 1621 947 1684 in
964 1621 1026 1686 hoc
1045 1642 1147 1686 unum
1169 1620 1290 1685 intenti
1341 1621 1486 1686 tendant.
1537 1622 1584 1686 Et
1611 1618 1742 1704 quidem
1775 1620 1914 1703 optimos
1941 1620 2042 1686 fuisse
2071 1621 2171 1686 totius
2201 1620 2316 1703 populi

317 1717 406 1786 suut,
427 1705 586 1790 quomodo
608 1706 743 1771 miseros
758 1705 909 1771 hominos
926 1706 1074 1772 imbelles
1091 1707 1288 1790 opprimant.
1341 1705 1496 1774 credibile
1518 1714 1576 1781 est,
1598 1727 1635 1772 ac
1657 1706 1818 1790 singulari
1839 1706 1964 1771 virtute
1985 1705 2158 1787 praeditos,
2183 1705 2224 1770 de
2246 1708 2315 1789 qui·

317 1792 449 1858 Deinde
478 1793 609 1876 signum
638 1811 809 1875 perperam
837 1791 997 1857 divellunt
1020 1812 1038 1856 a
1060 1812 1119 1858 sua
1142 1793 1288 1868 veritate,
1341 1793 1401 1860 hus
1424 1792 1477 1859 hic
1499 1795 1536 1858 fit
1558 1813 1673 1856 sermo.
1719 1791 1906 1874 Principem
1929 1791 2016 1855 enim
2039 1789 2233 1857 Sichimitae
2255 1791 2316 1856 sibi

317 1901 355 1945 ae
378 1880 406 1944 si
429 1877 501 1960 quis
524 1876 666 1962 deposito
690 1878 871 1960 praeputio,
902 1883 1036 1961 repente
1063 1879 1098 1942 in
1121 1878 1289 1943 eeclesiam
1341 1879 1530 1964 delegerant
1546 1878 1681 1954 Homer,
1702 1889 1738 1942 ut
1756 1877 1812 1960 qui
1829 1876 1958 1942 eximiis
1977 1876 2104 1943 dotibus
2122 1885 2316 1959 praestaret.

318 1962 384 2029 Dei
418 1971 572 2029 transeat.
635 1965 743 2046 Atque
776 1962 838 2028 hoc
871 1963 966 2028 modo
999 1964 1169 2046 spirituale
1203 1964 1289 2028 vitae
1341 1963 1503 2030 Videmus
1532 1974 1641 2028 temen
1671 1972 1708 2028 ut
1736 1961 1940 2028 rectitudinis
1973 1963 2079 2045 specie
2111 1963 2317 2028 mentiantur

318 2049 504 2136 symbolum
533 2048 703 2132 polluunt,
732 2048 810 2114 dum
835 2047 875 2113 ad
898 2051 969 2114 eius
999 2050 1185 2116 societatem
1215 2068 1290 2132 pro·
1342 2071 1379 2114 ac
1400 2049 1526 2115 fallant.
1572 2049 1666 2115 Unde
1689 2049 1788 2114 etiam
1817 2047 2029 2132 perspicitur,
2059 2047 2250 2132 hypocrisin
2272 2049 2317 2112 ita

318 2137 457 2214 miscuo,
486 2141 519 2199 et
541 2136 613 2200 sine
640 2134 766 2200 delectu
796 2133 976 2199 admittunt
1002 2135 1151 2200 hemines
1180 2145 1289 2199 extra·
1342 2136 1473 2219 penitus
1494 2137 1630 2201 infixam
1653 2156 1724 2200 esse
1746 2134 1900 2199 humanis
1922 2133 2079 2218 ingeniis,
2109 2141 2147 2197 ut
2175 2135 2316 2200 miraeu-

318 2241 406 2288 neos.
443 2220 532 2302 Quia
553 2230 664 2284 tamen
686 2219 885 2303 probabilem
903 2221 1042 2287 colorem
1061 2219 1161 2286 habet
1177 2241 1290 2286 eorum
1343 2223 1412 2286 lum
1434 2222 1477 2288 sit
1497 2242 1619 2306 purum
1641 2221 1681 2285 ab
1704 2240 1758 2298 ea,
1782 2228 1815 2284 ot
1843 2240 1983 2286 vacuum
2015 2219 2202 2303 quempiam
2226 2240 2316 2303 repe·

318 2306 494 2386 simulatio,
513 2306 692 2371 notandum
709 2315 756 2372 est
776 2305 861 2388 quod
879 2307 998 2386 dicunt,
1016 2307 1208 2392 probrosum
1227 2305 1291 2371 sibi
1343 2308 1418 2387 riri,
1452 2309 1645 2390 praesertim
1674 2306 1731 2371 ubi
1761 2305 1925 2387 privatum
1957 2303 2163 2371 commodum
2197 2306 2317 2390 agitur.

319 2394 388 2458 fore
410 2393 439 2458 si
461 2393 532 2457 viro
555 2412 621 2456 non
643 2392 833 2458 circumciso
852 2390 1001 2458 dederint
1023 2414 1167 2459 sororem
1188 2413 1290 2457 suam.
1343 2395 1418 2459 Hoc
1440 2393 1589 2476 exemplo
1611 2392 1740 2458 discant
1762 2391 1817 2475 qui
1838 2401 2011 2474 praesunt,
2034 2390 2260 2457 sinceritatem
2283 2391 2317 2454 in

318 2479 394 2544 Hoc
415 2499 540 2561 queque
562 2498 676 2543 verum
699 2483 766 2556 est,
796 2478 977 2559 siquidem
1004 2487 1134 2546 autores
1156 2477 1292 2544 haberet
1343 2479 1480 2562 publicis
1509 2477 1654 2545 consiliis
1684 2478 1754 2544 sine
1782 2476 1911 2559 obliquo
1939 2477 1989 2542 sui
2023 2485 2173 2560 respectu
2202 2477 2316 2542 colere.

319 2563 470 2642 idoneos,
498 2583 573 2627 nam
598 2563 673 2646 quie
694 2563 758 2629 Dei
780 2562 911 2648 insigne
932 2565 967 2628 in
986 2585 1082 2630 carne
1105 2585 1165 2630 sua
1185 2571 1292 2649 gesta·
1343 2565 1499 2630 Vicissim
1531 2571 1716 2648 temperent
1748 2562 1809 2628 sihi
1840 2562 1969 2646 populi,
2003 2584 2045 2627 ne
2077 2583 2154 2627 suae
2182 2562 2318 2627 utilitati

317 2651 417 2730 bant,
445 2649 537 2714 nefas
565 2649 632 2714 illis
654 2649 717 2715 fuit
738 2650 822 2714 cuml
842 2648 1018 2715 incredulis
1040 2651 1193 2734 coniugio
1214 2670 1292 2716 con·
1344 2652 1482 2716 nimium
1509 2651 1657 2716 inhient:
1690 2649 1768 2734 quia
1796 2646 1936 2714 subinde
1963 2647 2131 2732 continget
2153 2669 2211 2714 eos
2232 2669 2317 2713 vane

320 2735 460 2801 trahere.
506 2733 562 2801 Sio
584 2743 617 2800 et
639 2734 734 2800 bodie
756 2753 817 2798 nos
839 2754 859 2799 a
880 2735 1025 2817 profanis
1053 2746 1183 2820 separat
1212 2736 1292 2818 hap·
1343 2739 1450 2821 specie
1476 2737 1633 2815 inescari,
1667 2756 1732 2800 non
1762 2756 1854 2800 secus
1879 2753 1919 2800 ae
1943 2733 2041 2798 hamo
2072 2734 2186 2818 pisces.
2233 2734 2317 2798 Nam

319 2821 437 2887 tismus
459 2830 578 2898 noster,
602 2827 639 2885 ut
655 2819 811 2885 infamiae
830 2827 940 2885 notam
959 2822 1022 2887 sibi
1044 2830 1189 2888 accersat
1206 2822 1293 2905 quis-
1345 2831 1382 2887 ut
1411 2843 1526 2888 caecus
1554 2832 1603 2888 est
1633 2842 1725 2887 amor
1755 2819 1874 2898 nostri,
1908 2818 1980 2884 siue
2009 2817 2126 2884 iudicio
2155 2819 2197 2883 ad
2227 2840 2317 2902 spem

319 2908 392 2991 quis
414 2927 449 2971 se
471 2928 545 2972 cum
567 2905 633 2972 illis
656 2905 779 2972 miscet.
1344 2909 1428 2975 lucri
1457 2908 1628 2974 trahimur.
1673 2907 1719 2972 Et
1744 2906 1908 2972 Dominus
1937 2905 2036 2971 etiam
2065 2925 2203 2988 pravam
2233 2905 2319 2970 hano

406 2992 456 3057 18.
480 2991 525 3056 Et
538 2992 725 3072 peraeae
744 2992 846 3058 carba
885 2992 1099 3075 Prosequitur
1120 2992 1292 3060 historiam
1343 2991 1563 3077 cupiditatem,
1584 2993 1743 3077 adquam
1760 3013 1819 3056 nos
1836 2990 1913 3074 plus
1930 3011 2032 3074 aequo
2049 3011 2230 3076 propensos
2248 3011 2319 3056 esse

318 3077 440 3156 Moses,
457 3075 559 3142 donee
574 3075 874 3144 edSichimitarum
892 3076 1022 3144 caedem
1041 3078 1161 3144 veniat.
1195 3077 1292 3159 Quod
1343 3080 1442 3158 videt,
1462 3081 1547 3146 iuste
1565 3080 1712 3163 castigat,
1731 3077 1810 3142 dum
1827 3076 2226 3144 fucumnobisfierisinit.
2258 3076 2318 3141 Di·

319 3169 388 3229 tam
418 3163 544 3228 facilem
572 3184 607 3229 se
635 3163 785 3246 praebuit
805 3165 949 3244 Hemor,
984 3185 1050 3228 non
1078 3164 1214 3230 dubium
1242 3172 1293 3231 est
1344 3167 1508 3232 citMoses
1527 3185 1710 3230 sermonem
1723 3162 1870 3229 habitum
1883 3165 1916 3227 in
1928 3170 2023 3246 porta
2041 3162 2140 3242 urbis,
2164 3163 2221 3228 ubi
2240 3171 2317 3228 tunc

319 3249 399 3332 quin
422 3247 485 3314 huc
513 3247 664 3332 precibus
691 3250 753 3314 filii
781 3249 935 3316 inductus
964 3249 1071 3316 fuerit.
1116 3249 1212 3316 Unde
1235 3272 1292 3334 ap·
1343 3251 1416 3317 fieri
1438 3251 1586 3317 solebant
1607 3249 1726 3334 publici
1749 3262 1940 3327 conventus,
1964 3258 1998 3312 et
2019 3249 2163 3313 exerceri
2186 3246 2317 3315 iudicia.

318 3341 413 3418 paret
435 3334 537 3398 nimie
559 3333 636 3400 boni
658 3337 747 3401 senis
769 3336 988 3420 indulgentia:
1019 3336 1176 3401 debuerat
1196 3337 1292 3402 initio
1429 3338 1480 3402 24.
1504 3335 1549 3402 Et
1569 3338 1692 3403 msaasi
1712 3340 1786 3402 aare
1807 3334 1930 3400 Homer
1951 3339 1978 3399 et
2001 3331 2122 3400 sedem
2147 3333 2215 3415 filie
2240 3337 2316 3400 aas.

319 3441 434 3486 severe
474 3421 637 3504 corrigere
669 3422 729 3487 filii
769 3421 940 3487 delictum:
982 3442 1049 3488 non
1082 3422 1177 3488 modo
1210 3423 1292 3507 tegit
1343 3423 1385 3488 In
1413 3424 1554 3507 speciem
1581 3422 1636 3488 hic
1669 3440 1821 3487 assensus
1853 3419 2032 3485 modestiae
2060 3431 2092 3486 et
2118 3418 2319 3486 humanitati

319 3513 478 3589 quantum
500 3514 622 3590 potest,
645 3507 701 3573 sed
724 3507 977 3591 inquibuslibet
998 3509 1070 3573 eius
1091 3508 1177 3574 votis
1199 3507 1291 3575 obse-
1344 3508 1482 3576 adseribi
1516 3517 1633 3593 posset.
1684 3508 1771 3572 Nam
1804 3503 1890 3589 quod
1923 3506 2059 3572 comiter
2091 3505 2319 3590 obtemperant

318 3591 439 3674 quitur.
491 3592 607 3658 Laude
640 3593 770 3677 quidem
800 3591 899 3678 digna
928 3593 1041 3658 fuisset
1072 3593 1152 3660 haec
1180 3594 1290 3660 mode·
1344 3595 1411 3660 suis
1434 3594 1653 3678 principibus,
1683 3603 1717 3658 et
1738 3591 1878 3676 benigne
1905 3591 2052 3676 hospites
2075 3591 2256 3657 admittunt
2276 3590 2319 3656 ad

318 3679 409 3755 ratio,
429 3687 462 3742 et
479 3679 634 3760 aequitas,
657 3680 684 3745 si
703 3700 842 3765 aequum
861 3680 1059 3764 postulasset
1076 3680 1179 3745 filius:
1202 3701 1291 3746 nunc
1343 3682 1395 3747 ius
1427 3701 1565 3764 aequum
1600 3679 1755 3744 civitatis:
1790 3679 1824 3743 in
1856 3685 1994 3760 utroque
2024 3689 2057 3743 et
2088 3677 2255 3744 modestes
2284 3685 2318 3742 et

318 3783 399 3828 vero
420 3763 504 3846 qued
524 3766 556 3828 in
576 3765 633 3829 filii
656 3767 795 3848 gratiam
819 3787 921 3830 senex
939 3766 1141 3849 incognitam
1164 3766 1292 3849 religio·
1343 3768 1504 3832 humanos
1530 3787 1565 3831 se
1594 3764 1761 3848 praebent.
1805 3764 1934 3829 Verum
1961 3763 1988 3828 si
2018 3773 2210 3846 reputamus
2239 3761 2318 3847 quid

318 3869 393 3914 nem
423 3849 575 3931 suscipit,
603 3851 727 3933 sibique
753 3851 876 3916 vulnus
898 3853 932 3916 in
962 3871 1060 3916 earne
1082 3873 1142 3917 sua
1168 3853 1292 3935 patitur
1344 3853 1485 3918 valuerit
1506 3850 1718 3930 circumcisio,
1736 3849 1829 3916 f'acile
1852 3847 1974 3932 patebit
1988 3849 2084 3932 ipsos
2106 3848 2219 3915 sibiet
2240 3870 2316 3933 pro-

317 3935 433 4019 infligi,
456 3955 476 3998 a
497 3935 640 4000 stultitia
661 3937 812 4002 excusari
834 3958 901 4001 non
926 3945 1041 4020 petest.
1086 3938 1217 4004 Dicitur
1238 3939 1300 4024 iuff
1342 3939 1432 4022 priae
1462 3937 1598 4004 utilitati
1626 3936 1727 4002 fuisse
1756 3935 1855 4000 nimis
1883 3934 2039 4000 addictos.
2085 3933 2204 4002 Sciunt
2230 3954 2317 3999 noro

317 4021 411 4087 venis
434 4041 500 4086 non
524 4020 686 4099 tardasse,
714 4022 791 4105 quia
812 4022 1025 4088 vehementer
1047 4023 1179 4088 amabat
1199 4023 1289 4108 puel·
1342 4032 1546 4090 sacramento
1578 4043 1614 4088 se
1647 4021 1773 4087 traduci
1806 4019 1847 4086 ad
1881 4020 2048 4086 diversum
2081 4019 2146 4084 Dei
2178 4019 2317 4086 cultum.

317 4105 401 4184 lam,
435 4114 469 4171 et
497 4105 657 4190 dignitate
683 4108 825 4191 pollebat
852 4111 939 4174 iuter
966 4129 1042 4175 suos
1075 4110 1181 4175 cives:
1215 4111 1291 4193 quia
1341 4109 1496 4176 Nondum
1515 4108 1620 4176 edocti
1637 4118 1732 4174 erant
1753 4105 1935 4172 ablutiones
1953 4113 1986 4171 st
2008 4106 2176 4185 sacrificia,
2199 4107 2318 4190 quibus

317 4200 451 4275 propter
483 4192 640 4262 honorem
673 4193 876 4278 principatus
909 4194 1003 4260 facile
1034 4194 1175 4260 obtinuit
1205 4195 1290 4278 quod
1341 4205 1412 4262 tota
1422 4197 1493 4261 vitu
1504 4202 1724 4271 assueverant,
1747 4214 1817 4258 esse
1834 4191 1968 4258 inutiles
1989 4213 2103 4276 nugas.
2136 4192 2226 4276 Ergo
2248 4201 2319 4258 tam

318 4277 456 4342 volebat.
500 4278 592 4343 Nihil
620 4281 706 4346 enim
735 4281 910 4364 profuisset
938 4280 1047 4347 fervor
1076 4280 1131 4346 ille
1160 4282 1290 4362 amoris,
1341 4302 1454 4348 secure
1471 4289 1599 4346 mnata
1615 4279 1729 4363 religio
1750 4299 1896 4345 crassum
1914 4278 1950 4343 in
1967 4278 2047 4362 ipsis
2065 4276 2131 4342 Dei
2149 4287 2318 4361 contemp-

318 4364 383 4430 nisi
406 4361 447 4428 ad
468 4384 601 4429 manum
631 4365 745 4430 fuisset
772 4365 910 4433 facultas
939 4365 1130 4432 conficiendi
1156 4368 1289 4451 negotii.
1342 4375 1412 4432 tum
1435 4367 1552 4450 prodit.
1598 4367 1776 4450 Nunquam
1805 4364 2052 4448 superstitiones
2074 4384 2150 4428 suas
2172 4372 2238 4428 tem
2260 4386 2317 4428 su·

404 4449 455 4513 21.
488 4449 558 4514 Viri
579 4452 635 4516 isti
650 4451 786 4533 pacifici.
830 4453 1006 4518 Rationem
1029 4452 1149 4540 egendi
1170 4452 1290 4519 descri-
1342 4455 1408 4518 bito
1438 4453 1615 4519 abiicerent
1643 4452 1697 4536 qui
1728 4450 1814 4516 serio
1844 4451 1952 4516 Deum
1981 4450 2108 4528 colunt,
2143 4450 2206 4514 nisi
2235 4470 2318 4515 sana

320 4534 368 4600 bit
391 4535 513 4615 Moses,
544 4557 607 4619 qua
634 4537 783 4618 persuasi
810 4537 941 4604 fuerant
962 4536 1152 4604 Sichimitae
1175 4539 1216 4604 ad
1240 4560 1289 4605 re·
1342 4538 1490 4604 doctrina
1519 4549 1551 4603 et
1579 4536 1759 4603 rationibus
1785 4535 1937 4603 convicti.
1988 4535 2078 4600 Mala
2110 4535 2211 4620 igitur
2239 4557 2318 4602 con·

318 4620 484 4703 cipiendas
506 4622 596 4706 leges
617 4643 698 4705 quas
721 4627 941 4707 imposuerant
962 4625 1020 4689 filii
1042 4624 1150 4691 Iacob.
1195 4625 1292 4690 Diffi·
1342 4625 1477 4691 soientia
1497 4624 1698 4704 Sichimitae,
1721 4631 1754 4688 et
1776 4643 1833 4706 spe
1854 4621 1937 4687 lueri
1961 4621 2134 4699 excaecati,
2161 4634 2319 4705 tanquam

318 4707 379 4772 eile
397 4706 458 4771 fuit
475 4706 592 4774 adduci
615 4716 717 4774 tetum
740 4710 895 4793 populum
915 4718 951 4775 ut
968 4711 1081 4794 paucis
1104 4710 1291 4776 hominibus
1342 4709 1545 4776 semibestiae
1566 4708 1607 4775 ad
1630 4713 1778 4795 ignotum
1800 4709 1910 4774 Deum
1931 4715 2116 4772 transeunt.
2163 4709 2318 4773 Lustrate

319 4792 442 4858 exteris
462 4793 496 4856 in
519 4815 555 4857 re
579 4795 723 4861 maxima
744 4816 779 4861 se
801 4796 1007 4862 subiicerent.
1047 4796 1178 4863 Scimus
1201 4798 1291 4862 enim
1341 4797 1465 4863 insulas
1497 4795 1618 4882 (inquit
1649 4795 1808 4879 propheta
1840 4793 1903 4858 Ies.
1937 4794 1967 4872 2,
2003 4791 2057 4880 10)
2090 4793 2176 4858 sitne
2208 4792 2319 4876 aliqua

320 4885 520 4962 quantopere
538 4879 708 4964 displiceat
726 4881 892 4965 religionis
911 4883 1064 4948 mutatio:
1083 4882 1139 4948 sed
1158 4881 1198 4948 ab
1216 4882 1291 4949 utili
1342 4905 1424 4967 gens
1446 4904 1528 4966 quae
1558 4881 1687 4948 deserat
1709 4901 1785 4946 suos
1813 4877 1903 4960 deos,
1931 4879 1987 4963 qui
2016 4887 2127 4944 umen
2150 4900 2217 4944 non
2239 4891 2318 4944 sunt

320 4965 556 5030 ratiocinantur
591 4967 716 5032 Hemor
750 4976 783 5032 et
819 4965 967 5034 Siohem:
1003 4979 1099 5052 utque
1132 4968 1212 5035 baec
1242 4977 1292 5034 est
1343 4970 1397 5034 dii.
1448 4968 1522 5036 Hoc
1549 4966 1714 5035 Sichimae
1743 4967 1866 5032 factum
1895 4974 1958 5044 est,
1992 4986 2094 5048 quum
2123 4965 2250 5032 nullum
2280 4965 2318 5029 in

298 5050 478 5123 ‚naturalis
495 5049 666 5118 rhetorica.
701 5052 861 5133 Quamvis
878 5054 964 5120 enim
982 5055 1088 5139 magis
1111 5055 1292 5139 plausibilis
1342 5055 1483 5138 receptis
1521 5053 1807 5138 superstitionibus
1839 5058 2006 5117 ostensum
2038 5051 2156 5118 fuisset
2187 5053 2316 5118 vitium.

320 5135 363 5200 sit
385 5136 550 5216 honestas,
573 5139 671 5222 friget
693 5147 801 5204 tamen
825 5147 862 5205 ut
883 5141 1061 5224 plurimum
1079 5141 1114 5205 in
1137 5142 1292 5207 suasioni·
1342 5139 1454 5221 Quare
1477 5163 1543 5206 non
1566 5136 1721 5224 estquod
1743 5139 1883 5202 miretur
1913 5137 2074 5220 quispiam
2097 5138 2125 5202 si
2146 5137 2318 5204 levitatem

320 5218 390 5285 bus.
434 5220 569 5289 Utilitas
592 5232 702 5289 autem
724 5224 811 5307 apud
843 5227 961 5312 vulgus
987 5227 1118 5311 quidvis
1140 5227 1208 5294 fere
1229 5228 1292 5292 im·
1341 5227 1439 5292 istam
1467 5236 1625 5310 sequutus
1655 5233 1705 5292 est
1733 5225 1836 5290 tristis
1863 5224 1981 5289 exitus.
2025 5220 2222 5308 Quanquam
2247 5245 2317 5289 non

320 5315 443 5390 patrat:
473 5309 549 5392 quia
576 5311 680 5376 maior
707 5331 784 5396 pars
807 5312 891 5395 quod
913 5312 975 5378 sibi
1003 5312 1158 5398 expedire
1186 5321 1291 5398 putat,
1341 5313 1414 5379 ideo
1432 5311 1635 5380 excusabiles
1652 5317 1731 5378 sunt
1749 5310 1883 5377 Simeon
1901 5319 1934 5376 et
1951 5309 2043 5389 Levi,
2062 5309 2141 5374 dum
2161 5311 2318 5377 saevitiae
