5000 6208
120 469 180 534 241
780 463 1149 533 COMMENTARIUS
1172 465 1222 530 IN
1245 464 1459 534 GENESIN.
2061 462 2126 530 242

120 654 256 721 surdum
281 653 387 736 prima
408 652 515 734 speeie
536 671 573 716 oo
595 648 767 714 ridioulum
785 645 892 712 rideri
910 646 1017 728 potuit
1037 646 1098 712 boo
1150 648 1385 718 sorreotionem
1406 654 1515 719 Deum
1537 659 1702 736 speetasse
1723 650 1897 728 existimat,
1921 670 1985 735 qna
2005 649 2129 716 abolita

119 740 322 807 mandatum.
367 738 541 804 Traotatur
569 755 698 802 saorum
728 733 841 798 foedus
870 753 933 816 quo
963 733 1098 811 iustitio,
1150 735 1211 800 luit
1232 745 1371 804 externa
1391 739 1602 817 oironmoisio,
1625 747 1658 803 et
1679 737 1799 802 veritas
1819 737 1947 822 figurae
1968 735 2127 806 exhibita.

120 826 210 893 salus
233 834 267 890 et
288 823 428 889 felieitas
449 821 660 906 promittitur,
683 840 748 903 quo
770 817 967 884 disternitur
984 839 1097 882 semen
1150 819 1343 904 Septentrio
1361 844 1498 890 numero
1516 823 1940 909 proesentisvitaeoursnm
1960 820 2127 906 designari

120 910 276 978 Abrahae
298 929 318 974 a
337 908 472 992 reliquie
499 905 653 991 gentibus
682 906 784 970 nteit
812 915 963 969 sanetum
986 913 1019 968 et
1041 903 1097 968 be·
1150 905 1316 989 probabile
1341 919 1374 974 et
1406 911 1525 975 rationi
1547 918 1801 978 eonsentanenm
1823 917 1881 974 est
1927 907 2016 992 Ergo
2038 915 2126 973 oeta·

120 998 296 1064 nediotum.
326 995 423 1060 Tanti
441 993 592 1078 mysterii
612 990 744 1074 insigne
761 991 862 1054 statui
883 992 919 1053 in
938 986 1099 1071 pudendis
1149 1013 1213 1057 vus
1231 991 1300 1057 dies
1318 994 1359 1059 ad
1381 994 1590 1094 figurandum
1608 1015 1710 1060 norae
1730 995 1818 1060 ritae
1835 991 2003 1058 exordium
2021 991 2129 1059 videri

119 1084 269 1168 partibus
298 1082 370 1164 quis
399 1089 656 1145 eonsentaneum
678 1097 749 1141 esse
779 1073 887 1142 dieat?
910 1075 1037 1139 Verum
1061 1083 1099 1140 ut
1150 1087 1257 1160 potest
1279 1099 1299 1142 a
1319 1079 1463 1145 Domino
1483 1082 1619 1164 positus.
1657 1077 1723 1146 Sed
1745 1079 1823 1162 quia
1844 1098 2004 1162 nusquam
2026 1099 2127 1161 expo·

121 1168 291 1235 Abrabam
314 1165 505 1232 stultesoere
527 1163 688 1246 oportuit,
718 1181 783 1244 quo
804 1180 840 1226 se
867 1160 1097 1242 obsequentem
1150 1165 1215 1228 sita
1231 1163 1266 1227 in
1289 1167 1459 1250 seripturis
1481 1167 1565 1231 ratio
1584 1166 1710 1250 legitur,
1730 1164 1815 1229 nihil
1837 1165 1942 1230 ausim
1965 1183 2127 1232 asserere:

119 1256 194 1321 Deo
215 1253 401 1337 praeberet:
428 1252 476 1316 ita
497 1249 644 1332 quisquis
665 1249 786 1330 sapiet,
814 1244 922 1312 sobrie
944 1246 1041 1311 simul
1064 1253 1098 1312 et
1150 1248 1262 1330 Quare
1289 1259 1399 1316 tenere
1417 1251 1562 1318 suffioiat
1583 1252 1670 1334 quod
1692 1261 1819 1317 eertum
1840 1259 1891 1315 est
1913 1270 1950 1314 ao
1973 1249 2127 1330 solidum,

120 1349 314 1405 reverenter
344 1337 498 1419 suspioiet
524 1333 609 1417 qnod
635 1334 735 1398 stulte
766 1331 937 1396 mandasse
969 1331 1100 1398 videtur
1150 1354 1267 1418 nempe
1286 1338 1395 1401 Deum
1417 1337 1451 1402 in
1475 1338 1537 1404 hoo
1559 1335 1706 1421 symbolo
1724 1336 1771 1402 sio
1791 1343 2052 1420 repraesentasse
2071 1356 2127 1401 vo·

120 1427 225 1491 Deus.
270 1423 315 1488 Et
336 1433 448 1487 tamen
477 1417 697 1503 quaerendum
720 1426 786 1494 est,
816 1438 858 1482 an
881 1417 990 1499 aliqua
1010 1418 1099 1482 inter
1150 1420 1230 1485 teris
1252 1421 1395 1487 hominis
1416 1424 1595 1503 interitum,
1617 1435 1654 1487 ιιι
1676 1430 1785 1487 tamen
1808 1419 1995 1487 ostenderet
2016 1442 2053 1488 se
2074 1441 2126 1487 re·

121 1513 254 1596 signum
278 1506 414 1588 visibile,
437 1518 470 1572 st
491 1527 561 1571 rem
583 1505 746 1588 signatam
764 1502 914 1586 analogia
933 1504 987 1567 bio
1004 1502 1097 1568 efful·
1151 1507 1289 1572 stituere
1310 1506 1460 1574 homines
1480 1509 1515 1573 iu
1538 1509 1651 1573 vitam.

120 1607 209 1681 goat.
253 1595 338 1660 Nam
367 1593 462 1678 signa
487 1613 569 1674 quae
599 1590 639 1655 ad
670 1588 842 1654 levandam
873 1589 1099 1654 infirmitatem
1241 1591 1313 1658 Siue
1351 1613 1461 1671 vorm,
1500 1595 1566 1660 aios
1603 1593 1770 1676 mptum.
1825 1591 1936 1673 Quum
1969 1591 2129 1675 praeeipit

120 1694 270 1747 nostram
292 1679 436 1745 instituit
452 1678 554 1756 Deus,
576 1676 617 1741 od
635 1674 803 1740 modulum
822 1685 970 1740 nostrum
993 1675 1098 1759 aptari
1150 1678 1245 1744 Deus
1262 1677 1424 1759 Abrahae,
1446 1687 1484 1746 ut
1500 1699 1710 1762 quosounque
1733 1677 1831 1743 habet
1853 1678 1914 1743 sub
1940 1697 2000 1743 suo
2019 1687 2128 1761 potes·

119 1790 185 1852 par
217 1777 281 1844 est,
315 1786 357 1829 ne
412 1763 536 1828 rosseto
569 1772 710 1829 oareant.
761 1761 866 1824 Porro
899 1760 1024 1825 duabus
1058 1759 1098 1824 de
1152 1773 1219 1829 tate
1239 1765 1463 1843 oiroumeidot,
1485 1765 1521 1829 in
1540 1787 1577 1830 eo
1595 1765 1719 1831 reluoet
1740 1763 1918 1847 singularis
1941 1764 2012 1828 eius
2036 1783 2128 1828 amor

119 1854 231 1920 nausis
259 1787 424 1934 probabile
449 1859 498 1914 est
519 1848 700 1914 Dominum
728 1847 862 1912 iussisse
889 1847 1097 1930 praeputium
1151 1871 1230 1934 erga
1260 1859 1410 1916 sanetum
1433 1850 1618 1931 Abraham,
1648 1848 1733 1933 quod
1761 1857 1863 1913 totam
1891 1849 1961 1914 eins
1994 1849 2129 1914 domum

120 1936 326 2004 oironmoidi:
349 1955 466 2018 nempe
484 1943 522 1999 nt
537 1931 725 1999 ostenderet
741 1931 897 1996 vitiosum
914 1950 986 1997 esso
1004 1930 1098 2014 quid·
1151 1956 1211 2003 sua
1232 1937 1338 2019 gratia
1359 1955 1430 2001 oom
1454 1936 1593 2002 leetitur.
1639 1934 1769 2002 Soimns
1787 1935 1864 1999 olim
1888 1935 1944 1999 vix
1966 1936 2002 1998 in
2025 1934 2129 2000 homi·

120 2023 203 2108 quid
226 2045 266 2088 ex
289 2023 423 2088 bomine
444 2021 606 2105 gignitur:
638 2015 754 2083 deinde
776 2017 916 2082 salutem
938 2037 978 2082 ex
1002 2019 1099 2082 bens·
1150 2041 1231 2086 num
1264 2042 1401 2087 numero
1431 1957 1562 2087 Sabitos
1595 2022 1693 2086 luisse
1726 2041 1848 2086 servos.
1897 2020 2001 2103 Atqui
2034 2021 2129 2087 Deus

119 2109 212 2176 dioto
234 2106 389 2174 Abrahae
408 2105 533 2172 semine
561 2103 774 2186 prodituram.
819 2102 968 2168 Primum
991 2103 1100 2186 itaque
1151 2108 1238 2189 ipsos
1265 2108 1301 2171 in
1329 2109 1416 2172 servi
1445 2109 1496 2173 sui
1523 2109 1668 2174 favorem
1696 2106 1758 2173 sibi
1788 2106 1871 2171 lilios
1904 2105 2052 2189 adoptat:
2086 2103 2129 2171 ad

119 2192 281 2279 quidquid
304 2213 346 2258 ex
370 2213 431 2257 sna
460 2191 668 2276 generatione
696 2189 867 2272 proprium
896 2186 1020 2254 babent
1040 2187 1099 2254 ho·
1153 2193 1238 2259 hano
1259 2193 1514 2259 miserioordiam
1536 2193 1620 2258 nibil
1643 2192 1775 2258 omnino
1798 2190 1874 2256 addi
1898 2200 2014 2275 potest.
2060 2192 2128 2257 Do·

119 2281 239 2359 mines,
261 2277 353 2344 Deus
374 2280 409 2343 in
432 2277 679 2342 oironmoisione
700 2273 882 2339 domuerit:
910 2289 948 2339 ut
968 2283 1100 2340 ostensa
1152 2280 1262 2343 iieitur
1284 2281 1382 2342 etiam
1406 2279 1514 2343 earnis
1533 2278 1695 2363 superbio,
1717 2298 1816 2362 quum
1837 2277 1927 2342 Deus
1944 2275 2036 2342 nullo
2053 2297 2128 2358 per·

120 2379 265 2433 naturae
294 2365 458 2446 eorruptio
491 2362 564 2426 illos
599 2360 641 2426 ad
674 2380 805 2426 earnem
839 2360 1098 2426 mortifloandem
1152 2384 1305 2429 sonarum
1336 2375 1485 2447 respeotu
1514 2365 1675 2449 ingenuos
1705 2365 1810 2428 servis
1833 2374 1999 2447 aggreget.
2044 2362 2129 2429 Oas-

120 2451 309 2518 adduoeret.
371 2447 467 2516 Unde
509 2448 609 2513 etiam
647 2445 834 2524 oonfioitnr‚
879 2445 1100 2528 poenitentiae
1152 2460 1260 2514 terum
1283 2450 1317 2513 in
1340 2471 1482 2533 persona
1505 2450 1658 2516 Abrabae
1687 2450 1793 2534 legem
1817 2448 1903 2512 hano
1932 2449 2036 2514 servis
2058 2449 2128 2514 enis

120 2538 227 2604 fuisse
249 2535 443 2620 symbolum.
480 2532 588 2599 Simul
611 2543 720 2597 tomen
743 2531 812 2596 illio
833 2551 915 2614 quae
937 2531 970 2595 in
994 2531 1099 2596 Abra·
1152 2536 1304 2601 omnibns
1339 2537 1563 2620 praeseripsit,
1604 2547 1641 2600 ut
1668 2555 1875 2619 quosounqne
1908 2533 2032 2600 habent
2064 2533 2128 2600 sibi

120 2624 187 2689 hae
208 2623 334 2688 semine
357 2621 515 2706 promissa
535 2630 606 2684 erat
628 2615 825 2694 benedietio,
855 2630 969 2681 notata
989 2618 1098 2701 signa·
1153 2620 1314 2686 subisotos
1338 2624 1374 2686 in
1405 2621 1550 2687 eiusdem
1572 2622 1647 2686 fidei
1670 2621 1858 2687 sooietetsm
1881 2617 2040 2686 adduoere
2060 2632 2128 2686 stu·

121 2721 223 2792 tnqno
251 2707 323 2773 fuit
369 2704 515 2788 Quodsi
542 2703 596 2772 eni
625 2701 801 2769 absurdum
831 2701 961 2767 videtur
985 2705 1021 2767 in
1043 2704 1101 2768 illa
1153 2706 1261 2772 deant.
1306 2705 1465 2791 Singulae
1486 2708 1574 2772 enim
1596 2707 1723 2789 piorum
1749 2706 1891 2771 familiae
1920 2704 2054 2770 totidem
2076 2726 2128 2772 eo-

121 2795 270 2878 oorporis
292 2801 384 2876 parte
405 2791 514 2856 datam
536 2809 606 2856 esse
628 2799 697 2854 tam
719 2787 905 2872 praeolarae
927 2799 961 2852 et
987 2791 1099 2873 singu·
1152 2792 1269 2858 olesiae
1292 2813 1362 2859 esse
1384 2792 1513 2858 debent.
1548 2793 1638 2878 Ergo
1661 2794 1689 2858 si
1712 2793 1867 2874 pietatem
1888 2802 2032 2856 nostram
2051 2811 2128 2875 pro·

121 2880 203 2945 laris
236 2879 361 2963 gratiae
394 2885 567 2955 tesseram,
608 2895 685 2940 eum
716 2893 842 2958 qnoque
874 2874 989 2939 salutis
1021 2896 1099 2940 strae
1152 2880 1230 2944 bare
1251 2879 1417 2961 onpimns,
1440 2877 1548 2944 danda
1568 2898 1667 2962 opere
1688 2889 1736 2944 est
1759 2888 1796 2943 ιιι
1817 2877 1954 2960 quisque
1975 2887 2128 2942 nostrum

120 2965 256 3048 pudeat,
278 2984 360 3046 quae
382 2984 424 3028 ox
445 2961 599 3027 Abrahae
621 2959 742 3025 lumbis
762 2960 874 3024 fluxit:
901 2958 957 3024 sed
980 2962 1027 3026 ita
1048 2961 1099 3025 in·
1152 2965 1188 3029 iu
1209 2964 1398 3048 obsequium
1421 2964 1485 3029 Dei
1507 2966 1718 3046 oompositam
1741 2962 1874 3028 domum
1896 2961 2022 3028 habeat.
2058 2963 2129 3029 Neo

120 3051 253 3116 fatuare
281 3047 395 3115 mundi
424 3047 616 3132 sapientiam
640 3045 710 3112 Deo
736 3044 875 3128 plaouit,
904 3065 967 3128 quo
995 3048 1099 3131 magis
1153 3059 1282 3115 tantum
1315 3051 1446 3116 iubetur
1464 3049 1633 3117 Abraham
1666 3048 1752 3114 domi
1786 3069 1865 3113 snae
1898 3059 1989 3113 notos
2018 3046 2129 3115 dieare

120 3137 312 3220 superbiam
332 3133 441 3202 earnis
463 3132 622 3198 deiioeret.
665 3134 774 3214 Atque
795 3131 928 3196 italam
957 3132 1100 3199 seeundo
1152 3145 1187 3201 et
1215 3135 1332 3201 offerre
1354 3135 1515 3214 Domino,
1549 3135 1606 3202 sed
1636 3154 1847 3219 quaeeunque
1874 3143 1989 3218 postea
2017 3135 2126 3218 nequi·

120 3224 195 3288 looo
218 3221 386 3298 habemns,
409 3229 561 3285 testatem
584 3218 646 3284 hoo
667 3217 762 3301 signo
784 3217 886 3282 baisse
902 3215 967 3283 Dei
990 3225 1024 3282 et
1041 3219 1098 3283 bo·
1152 3223 1253 3287 aierit.

121 3308 256 3373 minum
278 3305 587 3382 reconsiliationem,
608 3323 691 3386 quae
713 3303 748 3367 in
771 3301 903 3367 Christo
924 3303 986 3368 luit
1007 3304 1099 3368 exhi·
1239 3307 1506 3389 13.1upaettm
1527 3311 1723 3388 metuam
1769 3304 1902 3387 Duplex
1927 3316 2127 3389 potestesse

121 3396 205 3460 bita.
250 3391 328 3473 Qua
354 3392 482 3456 ratione
510 3389 653 3473 sigillum
682 3389 827 3453 iustitiae
854 3387 930 3452 fidei
953 3410 973 3454 a
994 3390 1099 3455 Paulo
1152 3414 1281 3458 senem:
1308 3393 1360 3458 vel
1390 3392 1476 3476 quod
1502 3393 1591 3458 Deus
1612 3393 1752 3476 gratiam
1780 3410 1889 3468 suam,
1920 3392 2012 3457 ouius
2034 3393 2125 3456 testi-

120 3487 263 3546 vooatur
282 3476 391 3564 (Rom.
410 3478 441 3552 4,
465 3474 528 3562 11).
564 3475 638 3540 Hoo
659 3471 700 3538 de
720 3473 872 3558 analogia
892 3475 940 3540 rei
960 3483 992 3540 et
1013 3475 1098 3560 signi
1150 3480 1297 3544 monitum
1320 3499 1358 3547 ao
1378 3479 1500 3562 pignus
1528 3485 1600 3543 erat
1624 3477 1841 3554 oironmoisio,
1868 3487 2035 3541 aeternam
2056 3478 2126 3544 lore

121 3565 273 3632 breviter
294 3563 444 3646 attigisse
465 3561 615 3628 sufficiat.
1150 3565 1334 3647 promittat:
1357 3564 1411 3629 vel
1434 3563 1518 3647 quod
1541 3563 1673 3646 signnm
1694 3564 1804 3646 ipsum
1826 3571 1982 3646 perpetuo
1999 3563 2127 3628 servari

214 3650 266 3715 12.
289 3647 335 3714 Et
362 3648 452 3728 filiae
479 3652 552 3713 ooo·
567 3647 691 3712 dierum
716 3645 960 3711 circumcidetur.
1004 3647 1100 3714 Nune
1151 3649 1240 3715 velit.
1276 3649 1436 3732 Equidem
1455 3669 1522 3714 non
1546 3649 1658 3713 dubito
1680 3649 1759 3731 quin
1778 3648 1819 3712 ad
1841 3646 1970 3713 visibile
1991 3649 2125 3732 signum
2250 3665 2255 3676 ·

120 3736 213 3802 diem
236 3747 387 3800 ootarnm
409 3732 644 3804 oironmoisioni
666 3731 857 3815 praeseribit
877 3729 984 3797 Deus:
1013 3733 1100 3798 unde
1151 3737 1352 3819 perpetuitas
1373 3735 1437 3800 ista
1458 3734 1573 3800 referri
1595 3733 1718 3799 debeat.
1764 3732 1830 3801 Sed
1853 3733 1908 3815 qui
1936 3731 2012 3798 inde
2034 3735 2123 3799 oolli-

120 3835 265 3906 apperet
285 3831 412 3903 partem
433 3819 533 3884 luisse
555 3818 774 3902 paedagogiae
792 3817 852 3882 sub
870 3837 934 3899 que
955 3828 1098 3883 veterem
1151 3830 1241 3906 gunt,
1261 3820 1356 3885 hodie
1374 3840 1501 3904 quoque
1519 3821 1605 3885 inter
1622 3818 1762 3884 Iudaeos
1780 3819 1892 3904 vigere
1907 3818 1997 3884 illius
2014 3840 2122 3897 usum,

119 3907 283 3993 populum
303 3917 415 3971 tenere
433 3905 544 3969 voluit.
581 3903 665 3969 Nam
686 3903 789 3967 maior
812 3902 909 3967 bodie
930 3902 1099 3987 laxiorque
1151 3926 1224 3972 meo
1245 3905 1381 3984 iudieio,
1411 3905 1580 3971 falluntur.
1624 3905 1708 3970 Nam
1732 3903 1773 3970 ab
1794 3905 1851 3970 illo
1873 3906 2035 3970 axiomata
2057 3905 2123 3970 dis·

120 3995 157 4059 in
192 3993 348 4074 baptismi
381 3989 662 4054 administratione
691 3990 850 4069 permissa
874 3998 925 4053 est
956 3989 1097 4056 libertas.
1150 3993 1286 4070 aedunt,
1316 3989 1400 4076 qnod
1428 3991 1521 4057 nobis
1548 3991 1652 4056 fixum
1682 4011 1753 4056 esse
1781 3991 1889 4056 debet:
1913 3988 2025 4072 Quum
2048 3992 2123 4057 finis

120 4079 303 4145 Caeterum
333 4076 373 4143 de
398 4095 534 4142 numero
563 4074 688 4140 dierum
718 4073 847 4156 quidam
871 4075 968 4139 anxie
989 4076 1098 4159 dispn·
1151 4077 1232 4162 legis
1261 4079 1303 4142 sit
1325 4077 1494 4154 (lbristus,
1524 4087 1717 4161 perpetuum
1746 4093 1874 4159 tempus
1901 4077 1986 4159 quod
2016 4097 2126 4142 oaere

117 4163 263 4230 tandum
286 4183 357 4227 esse
379 4170 515 4244 negant:
542 4161 619 4243 quia
639 4160 802 4225 Dominus
823 4159 986 4225 inlautum
1008 4173 1098 4226 tens·
1150 4163 1269 4228 moniis
1291 4164 1373 4248 legis
1395 4164 1563 4238 tribuitur,
1587 4163 1686 4227 fuisse
1708 4163 1838 4227 finitum
1861 4182 1902 4226 ex
1925 4182 1988 4243 quo
2011 4160 2124 4226 Obris-

117 4249 262 4315 ritudini
285 4248 481 4332 peperserit:
512 4243 770 4330 quondoquidem
792 4245 935 4327 perienlo
958 4267 1022 4312 non
1046 4267 1098 4312 oa·
1150 4258 1205 4314 tus
1234 4249 1397 4333 apparuit.
1447 4248 1620 4331 'Iemplum
1650 4259 1808 4330 perpetue
1836 4257 1906 4312 erat
1930 4247 1993 4312 Dei
2021 4246 2126 4328 sedes,

117 4337 231 4408 rebat,
263 4332 371 4400 adhue
393 4332 433 4397 ab
456 4349 548 4396 utero
575 4331 761 4397 reoentibus
790 4331 911 4396 vulnus
939 4332 1096 4417 infligere.
1149 4336 1242 4401 iuxta
1263 4334 1362 4400 illud:
1385 4335 1478 4400 Haeo
1499 4335 1628 4415 requies
1650 4353 1724 4397 mea
1745 4335 1780 4398 in
1802 4333 1966 4398 saeonlum
1991 4333 2123 4412 saeculi,

116 4422 198 4487 Etsi
221 4433 330 4484 autem
353 4419 458 4483 ferere
480 4429 665 4499 poteratne
683 4415 759 4498 quid
782 4437 888 4481 noxae
906 4429 963 4482 aut
985 4419 1097 4485 laesio·
1150 4421 1203 4487 hio
1222 4421 1374 4486 habitabo
1384 4419 1487 4506 (Psal.
1508 4419 1579 4498 132,
1594 4417 1656 4505 14).
1684 4417 1889 4484 Sabbatbum
1907 4437 1974 4482 non
1997 4433 2122 4500 tempo·

116 4509 174 4572 nis
198 4505 331 4570 afferret
360 4503 577 4580 oironmoisio,
608 4501 691 4566 nihil
714 4505 881 4567 tamenin
905 4523 943 4569 eo
965 4504 1099 4572 absurdi
1149 4507 1245 4587 ralis,
1273 4505 1331 4572 sed
1354 4515 1511 4591 perpetua
1532 4514 1603 4571 erat
1624 4502 1734 4588 populi
1763 4503 1988 4570 aanobfioatio:
2017 4524 2125 4585 neque

116 4594 202 4668 erit,
225 4591 254 4656 si
276 4591 424 4656 dieamus
453 4588 597 4654 habitam
618 4589 658 4652 ab
681 4608 719 4653 eo
741 4586 843 4653 fuisse
869 4591 1027 4655 rationem
1050 4603 1097 4657 te·
1149 4593 1458 4676 tamennegandnm
1476 4599 1527 4656 est
1543 4591 1622 4675 quin
1640 4591 1706 4655 illis
1724 4591 1820 4654 linem
1841 4589 1990 4653 attulerit
2006 4588 2125 4656 (ibris-

116 4698 223 4743 nerae
245 4677 369 4775 aetatis,
393 4684 608 4774 attestatum
630 4673 1097 4774 ludaeislaoeretnpaternum
1149 4689 1213 4744 tus.
1259 4677 1333 4744 Non
1357 4678 1454 4743 aliter
1483 4676 1523 4741 de
1551 4676 1798 4742 oironmoisione
1826 4695 1955 4758 qnoque
1979 4675 2126 4739 sentien-

115 4759 630 4931 trtmittdtlltlltl
657 4759 1096 4928 :titilutllttttt
1148 4761 1573 4933 llttlssltltt?
1593 4759 2125 4928 tlt}tillttltllitlli

115 4937 209 5000 rium
228 4933 262 4997 in
287 4931 412 4997 dierum
442 4951 578 4996 numero
602 4943 773 5012 quaerunt.
818 4932 1001 5016 Allegorioe
1023 4954 1097 5016 sep-
1148 4946 1298 5018 rogatum
1328 4934 1429 4998 luisse
1458 4943 1631 4998 externum
1654 4953 1764 5012 usum,
1795 4943 1832 4997 ιιι
1853 4931 1999 4998 stabilita
2020 4930 2123 4994 fuerit

115 5035 187 5086 tem
210 5018 325 5084 diebus
343 5027 487 5082 nontam
505 5017 604 5081 fuisse
620 5024 738 5101 putant
755 5017 856 5081 vitam
879 5031 1095 5100 praesentem:
1147 5021 1220 5085 eius
1241 5021 1372 5084 veritas.
1412 5019 1497 5084 Nem
1520 5018 1645 5084 Obristi
1667 5017 1798 5082 demum
1820 5015 1964 5081 advemu
1985 5016 2022 5080 iu
2043 5015 2123 5081 soli-

115 5121 241 5172 ootavo
274 5102 326 5168 die
358 5104 493 5168 iussisse
514 5101 621 5168 Deum
655 5101 842 5168 oiroumoidi
874 5102 1029 5180 infantes,
1060 5113 1097 5170 ut
1148 5105 1224 5170 dum
1259 5105 1383 5169 sancita
1414 5105 1478 5169 fuit
1509 5103 1725 5180 oironmoisio,
1757 5116 1795 5167 nt
1823 5122 1952 5185 semper
1977 5101 2119 5182 duraret,

114 5190 310 5258 ostenderet
338 5186 556 5253 meditandam
579 5187 709 5270 quidem
732 5208 804 5252 esse
826 5188 933 5255 earnis
960 5190 1096 5256 mortifi-
1147 5199 1320 5272 ratnmque
1342 5199 1427 5255 esset
1447 5190 1561 5254 foedus
1582 5188 1663 5253 illud
1685 5188 1770 5272 quod
1792 5186 1893 5252 semel
1914 5189 2006 5253 Deus
2026 5188 2118 5270 pepi-

115 5279 288 5344 oationem
321 5284 391 5338 toto
421 5274 507 5338 vitae
535 5294 648 5348 eursu,
680 5273 735 5338 sed
767 5273 895 5339 nonnisi
925 5284 999 5356 post
1025 5277 1096 5342 eius
1148 5277 1204 5361 git.
1247 5276 1352 5340 Porro
1373 5296 1532 5359 nequem
1555 5275 1692 5340 visibilis
1714 5274 1799 5356 signi
1828 5273 1968 5338 mutatio
1989 5279 2119 5356 pertur-

114 5365 224 5430 finem
256 5359 420 5443 oompleri.
463 5360 668 5443 Augustinus
695 5362 792 5425 etiam
823 5359 864 5424 ad
893 5358 1018 5426 Obsisti
1045 5381 1095 5428 re·
1148 5363 1218 5441 bet,
1246 5360 1387 5426 tenenda
1415 5373 1466 5428 est
1487 5360 1558 5441 illa,
1585 5361 1677 5426 ouius
1699 5361 1849 5439 memini,
1877 5358 1997 5425 saeouli
2022 5379 2120 5425 reno-

228 5459 340 5516 Galoies'
356 5475 449 5530 operm
475 5459 533 5516 Vol.
552 5459 676 5515 XXIII.
1879 5461 1912 5516 16
