5000 6208
118 393 179 462 225
777 393 1147 465 COMMENTARIUS
1169 395 1220 463 IN
1242 392 1458 464 GliNllSIN.
2060 386 2124 456 226

117 585 235 648 mentis
258 580 390 658 aenidit,
416 603 498 665 quae
521 580 584 647 Dei
606 581 707 648 verbo
735 590 922 648 assuuntur.
968 581 1094 663 Quam·
1145 582 1209 666 giis
1228 602 1293 648 nen
1312 601 1439 648 earere:
1463 580 1529 644 imo
1547 579 1610 645 1111
1626 579 1751 646 malum
1809 587 1942 646 netrare
1959 577 2124 662 usquead

117 667 196 734 libet
221 669 311 733 enim
340 668 476 734 honesto
506 675 661 752 tegantur
688 678 878 750 praetextu,
908 668 1094 752 corruptela
1145 668 1315 734 eeelesiam
1345 666 1428 732 Dei:
1462 684 1539 730 nam
1572 663 1706 731 domum
1733 668 1765 731 A
1788 686 1861 744 rae,
1895 685 1979 749 quae
2010 664 2124 731 litibus

118 754 244 831 subest,
274 773 357 835 quae
384 774 404 818 a
432 751 527 818 verbi
554 755 701 837 puritate
729 752 922 838 degenerat,
956 774 1094 837 eamque
1144 752 1314 829 turbator,
1355 752 1476 818 seimus
1507 751 1607 816 fuisse
1639 750 1750 817 rivam
1781 750 1938 817 eeelesiae
1968 749 2121 833 effigiem.

119 839 220 904 vitiat.
1145 838 1242 919 Quod
1263 839 1304 904 ad
1327 838 1416 903 rixas
1445 835 1638 902 domestieas
1667 837 1820 920 pertinet,
1848 837 1969 903 1111111
1998 833 2123 919 praeei-

201 925 233 990 t
264 923 310 990 Ei
334 925 490 1006 1111111111
513 923 577 1006 fait
608 925 736 991 (1111111
763 926 840 991 eius.
885 925 951 991 Hie
979 933 1095 991 narrat
1143 924 1484 1008 puampartemvitae
1501 921 1638 998 soeialis,
1656 942 1755 1005 qoam
1773 923 2019 988 saoravitDeus
2033 923 2122 987 inter

117 1011 226 1077 Moses
249 1031 325 1075 mox
351 1018 522 1095 sequutum
553 1010 653 1076 fuisse
682 1032 821 1093 poenam
851 1011 972 1076 nimiae
1001 1011 1092 1076 festi·
1142 1009 1309 1086 homines,
1343 1011 1377 1074 in
1405 1009 1557 1092 eeningio
1579 1027 1666 1074 esse:
1696 1017 1729 1073 et
1757 1017 1868 1072 tamen
1895 1007 2123 1073 interveniunt

117 1096 270 1164 nationis.
315 1095 498 1180 Praeeipne
527 1094 658 1177 quidem
680 1097 779 1182 eulpa
799 1117 900 1179 penes
923 1094 1020 1163 Sorai
1043 1118 1093 1163 re·
1144 1096 1235 1162 varia
1255 1093 1479 1171 ineommoda,
1507 1113 1590 1176 quae
1618 1093 1748 1178 singula
1767 1092 1851 1158 illud
1880 1095 2000 1159 benum
2030 1093 2123 1159 velut

117 1181 251 1258 ridebat,
274 1183 350 1265 quia
369 1189 479 1246 tamen
499 1179 622 1246 Abram
642 1183 739 1247 nimis
758 1204 794 1248 se
812 1181 981 1248 eredulum
999 1203 1093 1265 prae·
1145 1181 1282 1248 marolis
1304 1181 1511 1264 adspergant.
1555 1177 1609 1244 Ad
1631 1179 1691 1245 bas
1721 1179 1888 1245 molestias
1916 1174 2122 1245 devorandas

117 1269 249 1345 buernt,
275 1277 450 1349 utrumque
471 1287 532 1352 pro
553 1269 668 1332 merito
696 1269 837 1350 eastigat
859 1268 964 1333 Deus:
989 1267 1093 1347 Sorai,
1145 1287 1215 1332 sese
1237 1278 1427 1350 comparent
1448 1264 1558 1330 fideles
1580 1275 1716 1348 oportet.
1760 1263 1815 1331 Ad
1838 1285 1910 1330 eam
1932 1285 2003 1330 rem
2024 1263 2122 1332 valde

117 1353 201 1437 quod
223 1374 326 1438 grave
347 1363 381 1418 11
409 1355 561 1428 aeerbum
581 1353 657 1429 1111,
685 1355 826 1436 superbe
854 1352 1031 1437 despicitur
1053 1353 1093 1419 ab
1145 1351 1290 1435 proderit
1322 1360 1473 1435 reputare
1512 1349 1610 1415 111111
1643 1350 1720 1416 mali
1753 1351 1929 1434 originem:
1963 1348 2123 1434 quidquid

118 1437 251 1504 aneilla:
275 1437 400 1504 Abram
422 1438 552 1503 iniustis
571 1439 782 1521 querimoniis
802 1446 957 1505 vexatur:
981 1442 1027 1504 ita
1045 1440 1093 1503 vi·
1145 1439 1233 1502 enim
1272 1437 1497 1503 molestiarum
1528 1437 1564 1500 in
1597 1436 1748 1520 eoniugie
1781 1437 1928 1502 sentiunt
1960 1435 2121 1516 homines,

117 1525 232 1591 demus
249 1525 362 1590 ambos
379 1545 458 1589 suae
479 1524 623 1589 levitatis
641 1545 763 1608 poenae
781 1524 874 1591 dare:
893 1533 926 1590 et
943 1545 1094 1591 suoeessu
1145 1531 1277 1608 peeeato
1299 1525 1462 1606 imputare
1484 1520 1611 1586 debent.

117 1610 251 1676 destitui
272 1615 511 1688 eommentum,
532 1609 618 1693 quod
641 1631 661 1676 a
683 1609 778 1676 Sarei
801 1631 973 1691 exeusum,
995 1611 1094 1676 nimis
1230 1609 1260 1676 6.
1280 1609 1360 1674 Eece
1377 1607 1493 1674 aneilla
1510 1611 1573 1672 aa.
1611 1611 1758 1690 Apparet
1774 1628 1816 1672 ex
1834 1627 1991 1690 responso
2010 1606 2122 1675 Abrae

116 1694 232 1780 eopide
254 1695 426 1778 amplexus
448 1693 557 1760 iuerat
579 1696 712 1762 Abram.
750 1697 882 1762 Interea
902 1697 1094 1780 proponitur
1144 1705 1267 1777 quanta
1288 1695 1386 1760 luerit
1408 1695 1478 1758 eins
1495 1692 1684 1758 hnmanitas
1701 1702 1734 1757 et
1754 1691 1923 1758 modestia.
1960 1692 2034 1758 Non
2052 1695 2120 1759 iur-

117 1783 210 1847 nobis
227 1783 263 1846 in
282 1787 373 1865 Agar
391 1781 578 1864 exemplum
596 1782 851 1865 ingratitudinis,
871 1803 953 1866 quae
969 1782 1092 1865 insigni
1144 1792 1242 1863 gatur
1259 1802 1332 1846 eum
1352 1799 1472 1845 uxore:
1494 1787 1529 1843 et
1545 1799 1646 1860 quum
1663 1779 1823 1861 optimam
1842 1799 1972 1844 oausam
1992 1779 2120 1859 hebeat,

116 1868 273 1933 benefieio
309 1876 343 1932 et
377 1866 502 1932 bonore
540 1867 659 1932 affeetu
691 1868 857 1934 dominam
889 1889 984 1934 suam
1016 1887 1092 1932 eon·
1143 1867 1354 1948 pertinaeiter
1372 1875 1573 1930 1111111111
1591 1884 1656 1928 non
1675 1871 1802 1929 tuetur:
1826 1864 1883 1929 sed
1901 1884 2038 1929 uxorem
2057 1865 2120 1931 sibi

115 1953 258 2036 temptui
285 1951 406 2018 babere
432 1952 556 2035 insipit.
600 1952 688 2035 Quia
715 1961 825 2019 autem
848 1955 901 2021 hie
923 1963 974 2019 est
1002 1954 1093 2036 plus·
1143 1951 1255 2018 datam
1276 1959 1393 2035 sponte
1421 1950 1569 2014 remittit.
1613 1949 1765 2033 Denique
1791 1951 1881 2031 paeis
1909 1948 2120 2017 redimendae

115 2059 212 2122 qnam
242 2037 390 2120 vulgaris
418 2037 567 2114 morbus,
598 2039 816 2105 assueiaoiant
845 2061 880 2106 se
909 2037 1021 2105 fideles
1051 2038 1093 2103 ad
1142 2057 1242 2105 eausa
1263 2035 1445 2103 maritalem
1468 2047 1501 2099 et
1523 2048 1698 2118 paternum
1720 2036 1811 2100 exuit
1831 2035 1993 2101 affeetum.
2034 2036 2119 2102 Nom

115 2123 343 2202 tolerantiam,
369 2124 398 2189 si
420 2122 550 2207 quando
571 2124 638 2190 illis
660 2133 729 2189 tum
750 2124 863 2208 iniqua
885 2147 1010 2192 meroes
1032 2144 1092 2209 pre
1142 2144 1242 2205 quum
1257 2127 1348 2207 Agar
1368 2120 1507 2187 infestae
1530 2119 1682 2186 dominae
1704 2118 1839 2187 arbitrie
1861 2120 2031 2204 permittit,
2054 2143 2120 2188 non

115 2209 284 2276 benefieiis
309 2207 507 2291 rependitur.
552 2209 750 2275 Praesertim
782 2232 858 2276 vero
881 2233 940 2278 111
963 2221 1094 2277 moveat
1142 2207 1292 2293 indulget
1313 2221 1469 2288 tanquam
1492 2206 1597 2284 uxori,
1618 2214 1652 2270 et
1672 2226 1764 2290 spem
1783 2208 1818 2271 in
1840 2215 1933 2272 utero
1955 2207 2118 2275 1111111-

112 2294 290 2360 infirmitas
319 2294 431 2372 Sorai,
465 2316 548 2378 quae
582 2294 719 2361 ansillae
752 2307 973 2380 oontsmptnm
1006 2296 1093 2363 ferre
1142 2303 1270 2377 neptam
1310 2293 1548 2377 quodammodo
1587 2313 1630 2357 ne
1653 2291 1734 2378 ligit.
1785 2291 1854 2356 Nee
1893 2290 2029 2357 dubium
2069 2303 2120 2360 111

113 2381 239 2464 nequit.
1143 2381 1221 2464 quin
1244 2391 1313 2446 tam
1335 2400 1458 2462 aequus
1481 2399 1518 2443 ae
1539 2313 1687 2461 plooidus
1707 2377 1807 2443 luerit
1828 2378 1863 2441 in
1885 2376 2119 2447 1111111111-

200 2467 231 2532 5.
262 2466 394 2531 Iniuria
424 2485 495 2530 meo
521 2485 618 2548 asper
641 2471 677 2531 te.
730 2467 823 2534 Haeo
856 2488 983 2552 quoque
1016 2489 1092 2551 pars
1143 2466 1188 2530 ris
1210 2465 1419 2548 intemperie,
1450 2464 1526 2547 quia
1547 2473 1614 2528 teta
1638 2463 1705 2529 vite
1734 2463 1931 2546 morigeram
1961 2481 2118 2546 expertus

112 2553 338 2638 eastigationie
355 2552 431 2630 1111,
452 2550 538 2634 qnod
561 2550 734 2617 humiliata
758 2554 821 2620 fuit
840 2552 946 2634 Sorai,
970 2561 1007 2618 nt
1029 2554 1090 2619 sibi
1143 2560 1222 2616 erat.
1266 2551 1392 2634 Magna
1412 2559 1524 2614 tamen
1545 2550 1652 2615 virtus
1679 2549 1756 2625 fuit,
1784 2551 1929 2612 animum
1963 2569 2060 2614 suum
2082 2551 2118 2617 in

111 2637 153 2703 ad
175 2649 307 2721 tempus
327 2635 509 2711 ereideret,
538 2644 573 2702 et
593 2638 787 2722 intemperie
807 2641 932 2724 pereita
953 2639 1033 2705 adeo
1054 2661 1090 2704 se
1142 2647 1235 2701 tanta
1255 2636 1449 2720 indignitate
1470 2635 1628 2700 fraenare,
1665 2632 1841 2700 anterum
1859 2632 1913 2698 hie
1930 2635 2042 2717 quaeri
2060 2656 2119 2720 po-

110 2725 312 2808 impotenter
341 2730 477 2808 gereret.
529 2721 628 2788 01111
660 2735 817 2806 quantum
847 2727 882 2790 in
909 2746 945 2791 se
972 2727 1088 2806 fuerat,
1142 2730 1216 2802 test,
1239 2722 1400 2806 quomodo
1421 2742 1500 2787 eura
1521 2721 1656 2786 seminis
1678 2718 1839 2786 benedieti
1861 2721 1989 2786 111111
2008 2722 2117 2789 anime

109 2809 327 2893 praeeipitem
349 2821 464 2893 egerat
484 2809 654 2874 maritum:
683 2830 770 2875 nune
798 2820 950 2893 proterve
967 2810 1016 2875 illi
1037 2812 1087 2875 in·
1141 2815 1220 2876 tune
1249 2807 1431 2874 evannerit.
1476 2805 1623 2873 Gravida
1652 2817 1701 2872 est
1732 2811 1836 2889 Agar:
1868 2825 1980 2870 semen
2008 2826 2050 2871 ex
2077 2829 2117 2875 11

110 2895 232 2974 sultat,
263 2895 413 2977 quamvis
440 2893 582 2960 innoxio.
627 2894 718 2960 Nihil
742 2897 829 2960 enim
852 2897 949 2963 affert
969 2898 1004 2961 in
1027 2918 1089 2981 qno
1141 2894 1347 2978 proditurum
1370 2901 1496 2977 sperat,
1520 2912 1560 2957 ex
1583 2911 1647 2975 quo
1669 2892 1827 2974 promissa
1847 2901 1899 2955 est
1920 2891 2041 2957 mundo
2062 2914 2115 2960 sa·

109 2982 155 3047 sit
175 2980 363 3064 eulpandns
380 2981 513 3045 Abram.
550 2978 739 3063 Exprobrat
759 2981 846 3065 quod
868 2982 1023 3048 aneillam
1039 2982 1089 3046 illi
1141 2981 1202 3046 lus.
1242 2980 1312 3045 Gur
1333 3000 1398 3045 non
1421 2977 1607 3062 posthabita
1625 2976 1731 3055 Sorai,
1752 2997 1849 3042 suum
1870 2975 1948 3042 illue
1969 2998 2115 3046 amorem

110 3066 240 3132 dederit
262 3066 298 3132 in
319 3067 444 3140 sinum,
473 3064 514 3130 ab
536 3087 574 3130 ea
596 3086 631 3131 se
653 3068 818 3132 eontemni
841 3071 1002 3150 queritur,
1031 3068 1088 3134 sed
1141 3065 1350 3147 studiumque
1371 3065 1478 3149 magis
1495 3063 1659 3147 applieat?
1677 3061 1805 3127 Verum
1822 3061 1900 3126 hine
1918 3062 2114 3146 redigimus,

109 3153 261 3217 nondum
299 3150 407 3216 Abrae
438 3151 585 3216 animum
618 3153 774 3230 tentavit,
813 3154 935 3219 velitne
967 3153 1088 3219 malam
1141 3172 1256 3218 omnes
1284 3151 1446 3216 humanas
1473 3149 1686 3234 eogitetiones
1719 3147 1870 3225 effluere,
1899 3155 1934 3213 et
1959 3148 2050 3214 abire
2077 3153 2114 3218 in

108 3257 246 3303 eausam
268 3239 383 3302 iuvare
412 3258 471 3302 suo
493 3237 683 3320 patroeinie.
727 3237 781 3303 Ita
802 3259 880 3304 vero
901 3261 1017 3306 eaeeus
1039 3247 1089 3304 est
1140 3237 1267 3303 fumum
1278 3237 1476 3318 simulatque
1485 3235 1619 3318 gratim
1629 3232 1782 3300 ineiderit
1791 3235 1937 3298 tentatio.
1971 3233 2114 3319 Sumpta

107 3322 302 3390 iracundiae
328 3323 480 3405 impetus,
510 3333 633 3388 temere
662 3322 729 3390 huo
750 3332 783 3388 et
804 3324 884 3390 illue
912 3326 1025 3405 irruit,
1056 3335 1090 3390 et
1141 3331 1271 3406 praeter
1292 3322 1355 3386 Dei
1378 3320 1570 3387 mandatnm
1592 3340 1702 3398 uxore,
1725 3340 1793 3384 rem
1817 3320 1900 3384 bene
1921 3328 1955 3384 et
1975 3319 2114 3390 ielieiter

107 3410 181 3475 sine
211 3407 423 3490 inquisitione
451 3409 585 3474 damnat
605 3409 660 3491 qni
688 3428 824 3491 prorsus
845 3429 865 3474 a
886 3412 983 3495 eulpa
1010 3418 1090 3476 sunt
1140 3409 1275 3474 eessisse
1292 3414 1385 3490 putat
1402 3406 1480 3472 dum
1498 3413 1732 3490 praegnantem
1751 3404 1850 3484 videt
1872 3425 1910 3470 ae
1927 3405 1989 3471 sibi
2006 3405 2114 3488 plaoet

106 3495 284 3560 immunes.
330 3493 367 3559 Si
388 3514 453 3576 qua
474 3515 618 3577 unquam
646 3496 808 3560 mansueti
831 3506 865 3562 et
886 3497 1005 3580 plaeidi
1027 3497 1089 3561 ioit
1139 3494 1171 3558 iu
1200 3493 1302 3558 stulta
1330 3490 1482 3559 audaeia:
1504 3491 1583 3556 dnm
1615 3498 1748 3574 repente
1770 3490 1918 3556 exoritur
1937 3495 2112 3573 eontentio,

105 3581 248 3664 spiritns
269 3580 401 3656 mulier,
431 3600 471 3644 ea
499 3579 622 3644 virtute
645 3580 801 3646 exeelluit
823 3580 927 3649 Sorai.
974 3581 1086 3662 Quum
1139 3580 1221 3644 nibil
1241 3579 1340 3644 habet
1355 3577 1490 3658 eonsilii,
1512 3586 1544 3640 et
1561 3597 1653 3661 spem
1673 3585 1774 3640 totam
1794 3575 1914 3654 abiieit,
1933 3577 1985 3641 vel
1996 3579 2115 3645 saltem

105 3687 187 3750 ergo
212 3686 279 3730 una
305 3665 429 3731 offensa
458 3686 628 3732 exoussam
651 3666 699 3730 illi
729 3666 878 3733 videmus
907 3667 1009 3734 fuisse
1029 3688 1085 3751 pa·
1138 3665 1348 3731 obliviseitur.
1393 3660 2114 3746 [11111111111111111111111111,1111111

105 3752 332 3828 1111111111
349 3752 453 3835 magis
475 3751 610 3835 quisque
631 3760 780 3818 nostrum
799 3753 840 3818 ad
859 3754 1087 3837 temperandos
1138 3750 1258 3833 aliquid
1279 3748 1489 3834 aggredimur
1509 3757 1639 3830 praeter
1660 3747 1727 3812 Dei
1745 3746 1897 3826 verbum,
1929 3756 1966 3812 11
1986 3749 2027 3814 ad
2045 3753 2113 3833 pria

103 3858 185 3904 suos
210 3848 318 3902 motus
340 3839 485 3903 intentus
506 3837 557 3902 sit.
1137 3857 1229 3901 mum
1251 3855 1410 3918 quemque
1437 3833 1664 3917 trepidationis
1692 3842 1827 3898 ventum
1857 3842 1981 3900 mentes
2006 3835 2110 3902 labas-

194 3921 226 3988 5.
262 3923 382 3987 iudicet
408 3921 567 3989 Dominae
598 3924 679 3988 inter
709 3944 758 3989 me
786 3929 814 3988 et
840 3929 875 3990 te.
927 3926 1086 3991 Abutitur
1136 3933 1229 3988 eant:
1252 3942 1390 4004 quarum
1411 3916 2111 3995 11111111111111111111,1)11111111111

104 4009 170 4074 Dei
197 4011 346 4088 nomine,
375 4029 412 4074 ae
433 4007 483 4072 illi
504 4007 737 4091 propemodum
760 4011 881 4075 exeidit
902 4012 971 4076 eius
993 4031 1085 4076 reve·
1136 4021 1292 4073 autorem.
1336 4005 1471 4071 Interea
1498 4002 1595 4070 fidem
1624 4004 1782 4070 serviani
1805 4024 1825 4068 1
1847 4004 1996 4088 robigine
2017 4007 2112 4073 Deus

102 4095 226 4171 rentia,
250 4113 332 4175 quae
354 4103 522 4176 tantopere
543 4095 607 4177 piis
628 4095 883 4162 oemmendatur.
924 4097 1086 4162 Provooat
1136 4103 1308 4177 repurgat:
1328 4113 1426 4159 suurn
1444 4091 1532 4156 enim
1550 4100 1584 4154 et
1601 4090 1714 4155 uxoris
1733 4091 1926 4173 figmentum
1944 4093 2110 4159 miseendo

102 4180 144 4242 ad
170 4180 238 4245 Dei
263 4178 428 4246 iudieium.
467 4177 556 4261 Quid
575 4180 636 4247 hoo
654 4179 744 4245 aliud
761 4188 813 4246 est
829 4203 928 4264 quam
945 4183 1084 4248 exitium
1135 4199 1210 4245 eum
1232 4179 1334 4244 verbe
1356 4178 1419 4242 Dei
1447 4177 1538 4242 illam
1568 4176 1662 4258 quasi
1690 4175 1919 4241 suffoeaverat:
1949 4196 2049 4257 quare
2072 4191 2109 4244 ut

101 4267 207 4349 eapiti
231 4287 290 4331 suo
312 4264 498 4330 accersere?
532 4265 617 4330 Nam
642 4264 694 4330 ubi
716 4287 751 4331 se
774 4266 912 4333 indieem
938 4269 1084 4351 interpo-
1134 4284 1251 4330 rursus
1262 4263 1304 4328 ad
1314 4262 1474 4345 liquidum
1485 4261 1620 4340 elneeut,
1634 4269 1798 4327 reseeatur
1807 4258 1887 4325 illud
1897 4263 2109 4344 superfluum.

100 4354 213 4416 suerit
234 4352 344 4428 Deus,
373 4371 505 4416 neeesse
527 4363 577 4417 est
598 4359 635 4416 ut
663 4350 841 4417 vindictam
863 4354 905 4418 ab
927 4354 1084 4420 alterutro
1135 4350 1207 4417 Hoe
1225 4349 1320 4414 modo
1337 4347 1430 4414 Deus
1447 4347 1559 4431 pravis
1578 4347 1699 4411 nostris
1716 4345 1859 4412 oonsiliis
1877 4365 1912 4411 se
1929 4367 2106 4431 opponens,

99 4437 231 4522 exigat.
271 4436 394 4502 Abram
417 4436 501 4500 nihil
522 4437 637 4501 intulit
657 4437 807 4502 iniuriae.
844 4437 1002 4521 Superest
1023 4439 1083 4522 igi·
1135 4433 1324 4503 asoeordia
1345 4455 1404 4500 111
1427 4434 1597 4499 11111111
1615 4440 1760 4496 mentem
1777 4445 1916 4496 revoeat.
1952 4432 2105 4516 Simplex

100 4532 176 4600 tur,
210 4529 249 4586 ut
269 4521 395 4598 Deum,
425 4524 518 4588 euius
545 4524 629 4587 iram
650 4523 711 4588 sibi
733 4523 787 4588 vel
815 4527 932 4590 marito
960 4533 1084 4591 temere
1134 4521 1212 4588 data
1232 4533 1303 4586 erat
1323 4520 1508 4604 promissio:
1533 4516 1660 4586 Semini
1683 4529 1738 4582 tuo
1761 4514 1957 4583 benedicam.
2003 4520 2106 4584 Addi-

99 4609 326 4691 impreeatur,
354 4609 475 4674 sentiat
501 4609 650 4674 ultorem.
695 4604 733 4673 Si
757 4609 796 4673 de
819 4612 954 4693 profana
974 4611 1083 4694 aliqua
1133 4616 1316 4674 tomentum
1339 4605 1436 4672 Sorai
1465 4613 1716 4689 supervenerat,
1746 4601 1874 4665 nullum
1895 4600 1965 4666 lore
1991 4625 2105 4672 semen

99 4694 249 4759 muliere
270 4693 332 4760 1111
358 4695 495 4760 referret
516 4694 640 4770 Moses,
670 4704 780 4776 posset
808 4701 900 4777 quasi
926 4697 1082 4761 usitatum
1133 4694 1196 4758 nisi
1222 4693 1465 4775 supposititium
1495 4712 1535 4755 ex
1565 4689 1664 4774 Agar.
1709 4689 1837 4753 Lutum
1859 4685 1919 4754 boo
1939 4687 2103 4758 humanae

98 4781 285 4846 eontemni.
328 4779 424 4845 Nune
451 4799 529 4845 vero
557 4781 592 4843 in
622 4800 760 4862 persona
788 4781 904 4846 matris
934 4781 1081 4846 fidelium
1131 4773 2103 4864 11ςί1111111,111111111111111111111111111,11111111

98 4863 252 4930 ostendit
271 4865 437 4931 Dominus
465 4864 607 4949 primum
635 4886 731 4949 quam
762 4865 924 4932 violentus
951 4868 995 4932 sit
1017 4868 1081 4931 ira·
1131 4864 1289 4950 oportuit,
1317 4885 1360 4928 ne
1382 4863 1477 4928 aliter
1498 4869 1628 4944 saperet
1647 4857 1817 4925 Abraham
1839 4877 1935 4941 quam
1956 4881 2000 4924 ex
2021 4884 2102 4946 poro

99 4951 248 5016 eondiae
265 4953 383 5025 fervor,
401 4960 435 5015 st
452 4969 605 5032 quorsum
624 4951 772 5016 homines
790 4953 944 5036 abripiat:
964 4952 1082 5018 deinde
1130 4952 1195 5017 Dei
1215 4948 1324 5015 verbo.

97 5051 308 5120 quantopere
330 5039 512 5102 assentiant
533 5038 588 5118 qui
610 5036 672 5102 sibi
693 5036 919 5121 indulgentia
941 5039 1082 5122 propriis
1216 5034 1260 5100 111
1280 5035 1399 5116 afllieit
1424 5052 1493 5098 eom
1517 5031 1623 5097 Sorai.
1668 5029 1815 5096 Verbum
1837 5041 1895 5105 mu
1912 5050 1976 5113 qno
1997 5035 2102 5102 utitur

97 5123 264 5208 negotiis:
287 5134 326 5187 ut
346 5121 509 5188 diseamus
526 5121 619 5188 nobis
636 5123 779 5204 snspeoti
798 5144 869 5189 esse
886 5125 1011 5207 quoties
1028 5143 1082 5189 res
1131 5121 1250 5200 Moses,
1280 5119 1426 5203 affligere
1448 5127 1482 5182 et
1503 5117 1676 5183 humiliare
1703 5116 1876 5199 signifieat.
1923 5116 1995 5198 llgo
2018 5122 2101 5200 posi.

96 5221 225 5274 nostra
252 5209 370 5292 agitur.
413 5206 515 5274 Aliud
547 5208 646 5273 etiarn
677 5207 730 5274 bie
759 5217 873 5275 notatu
902 5210 936 5274 in
966 5210 1081 5293 primis
1131 5219 1201 5272 tum
1223 5227 1294 5272 1111
1322 5207 1519 5289 interpretor
1539 5223 1598 5286 pro
1619 5203 1654 5268 in
1676 5201 1824 5268 ordinem
1846 5221 1970 5284 eogere.
2015 5203 2098 5272 an-

96 5295 244 5381 dignum
267 5302 327 5372 eet,
349 5293 461 5359 domos
478 5294 600 5377 optime
617 5293 813 5376 eompositas
829 5294 995 5362 interdurn
1012 5296 1079 5360 iur-
1131 5302 1238 5359 terum
1256 5290 1386 5357 diffieile
1403 5290 1466 5356 fuit
1482 5290 1585 5354 iratae
1603 5287 1732 5354 mulieri
1753 5287 1788 5352 in
1810 5286 2018 5369 reprimenda
2039 5311 2097 5357 11-

168 5395 287 5453 01111111
301 5410 396 5465 opera
437 5396 493 5453 Vol.
510 5394 635 5452 XXIII.
1864 5387 1899 5444 15
