5000 6208
413 480 476 548 183
1086 478 1458 548 COMMENTARIUS
1482 479 1532 545 IN
1553 479 1768 546 GENESIN.
2340 484 2389 548 184

410 668 645 752 elaqueatum
667 667 702 731 in
724 687 759 733 se
781 674 866 746 erat,
897 673 1033 732 cenatus
1055 673 1106 734 est
1127 666 1235 734 dicare
1256 667 1327 733 Deo
1349 674 1384 732 et
1433 667 1643 734 excusatione
1664 667 1783 753 diguus
1804 669 1848 734 sit
1870 667 2011 746 Abram,
2034 675 2068 734 et
2089 673 2250 751 quatenus
2273 670 2387 752 culpan·
2471 695 2472 708 ¹

410 751 487 818 fidei
508 773 587 818 suae
609 751 707 817 edere
728 752 880 836 perfudit.
1434 752 1504 818 dus.
1544 754 1695 819 Primum
1717 753 1926 832 simulationi,
1949 753 2106 838 adquam
2125 753 2253 819 inducit
2271 776 2387 820 uxerem

497 839 547 904 10.
573 837 650 904 Orto
671 842 773 904 aedem
795 845 840 904 eet
857 838 966 922 fanus.
1000 838 1073 904 Iam
1093 839 1190 922 longe
1208 838 1314 906 acrior
1331 858 1382 903 re·
1432 860 1541 917 suam,
1582 839 1711 905 videtur
1744 840 1866 923 aliquid
1900 861 1969 904 esso
2009 838 2170 904 mendacii
2211 839 2387 906 admixtum.
2471 877 2472 888 .

408 923 516 989 fertur
534 925 679 1004 tentatie,
696 945 761 1007 qua
777 924 859 990 fidos
876 925 985 991 Abrae
1003 924 1043 989 ad
1063 925 1177 990 vivum
1196 925 1383 989 examinata
1431 923 1592 1005 Quamvis
1625 933 1733 990 autem
1766 935 1879 1008 postea
1911 934 2046 991 excuset
2073 946 2109 992 se
2135 947 2200 990 nou
2232 928 2387 992 mentitum
2471 939 2472 964 l

408 1006 481 1074 fuir.
527 1010 641 1092 Neque
662 1011 750 1076 euim
780 1017 910 1075 tautum
939 1009 1174 1095 circumagitur
1195 1031 1253 1093 per
1275 1008 1381 1075 diver·
1433 1029 1519 1087 esse,
1551 1032 1610 1078 nec
1632 1010 1720 1076 aliud
1743 1012 1878 1076 finxisse
1900 1031 1997 1093 quam
2019 1031 2072 1076 res
2095 1011 2249 1077 habebat:
2273 1011 2330 1078 hec
2350 1027 2388 1076 ta·

407 1116 460 1161 sos
482 1105 589 1161 terrae
608 1097 730 1176 flexus,
759 1095 816 1160 sed
837 1097 874 1160 in
895 1095 1047 1161 exsilium
1068 1096 1260 1181 profligetur
1282 1094 1324 1160 ab
1342 1115 1382 1160 ea
1431 1119 1508 1161 men
1525 1117 1645 1182 magne
1664 1096 1744 1162 vitio
1762 1117 1828 1160 uon
1847 1099 1960 1174 caruit,
1983 1096 2067 1180 qued
2089 1118 2147 1179 per
2165 1118 2238 1162 eum
2258 1120 2321 1163 nou
2337 1107 2388 1164 ste·

408 1188 497 1246 terra
523 1203 620 1264 quam
647 1182 739 1247 Deus
766 1181 815 1247 illi
842 1192 876 1246 et
902 1183 1040 1265 posteris
1069 1180 1210 1246 dederat.
1255 1181 1381 1246 Notau-
1432 1184 1474 1246 tit
1496 1183 1669 1265 quominus
1691 1203 1827 1247 uxerem
1849 1183 2069 1264 prostitueret.
2093 1182 2178 1247 Nam
2201 1204 2300 1266 quum
2323 1206 2388 1248 uxo·

408 1265 487 1333 dum
509 1275 572 1345 est,
596 1265 793 1333 Chaldaeam
822 1267 923 1333 luisse
944 1267 978 1332 iu
1005 1267 1120 1351 primis
1148 1266 1302 1332 fertilem:
1329 1287 1380 1331 as-
1432 1288 1501 1333 rem
1523 1289 1595 1334 esse
1617 1267 1818 1347 dissimulat,
1848 1267 1992 1333 denudat
2014 1268 2083 1334 eius
2113 1269 2300 1352 pudicitiam
2322 1270 2388 1354 legi-
2471 1313 2472 1354 ,

407 1362 519 1418 suetus
541 1352 726 1435 opulentiae
748 1352 1012 1431 venitOherras,
1036 1353 1091 1418 ubi
1114 1353 1192 1419 satis
1214 1352 1382 1419 commode
1431 1354 1511 1418 timo
1533 1353 1702 1439 praesidio.
1744 1355 1853 1436 Atque
1877 1355 1954 1419 hine
1975 1353 2116 1418 latrandi
2137 1357 2308 1419 materiem
2327 1377 2388 1438 pro·

407 1438 530 1504 vixisse
551 1436 628 1504 iude
649 1438 835 1518 coniicitur,
865 1440 942 1521 quia
968 1439 1140 1522 mancipiis
1162 1447 1196 1504 et
1216 1438 1379 1504 facultati·
1431 1440 1516 1505 terri
1538 1439 1666 1522 qnidam
1690 1457 1787 1506 canes
1809 1439 1984 1522 arripiunt,
2014 1446 2163 1504 sanctum
2185 1441 2388 1521 patriarcham

406 1522 467 1592 bus
490 1531 605 1591 auctus
627 1533 685 1590 est.
730 1523 826 1590 Nunc
848 1546 946 1610 quum
970 1525 1056 1588 lame
1082 1525 1258 1608 expellitur
1279 1524 1320 1590 ab
1343 1544 1381 1589 ea
1404 1587 1407 1632 Ι
1431 1525 1580 1590 lenonem
1603 1526 1701 1590 luisse
1722 1526 1871 1609 propriae
1893 1525 2021 1590 uxoris:
2045 1532 2142 1608 atque
2159 1539 2197 1589 nt
2215 1525 2275 1591 sibi
2298 1535 2390 1590 astute

404 1617 493 1676 terra
515 1608 572 1676 ubi
595 1609 657 1676 sibi
686 1609 812 1676 felicem
840 1610 944 1677 vitam
971 1617 1005 1675 et
1028 1611 1117 1676 omui
1147 1610 1304 1676 bonorum
1327 1630 1379 1675 ce·
1430 1620 1578 1689 caveret,
1602 1632 1707 1693 neque
1727 1611 1819 1675 illins
1841 1610 1973 1694 pudori,
2000 1631 2106 1692 neque
2128 1632 2186 1677 suc
2209 1611 2322 1676 honeri
2343 1631 2388 1694 pe·

404 1695 458 1780 pia
480 1697 633 1762 refertam
655 1697 719 1762 Dei
737 1696 835 1763 verbo
857 1696 959 1762 fretus
982 1695 1207 1779 desponderat,
1230 1695 1308 1778 quid
1330 1716 1379 1760 se·
1403 1771 1405 1776 .
1430 1699 1580 1780 percisse.
1629 1695 1694 1762 Sed
1721 1696 1920 1763 virulentam
1945 1697 2043 1762 istam
2072 1695 2328 1763 maledicentiam
2348 1720 2388 1761 re·
2471 1691 2472 1740 l

405 1802 480 1848 cum
502 1783 645 1868 cogitare
667 1789 787 1866 potest,
818 1782 883 1847 nisi
905 1784 1004 1866 probe
1026 1783 1173 1848 munitus
1195 1788 1281 1847 esset
1302 1803 1378 1847 een·
1403 1777 1406 1844 Ι
1429 1783 1541 1848 fellere
1563 1791 1750 1867 promptum
1772 1791 1837 1847 est:
1860 1780 1944 1864 quod
1967 1783 2090 1848 scilicet
2107 1782 2206 1848 altius
2225 1784 2390 1868 respexerit

402 1879 455 1934 tra
478 1867 623 1936 Satanae
645 1868 837 1935 machinas?
869 1867 1002 1934 Centies
1030 1889 1146 1933 eversa
1172 1868 1286 1934 luisset
1309 1867 1379 1932 cius
1403 1851 1406 1930 i
1429 1870 1573 1946 Abram,
1614 1889 1713 1951 quum
1748 1875 1841 1933 tanto
1871 1870 1906 1932 iu
1939 1867 2012 1932 aliis
2045 1869 2144 1933 animi
2178 1869 2389 1954 magnitudine
2471 1877 2472 1918 l

403 1953 493 2020 fides.
532 1956 578 2020 Et
594 1955 730 2034 seimus,
753 1955 878 2038 quoties
900 1975 960 2020 nos
982 1956 1159 2019 frustratur
1181 1953 1299 2037 opinio,
1318 1972 1378 2019 nec
1429 1953 1595 2037 praeditus
1618 1954 1725 2019 fuerit.
1767 1953 1896 2019 Deinde
1918 1954 1976 2036 qui
1997 1954 2120 2020 factum
2142 1962 2194 2018 est
2214 1965 2251 2020 ut
2270 1955 2387 2040 Aegyp·

402 2062 461 2125 pro
484 2041 570 2106 vetis
590 2063 642 2107 ras
665 2041 861 2120 succedunt,
890 2040 1088 2106 cantilenam
1116 2040 1203 2106 hanc
1230 2039 1337 2105 subite
1359 2059 1379 2102 a
1429 2051 1499 2105 tum
1517 2041 1625 2124 petius
1646 2047 1780 2123 peteret,
1802 2059 1899 2121 quam
1920 2039 2043 2105 rediret
2062 2038 2206 2106 Charras
2224 2039 2277 2106 vel
2294 2042 2326 2104 iu
2342 2061 2388 2124 pa·

402 2147 501 2194 carne
529 2126 622 2192 nobis
645 2126 777 2208 dictari,
800 2128 891 2192 Deus
913 2133 946 2192 te
968 2126 1102 2209 decepit.
1147 2125 1250 2208 Atqui
1270 2125 1380 2191 Moses
1429 2127 1536 2204 triam,
1560 2125 1623 2190 nisi
1645 2125 1730 2208 qued
1749 2124 1919 2210 migrando
1936 2124 2048 2190 Deum
2066 2139 2142 2190 aute
2165 2126 2275 2192 ocules
2296 2126 2388 2203 hebet,

401 2233 498 2297 quam
527 2213 654 2278 fortiter
682 2212 913 2279 vehementem
941 2213 1040 2277 istum
1074 2212 1252 2295 impulsum
1280 2212 1377 2277 susti·
1429 2211 1563 2295 eiusque
1589 2211 1833 2294 promissionem
1855 2211 1965 2276 auimo
1986 2231 2045 2275 suo
2067 2210 2223 2276 radicitus
2244 2211 2387 2276 infixam?

402 2300 512 2365 nuerit
538 2297 680 2377 Abram,
709 2299 820 2382 paucis
846 2299 998 2364 ostendit.
1044 2295 1118 2363 Non
1142 2297 1287 2363 verbosis
1308 2297 1378 2380 qui·
1429 2296 1542 2377 Quum
1575 2297 1678 2381 igitur
1705 2317 1725 2360 a
1756 2298 1856 2363 verbe
1883 2296 1946 2361 Dei
1980 2318 2149 2380 nunquam
2181 2317 2295 2363 seusus
2324 2318 2389 2363 sues

403 2385 479 2450 dem
508 2385 623 2470 elogiis
651 2385 823 2468 magnifiee
852 2383 1019 2469 praedicat
1046 2384 1115 2448 eius
1144 2383 1377 2448 constantiam:
1429 2383 1614 2462 deflexerit,
1645 2382 1721 2448 inde
1743 2383 1842 2447 etiam
1865 2382 2017 2467 colligere
2039 2383 2114 2448 licet
2135 2405 2194 2448 cur
2215 2383 2301 2449 vitae
2321 2403 2389 2448 suae

403 2469 461 2535 sed
483 2491 549 2536 uua
571 2470 687 2536 vecula
709 2471 789 2536 satis
818 2469 1022 2536 demonstrat
1051 2491 1152 2553 usque
1174 2468 1215 2534 ad
1238 2470 1377 2534 miracu·
1402 2494 1405 2522 ι
1429 2477 1597 2552 tantopere
1619 2478 1758 2547 metuat,
1781 2479 1818 2533 ut
1839 2469 1911 2533 eius
1932 2468 2113 2550 periculum
2137 2469 2200 2534 alic
2222 2469 2330 2534 maiori
2352 2469 2388 2532 el·

401 2556 473 2621 lum
494 2556 657 2641 insignem
680 2556 791 2634 fnisse,
813 2575 915 2640 quum
937 2556 1016 2622 dicit
1037 2556 1166 2622 venisse
1187 2555 1221 2619 in
1245 2557 1378 2640 Aegyp·
1428 2555 1542 2639 fugere
1570 2564 1712 2622 conetur.
1756 2553 1888 2620 Centies
1916 2554 2005 2619 haud
2032 2554 2129 2620 dubie
2157 2556 2241 2619 mori
2268 2575 2389 2638 praeop-

402 2651 474 2709 tum
497 2648 535 2706 ut
556 2643 822 2726 peregrinaretur
844 2641 919 2708 illie.
963 2642 1050 2706 Nam
1079 2641 1242 2725 significat
1268 2642 1377 2705 animo
1429 2648 1532 2706 tasset
1548 2663 1646 2724 quam
1664 2641 1776 2706 uxoris
1798 2661 1876 2705 suae
1893 2641 2013 2704 famam
2032 2640 2078 2704 ita
2094 2641 2260 2723 proiicere,
2283 2640 2389 2705 eteius
2471 2661 2472 2720 i

402 2727 617 2794 nihilominus
640 2727 813 2793 retinuisse
836 2735 941 2794 terrae
964 2725 1027 2793 sibi
1048 2727 1226 2811 promissae
1253 2747 1377 2809 posses·
1402 2713 1405 2808 l
1430 2747 1527 2809 quam
1551 2727 1646 2792 unice
1668 2726 1799 2791 amabat
1821 2726 1971 2811 coniugio
2000 2726 2133 2808 privari.
2178 2723 2245 2791 Sed
2268 2725 2340 2791 dum
2359 2727 2390 2788 in
2471 2721 2472 2748 ¹

402 2814 547 2892 sienem,
568 2814 717 2898 quamvis
738 2813 815 2878 iude
837 2813 923 2878 fame
952 2814 1090 2891 eiectus,
1120 2813 1226 2878 vietus
1251 2813 1376 2895 quaeri·
1429 2833 1465 2878 se
1494 2820 1624 2896 reputet
1650 2812 1809 2878 inclusam
1837 2832 1908 2877 esse
1936 2833 2029 2895 spem
2057 2811 2187 2888 salutis,
2216 2833 2250 2876 se
2276 2811 2387 2878 fontem

402 2898 496 2965 tandi
536 2899 653 2965 eausa'
672 2900 736 2964 alio
774 2899 910 2984 fugeret.
965 2898 1141 2964 Menemur
1173 2906 1283 2963 autem
1315 2899 1379 2964 hcc
1430 2920 1500 2964 esse
1522 2897 1766 2964 ecclesiaeDei:
1789 2898 1922 2976 flustra,
1943 2897 2008 2962 nisi
2030 2897 2131 2977 vivat,
2154 2896 2266 2962 sibiet
2285 2897 2389 2962 semini

403 2985 569 3069 exemplo,
598 2984 788 3050 luctandum
815 3005 885 3049 esse
912 2985 1017 3050 servis
1044 2984 1109 3049 Dei
1136 2990 1248 3050 ccutra
1274 2983 1378 3049 multa
1430 2985 1621 3067 premissam
1639 3004 1710 3049 esse
1727 2981 2000 3048 benedictionem:
2018 3005 2083 3048 neu
2102 2985 2167 3048 iam
2185 2983 2311 3066 privato
2327 3001 2388 3047 ear·
2471 2981 2472 3040 l

402 3071 582 3151 obstacula,
622 3082 659 3134 ut
691 3070 831 3136 stadium
871 3070 1048 3136 vocationis
1079 3091 1158 3136 suae
1197 3071 1376 3136 conficiant.
1430 3071 1481 3135 nis
1504 3070 1622 3135 affectu
1644 3070 1749 3134 vitam
1768 3089 1861 3134 suam
1883 3071 2048 3147 aestimat,
2074 3069 2131 3134 sed
2154 3069 2232 3151 quia
2253 3069 2390 3133 effectum
2471 3067 2472 3120 l

402 3157 563 3222 Memoria
584 3159 673 3221 enim
696 3178 824 3240 semper
845 3153 1057 3240 repetendum
1079 3165 1141 3234 est,
1164 3155 1288 3220 Abram
1312 3177 1377 3222 uon
1429 3155 1560 3222 divinae
1578 3156 1756 3221 vocationis
1774 3175 1969 3220 evanescere
1987 3175 2053 3219 non
2075 3154 2147 3219 vult
2163 3155 2199 3218 in
2218 3163 2390 3229 mertesna,
2471 3123 2472 3200 i

402 3263 507 3307 nnnm
529 3241 707 3325 quemlibet
728 3264 800 3308 esso
822 3263 863 3307 ex
890 3241 1055 3321 fidelibus,
1084 3240 1140 3307 sed
1170 3250 1377 3307 communem
1429 3249 1522 3306 tanta
1542 3239 1722 3306 servandae
1745 3261 1823 3306 suae
1842 3243 1928 3305 vitae
1945 3261 2024 3306 eura
2046 3242 2202 3326 tangitur,
2225 3240 2392 3320 etreliqua

402 3329 548 3393 emnium
573 3338 717 3411 patrem,
740 3336 777 3393 ut
799 3349 834 3393 se
857 3327 896 3392 ad
920 3327 990 3393 eius
1018 3328 1235 3392 imitationem
1263 3347 1377 3392 omues
1429 3327 1539 3392 omnia
1558 3326 1759 3409 posthabeat.
1794 3326 1975 3409 Hucusque
1998 3326 2127 3391 laudem
2147 3334 2298 3402 meretur,
2314 3322 2388 3407 quod

402 3413 554 3480 ferment.
606 3414 697 3500 Ergo
731 3425 767 3478 ut
798 3413 960 3479 instabilis
994 3422 1043 3478 est
1074 3416 1255 3497 praesentis
1289 3415 1376 3479 vitae
1429 3423 1517 3480 reete
1538 3413 1671 3478 vivendi
1693 3414 1759 3477 fine
1781 3414 1881 3477 vitam
1903 3413 2018 3495 quovis
2040 3413 2144 3494 pretio
2167 3411 2322 3476 redimere
2342 3429 2390 3493 pa-

402 3499 553 3578 ccnditio‚
576 3507 610 3564 et
630 3500 813 3565 innumeris
834 3499 1068 3564 mutationibus
1091 3499 1240 3578 obnoxia,
1263 3500 1377 3564 memi-
1401 3495 1404 3587 l
1427 3508 1519 3564 ratus
1541 3507 1600 3564 est.
1641 3495 1708 3564 Sed
1725 3498 1811 3581 quod
1832 3497 1994 3581 obliquam
2016 3497 2102 3562 hanc
2124 3498 2282 3562 rationem
2304 3515 2388 3562 exee-

402 3587 548 3651 nerimus
576 3606 769 3668 quecunque
798 3605 858 3650 uos
888 3584 1060 3668 impellant
1086 3585 1181 3649 famis
1211 3597 1243 3648 et
1277 3586 1376 3650 bello·
1427 3585 1514 3669 gitat,
1538 3603 1603 3667 qna
1623 3605 1757 3649 uxorem
1780 3603 1873 3648 snam
1895 3585 1929 3647 in
1953 3583 2103 3648 adulterii
2125 3585 2302 3666 periculum
2323 3603 2388 3648 ceu·

402 3693 477 3737 rum
510 3679 634 3750 aestus,
665 3671 810 3755 aliaeque
840 3670 1099 3748 vicissitudines,
1128 3691 1211 3753 quae
1240 3671 1378 3736 subinde
1426 3672 1512 3749 iioit,
1542 3669 1678 3734 minime
1700 3690 1772 3735 esse
1801 3668 1996 3735 excusabilis
2027 3669 2166 3735 videtur.
2212 3667 2250 3736 si
2272 3669 2311 3734 de
2330 3667 2389 3732 vita

402 3765 533 3842 praeter
549 3779 639 3840 spem
659 3756 819 3835 accidunt,
842 3767 966 3822 rectum
984 3764 1094 3822 tamen
1113 3775 1245 3821 cursum
1267 3766 1377 3822 tenon-
1428 3777 1487 3822 sua
1509 3755 1667 3822 sollicitus
1689 3761 1775 3832 erat,
1810 3755 1897 3837 qued
1920 3756 1990 3820 iure
2012 3754 2119 3835 licuit,
2150 3755 2266 3820 saltem
2291 3753 2389 3818 debuit

403 3843 481 3908 dum
504 3863 588 3908 esse:
611 3851 708 3924 atque
730 3850 768 3906 ut
789 3841 854 3906 hue
877 3852 910 3907 et
931 3841 1009 3908 illuc
1039 3844 1202 3926 agitentur
1231 3862 1375 3925 corpora,
1427 3863 1521 3907 suam
1543 3861 1656 3907 curam
1678 3841 1811 3906 reiicere
1833 3841 1867 3904 iu
1888 3841 2004 3905 Deum.
2042 3841 2116 3906 Neu
2135 3841 2245 3907 obstat
2261 3839 2389 3924 quidem,

401 3927 501 3994 fidem
524 3925 640 3994 debere
662 3928 887 3993 inconcussam
910 3936 1007 3994 stare.
1046 3928 1151 3992 Porro
1173 3948 1238 3993 ucu
1256 3930 1376 3994 mirum
1428 3931 1544 4004 fateor,
1575 3927 1639 3991 Dei
1671 3926 1879 4010 previdentia
1907 3927 2081 4008 queminus
2109 3927 2171 3992 sibi
2204 3927 2389 4012 prospiciant

403 4023 469 4093 est,
507 4034 606 4096 quum
638 4013 827 4078 Chananaei
857 4013 958 4078 vitam
992 4021 1157 4097 utcunque
1190 4014 1377 4094 tolerarent,
1427 4013 1557 4080 fideles:
1582 4012 1638 4078 sed
1657 4014 1703 4077 ita
1726 4023 1762 4076 ut
1782 4032 1825 4075 ne
1846 4014 2008 4094 praefixas
2030 4011 2091 4078 sibi
2114 4019 2220 4078 metas
2242 4009 2389 4077 transsili-

401 4101 530 4167 Abram
552 4099 707 4183 privatim
726 4098 894 4164 consulere
916 4098 978 4164 sibi
1001 4106 1157 4165 eoactum.
1193 4099 1267 4164 Non
1290 4103 1379 4184 iuge-
1428 4109 1495 4165 aut.
1540 4099 1629 4165 Hinc
1650 4101 1797 4181 sequitur
1820 4107 1944 4163 rectum
1967 4099 2066 4164 fuisse
2087 4098 2194 4164 Abrae
2215 4100 2319 4172 finem,
2340 4092 2388 4159 sed

403 4207 478 4252 rum
508 4205 610 4249 unum
641 4185 712 4270 agri
742 4185 897 4250 habebat:
931 4186 1099 4268 negotium
1125 4185 1175 4248 illi
1204 4195 1274 4250 erat
1303 4205 1378 4250 cum
1428 4187 1462 4251 in
1496 4187 1567 4269 ipsa
1600 4187 1652 4250 via
1685 4183 1866 4248 aberrasse:
1908 4191 1944 4248 ut
1976 4204 2072 4267 saepe
2104 4185 2199 4250 uobis
2234 4181 2389 4264 contingit,

402 4271 542 4338 immani
570 4279 604 4335 et
631 4270 871 4356 improbissime
899 4271 1037 4353 populo,
1070 4271 1125 4354 qui
1153 4272 1276 4336 centies
1303 4293 1377 4336 eum
1430 4272 1527 4337 etiam
1554 4267 1661 4354 qnirm
1695 4269 1735 4334 ad
1765 4270 1873 4334 Deum
1907 4269 2086 4348 tendimus,
2119 4279 2228 4336 tamen
2262 4271 2300 4334 ab
2330 4267 2391 4332 eius

403 4357 513 4424 inedia
532 4357 640 4440 perire
658 4377 774 4439 passus
796 4364 890 4436 esset,
913 4377 1009 4440 quam
1028 4378 1123 4439 opem
1141 4356 1271 4422 tulisset
1291 4357 1379 4423 labo-
1430 4358 1532 4423 verbo
1563 4376 1621 4440 per
1652 4355 1899 4439 incogitantiam
1932 4355 2102 4438 captandis
2134 4355 2256 4422 illicitis
2287 4351 2390 4419 mediis

405 4445 502 4510 nanti.
539 4442 635 4508 'Pales
658 4444 920 4508 circumstantiae
942 4442 1018 4507 fidei
1039 4441 1169 4507 laudem
1193 4453 1227 4508 ot
1250 4443 1379 4508 fortitu·
1431 4443 1609 4508 deflectere.
1649 4440 1688 4505 ld
1710 4460 1789 4505 vero
1814 4442 2006 4523 praesertim
2035 4442 2233 4506 usuvenire
2261 4441 2339 4506 selet
2360 4437 2389 4499 in

405 4530 491 4596 dinis
508 4529 543 4593 in
562 4529 686 4595 Abram
705 4529 919 4612 amplificant:
939 4530 1081 4612 primum
1100 4528 1185 4611 quod
1202 4529 1380 4607 famelicus,
1430 4528 1528 4594 rebus
1560 4526 1737 4611 perplexis:
1772 4527 1848 4609 quia
1875 4527 1953 4592 dnm
1983 4528 2092 4593 exitus
2120 4527 2234 4594 nullus
2260 4531 2389 4610 apparet,

405 4615 510 4698 quoad
529 4616 675 4696 corperis
697 4615 832 4691 vietum,
854 4615 923 4679 sela
940 4613 1004 4677 Dei
1023 4614 1236 4696 promissione
1255 4635 1290 4680 se
1308 4637 1380 4698 pas·
1430 4615 1526 4680 facile
1545 4615 1579 4678 in
1602 4613 1709 4678 varies
1731 4613 1887 4679 circuitus
1905 4611 2106 4678 abducimur.
2146 4613 2305 4694 Quamvis
2323 4625 2392 4691 ergo

404 4703 465 4767 cit:
497 4699 614 4764 deinde
637 4700 723 4782 quod
746 4699 838 4764 nulla
859 4700 890 4764 vi
915 4699 954 4764 ab
976 4721 1013 4764 ec
1042 4699 1126 4780 lcec,
1149 4699 1205 4765 ubi
1234 4700 1382 4766 habitare
1432 4701 1596 4766 temerarii
1625 4701 1692 4764 siut
1718 4697 1858 4778 iudices,
1890 4699 1946 4781 qui
1979 4699 2124 4783 praecise
2153 4698 2309 4765 damnant
2335 4695 2393 4760 lice

402 4788 584 4865 iussusest,
603 4784 718 4850 nisiad
736 4787 985 4868 brevetempus,
1003 4785 1163 4851 avellitur.
1195 4786 1382 4851 Iueemul-
1431 4788 1553 4853 laetum
1586 4786 1705 4850 Abrae:
1738 4781 1942 4866 particularis
1971 4793 2081 4850 tamen
2111 4785 2224 4868 lapsus
2252 4806 2315 4849 nou
2342 4799 2392 4843 ne·

407 4889 478 4937 tum
496 4871 659 4954 plerisque
678 4871 852 4948 dissimilis,
878 4892 959 4953 quos
977 4871 1142 4937 levissima
1159 4891 1306 4955 quaeque
1327 4893 1381 4938 ec·
1430 4871 1558 4958 gaudus
1578 4881 1638 4950 est,
1663 4869 1749 4953 quod
1772 4869 1812 4934 ad
1836 4877 1972 4934 mertem
1996 4872 2212 4958 prepinquam
2237 4866 2394 4961 trepidans

406 4960 492 5024 casio
505 4970 730 5022 transversum
742 4957 836 5041 rapit,
856 4965 996 5022 utsuam
1007 4959 1208 5024 vocatiouem
1220 4957 1380 5024 deserant.
1432 4958 1628 5024 discriminis
1656 4965 1809 5021 eventum
1832 4977 1896 5019 neu
1926 4953 2088 5022 commisit
2110 4955 2199 5036 Deo,
2228 4977 2269 5021 ne
2292 4971 2395 5020 uxoris

495 5043 544 5107 11.
564 5041 662 5107 Dixit
678 5045 721 5108 ed
740 5041 840 5108 Sorai
860 5063 989 5107 uxoren
1006 5063 1106 5110 snam,
1142 5044 1263 5109 Narrat
1285 5045 1381 5128 quale
1431 5044 1619 5130 pudicitiam
1642 5042 1728 5106 male
1747 5041 1908 5125 proderet.
1952 5041 2064 5122 Quare
2086 5042 2148 5108 hoc
2169 5043 2314 5125 exemplo
2331 5055 2394 5102 mc·

406 5129 579 5197 consilium
613 5126 795 5193 servandae
828 5128 915 5194 vitae
947 5129 1070 5210 ceperit
1104 5129 1240 5208 Abram,
1280 5151 1380 5212 quum
1432 5152 1563 5209 namur,
1585 5131 1620 5192 in
1643 5127 1739 5192 rebus
1759 5127 1926 5209 implicitis
1948 5141 1981 5192 et
2003 5126 2112 5193 dubiis
2132 5127 2307 5211 petendum
2329 5139 2395 5186 esse

405 5217 609 5300 propinquus
638 5223 724 5278 esset
752 5213 915 5299 Aegypte.
961 5213 1125 5294 Quoniam
1154 5223 1261 5280 antem
1291 5216 1381 5283 loeus
1432 5215 1615 5282 aDcmiuo
1637 5213 1763 5280 consilii
1786 5222 1820 5279 ct
1848 5211 2039 5296 prudentiae
2062 5215 2227 5296 spiritum:
2250 5222 2281 5277 et
2302 5203 2394 5276 simul

406 5303 461 5368 hie
490 5302 594 5366 instar
622 5299 746 5384 scopuli
769 5313 833 5376 est,
867 5299 908 5364 ad
934 5321 1028 5382 quem
1058 5301 1154 5364 multi
1183 5302 1380 5384 impingunt,
1432 5300 1599 5369 colendam
1623 5320 1693 5365 esse
1716 5300 1938 5377 sobrietatem,
1965 5298 2106 5382 nequid
2129 5303 2397 5382 temerepraeter

405 5387 513 5454 sobrie
542 5392 576 5450 et
607 5392 794 5450 reverenter
823 5385 1009 5468 expendere
1035 5387 1188 5452 convenit
1222 5397 1381 5470 quatenus
1433 5388 1503 5454 eius
1526 5387 1661 5452 verbum
1683 5393 1857 5451 tentemus.
