5000 6208
369 399 434 465 351
1032 397 1404 468 COMMENTARIUS
1427 397 1478 464 IN
1500 397 1714 466 GENESIN.
2306 401 2372 468 352

369 595 499 662 saneta,
527 593 560 652 et
589 585 794 654 naturalibus
816 584 880 653 Dei
908 586 985 654 filiis
1010 606 1104 669 posse
1133 586 1233 652 reiioi.
1278 585 1344 653 Hie
1395 608 1514 672 genus,
1548 597 1582 654 et
1610 585 1723 653 eodem
1745 593 1840 654 reatu
1866 588 2093 669 eonstriotum,
2123 588 2204 656 alios
2225 591 2371 674 gratuita

369 671 537 740 oonteudit
557 671 697 749 Paulus,
731 691 797 738 non
831 693 945 740 omues
978 672 1034 756 qui
1068 671 1271 738 deseendunt
1303 695 1345 738 ex
1394 671 1617 740 miserioordia
1639 673 1780 752 liberari,
1803 672 1883 739 alios
1905 673 1990 740 iuste
2012 674 2151 758 relinqui
2172 695 2232 741 suo
2254 676 2369 742 exitio:

294 805 299 820 .
370 757 469 824 Iaoob
491 755 670 824 seeundum
692 778 824 823 oernem
854 779 925 825 esse
952 778 1047 826 veros
1068 756 1245 838 Israelitas‚
1268 759 1345 842 quia
1394 778 1455 824 neo
1476 759 1548 824 ideo
1570 759 1643 825 aliis
1665 759 1823 844 praeferri
1846 780 1927 842 quos
1944 758 2036 826 Deus
2057 760 2157 845 eligit,
2181 761 2259 845 quia
2275 782 2371 829 sano·

370 845 463 911 Deus
501 843 645 928 gratuito
684 843 820 909 arbitrio
856 845 898 912 eli
944 852 959 909 t
997 865 1078 928 quos
1117 843 1237 910 habere
1271 844 1345 910 vult
1395 852 1445 910 tos
1467 845 1561 911 Deus
1588 843 1795 929 praevideat,
1829 843 1887 910 sed
1907 852 1945 910 ut
1973 847 2077 913 saneti
2099 846 2177 912 sint.
2221 845 2372 928 Quodsi

368 940 522 997 aeternae
544 928 660 996 salutis
682 928 848 996 haeredes.
894 866 977 1012 Siris
1000 950 1069 995 non
1091 930 1180 996 videt
1201 929 1344 996 Paulum
1394 932 1500 1012 prima
1527 931 1617 1014 origo
1647 932 1828 998 sauotitatis
1858 929 1923 994 Dei
1951 931 2067 997 eleotio
2096 941 2155 1010 est,
2183 931 2308 998 frustra
2334 934 2371 998 in

369 1016 576 1082 aoommuni
604 1014 778 1099 adoptione
800 1016 842 1082 ad
872 1016 1101 1099 partioularem
1132 1014 1343 1082 descendere:
1395 1015 1584 1082 hominibus
1616 1017 1784 1099 quaeritur
1815 1016 1990 1082 disorimen
2022 1017 2109 1100 quod
2139 1017 2176 1082 in
2208 1017 2277 1084 solo
2306 1017 2372 1085 Dei

369 1111 406 1168 ut
435 1103 576 1168 seiamus
598 1121 663 1166 non
691 1121 805 1168 omues
833 1104 888 1185 qui
915 1101 1024 1168 looum
1045 1109 1206 1185 ooeupant
1228 1101 1262 1166 in
1292 1123 1343 1167 ee-
1394 1101 1531 1166 arbitrio
1559 1101 1689 1168 residet.
1735 1099 1773 1169 Si
1795 1102 1869 1186 quis
1897 1123 2067 1186 anagogen
2089 1102 2266 1184 desideret,
2293 1105 2372 1187 quia

368 1188 484 1266 olesia,
512 1208 571 1270 pro
594 1186 683 1253 veris
700 1187 855 1254 eoelesiae
877 1187 1033 1254 membris
1054 1187 1221 1270 reputari?
1246 1187 1344 1254 (lerte
1394 1187 1490 1253 multi
1511 1186 1705 1272 hypooritae
1722 1187 1758 1253 in
1776 1188 1882 1255 medio
1904 1187 2060 1255 eoolesiae
2078 1197 2171 1255 utero
2188 1189 2308 1257 inelusi
2328 1189 2372 1258 ad

368 1274 478 1357 palam
500 1271 541 1338 ab
562 1272 678 1338 ordine
699 1272 840 1340 liliorum
859 1275 923 1339 Dei
945 1272 1074 1340 abdioat
1091 1272 1133 1338 ad
1150 1295 1230 1356 quos
1247 1271 1345 1358 (siout
1394 1280 1540 1356 tempus.
1572 1275 1663 1339 inani
1693 1272 1789 1340 titulo
1817 1273 2027 1356 superbiunt,
2061 1283 2095 1340 et
2122 1295 2158 1342 se
2190 1275 2372 1342 insolenter

369 1360 446 1427 alibi
469 1357 560 1445 dieit)
581 1359 749 1442 speetabat
770 1359 916 1442 adoptio:
947 1359 1035 1425 unde
1063 1371 1152 1424 oerto
1173 1359 1345 1425 eonfioitur
1393 1357 1544 1425 iaetando
1561 1358 1729 1426 exsultant
1746 1359 1903 1426 adversus
1921 1381 2015 1426 veros
2032 1361 2097 1426 Dei
2114 1361 2213 1430 filiast
2231 1361 2371 1428 subinde

369 1445 412 1512 ad
434 1444 640 1528 probandum
661 1444 747 1509 hano
768 1447 972 1526 seutentiam,
993 1446 1099 1528 aptari
1122 1445 1162 1510 ab
1183 1446 1254 1528 ipso
1271 1445 1343 1510 Mo-
1394 1455 1578 1528 exsurgunt
1594 1445 1743 1512 intestini
1765 1446 1936 1513 eonfliotus
1954 1445 2011 1528 qui
2028 1453 2166 1512 matrem
2184 1448 2289 1530 ipsam
2308 1447 2371 1512 du·

368 1532 414 1597 sis
432 1531 666 1611 testimonium,
689 1530 775 1614 quod
793 1531 885 1597 Deus
907 1553 948 1596 ex
966 1531 1043 1598 filiis
1060 1530 1216 1597 Abrahae
1238 1540 1344 1597 oertos
1394 1531 1474 1596 riter
1496 1540 1657 1613 torquent.

369 1617 432 1684 sibi
454 1617 555 1701 eliget
575 1618 610 1682 in
632 1615 749 1700 quibus
767 1616 894 1682 stabilis
912 1617 955 1683 sit
972 1625 1004 1682 et
1022 1617 1138 1682 effioax
1160 1615 1344 1699 adoptionis
1480 1615 1532 1682 24.
1556 1615 1600 1682 nt
1620 1616 1740 1698 impleti
1760 1623 1834 1684 auat
1853 1616 1929 1682 dies.
1974 1617 2082 1684 Dooet
2104 1618 2213 1684 Moses
2238 1617 2371 1683 intesti-

410 1703 484 1769 atia.
529 1700 700 1784 Quomodo
729 1702 831 1788 igitur
853 1704 995 1769 Paulum
1024 1724 1098 1769 oum
1120 1702 1214 1768 Mose
1236 1702 1343 1768 eonei-
1395 1723 1474 1766 num
1512 1702 1595 1767 uteri
1635 1711 1801 1768 oertameu
1843 1723 1946 1785 usque
1978 1702 2020 1768 ad
2053 1711 2185 1786 partum
2218 1701 2372 1770 durasse:

383 1787 763 1872 iabimuisespondeo,
775 1789 928 1872 quamvis
942 1789 1102 1854 Dominus
1114 1795 1219 1854 totum
1231 1809 1344 1853 semen
1394 1808 1501 1870 neque
1534 1788 1621 1853 enim
1653 1787 1788 1853 fortuito
1822 1787 1954 1878 aooidit,
1993 1788 2080 1871 quod
2112 1788 2208 1855 Iaoob
2241 1796 2373 1872 arrepto

369 1874 467 1940 Iaoob
489 1895 650 1959 agenore
673 1874 763 1940 Esau
785 1883 930 1957 separet,
958 1874 992 1939 id
1014 1883 1126 1940 tamen
1148 1875 1219 1939 fieri
1241 1874 1344 1940 eoele-
1394 1873 1507 1938 fratris
1536 1873 1601 1938 talo
1629 1887 1764 1939 oonatus
1792 1883 1843 1938 est
1869 1875 1959 1956 prior
1986 1875 2084 1940 exire.
2128 1873 2201 1940 Hoo
2223 1873 2373 1958 symbolo
2464 1903 2465 1922 ι

370 1962 437 2028 siae
458 1961 590 2039 intuitu,
614 1959 746 2042 quaein
768 1962 907 2042 posteris
925 1960 1022 2026 Iaoob
1040 1960 1264 2026 inelusaerat.
1298 1959 1344 2024 ιιι
1395 1967 1535 2024 testatus
1567 1967 1617 2024 est
1646 1958 1810 2025 Dominus
1842 1981 1908 2024 nou
1939 1959 2053 2025 statim
2091 1959 2260 2026 eleetionis
2295 1981 2373 2026 suae
2464 1953 2465 1972 ¹

369 2054 457 2114 oerte
486 2046 527 2111 ad
554 2046 643 2110 huno
671 2045 771 2112 finem
803 2045 1006 2112 referebatur
1037 2045 1200 2130 generalis
1233 2045 1343 2128 populi
1395 2052 1543 2109 oonstare
1571 2044 1739 2112 effaetum:
1772 2045 1853 2129 quin
1875 2045 1984 2129 potius
2005 2044 2150 2110 medium
2171 2046 2235 2111 iter
2257 2045 2372 2112 multis

369 2132 492 2210 eleotio,
517 2141 553 2197 ut
570 2130 662 2196 Deus
679 2131 847 2198 eoelesiam
866 2132 1002 2198 baberet
1019 2153 1061 2197 ex
1079 2130 1204 2214 reliquo
1222 2130 1343 2197 mundo
1394 2129 1625 2196 oertaminibus
1646 2143 1680 2197 et
1701 2131 1858 2196 molestiis
1878 2131 2036 2196 refertum
2058 2151 2146 2196 esse:
2174 2132 2287 2215 itaque
2314 2151 2373 2196 no-

369 2226 585 2302 segregatam.
621 2215 711 2298 Quid
731 2218 833 2300 igitur
854 2216 988 2284 absurdi
1010 2219 1040 2284 si
1060 2217 1186 2284 Paulus
1208 2216 1249 2282 ad
1269 2235 1343 2301 spe·
1396 2237 1471 2282 men
1494 2237 1513 2281 a
1535 2237 1595 2282 sua
1622 2217 1796 2299 asperitate
1824 2217 1959 2283 sortitus
1986 2226 2036 2282 est
2056 2217 2162 2283 Esau:
2190 2215 2278 2299 quod
2306 2217 2371 2282 iem

368 2304 484 2370 oialem
506 2302 699 2369 eleetionem
721 2303 825 2369 Mosis
848 2303 948 2369 rerba
968 2303 1201 2382 aeoommodat,
1227 2303 1345 2387 quibus
1395 2301 1545 2386 aprima
1565 2302 1704 2367 infantia
1726 2302 1855 2367 virilem
1874 2303 1908 2367 iu
1927 2301 2060 2368 modum
2084 2302 2245 2368 formatus
2267 2311 2368 2368 esset:

369 2389 574 2474 praediotum
608 2399 659 2454 est
691 2387 863 2455 ecelesiam
896 2390 964 2456 iore
995 2410 1037 2454 ex
1069 2390 1193 2454 semine
1223 2387 1343 2455 Iaeob‘l
1397 2408 1517 2453 nomen
1547 2408 1625 2454 vero
1653 2387 1752 2454 Iaoob
1780 2387 1943 2474 signifieat
1971 2388 2140 2472 gigantem
2172 2387 2267 2453 illum
2297 2409 2370 2454 oum

370 2479 480 2558 Atque
512 2474 612 2540 huius
642 2474 690 2539 rei
718 2475 883 2559 speoimen
912 2477 947 2540 in
976 2475 1055 2558 ipsis
1087 2476 1247 2558 eapitibus
1281 2474 1345 2540 fuit
1396 2473 1528 2538 robusto
1538 2494 1598 2539 suo
1609 2473 1746 2553 insultu,
1762 2473 1885 2540 irustra
1902 2473 2059 2540 laetando
2076 2473 2179 2540 fnisse
2196 2473 2369 2540 deviatum.

370 2560 565 2627 exhibitum.
609 2559 707 2626 Iaeob
725 2563 814 2625 enim
843 2581 910 2626 non
940 2567 1069 2627 tantum
1096 2571 1234 2626 externe
1265 2582 1346 2628 voee
1481 2559 1533 2625 27.
1552 2558 1597 2624 Et
1616 2565 1777 2626 ereum
1790 2560 1933 2641 paleati.
1977 2559 2075 2627 Nune
2097 2560 2243 2626 breviter
2264 2561 2371 2626 ambo

371 2670 391 2713 a
413 2648 556 2712 Domino
578 2653 714 2713 voeatus
737 2656 803 2726 est,
827 2646 885 2712 sed
907 2647 1084 2730 praeterito
1106 2647 1206 2712 fratre
1229 2647 1345 2713 haeres
1396 2665 1470 2710 rum
1492 2665 1599 2712 mores
1621 2646 1713 2712 uobis
1735 2646 1846 2712 Moses
1873 2644 2036 2712 deseribit.
2080 2646 2150 2712 Neo
2171 2666 2252 2710 vero
2275 2644 2370 2712 Ieoob

370 2732 458 2798 vitae
487 2731 620 2798 eleotus.
665 2729 762 2813 Quod
784 2731 848 2798 Dei
875 2732 1114 2817 beneplaoitum
1142 2734 1178 2796 in
1206 2753 1345 2816 persona
1395 2731 1437 2797 ab
1466 2731 1596 2798 eximiis
1623 2737 1657 2797 et
1684 2730 1859 2814 praeolaris
1883 2730 2014 2798 dotibus
2037 2730 2258 2808 oommendat,
2289 2751 2370 2814 quae

370 2820 470 2885 unius
490 2817 588 2884 Iaeob
611 2817 721 2882 Moses
742 2818 964 2896 commendat,
986 2819 1103 2884 merito
1125 2819 1252 2884 Paulus
1272 2817 1344 2884 lon·
1396 2815 1503 2884 laudo·
1525 2827 1559 2883 et
1591 2817 1747 2883 memoria
1779 2815 1899 2901 dignae
1932 2818 2014 2897 sint,
2046 2816 2103 2882 sed
2132 2823 2264 2882 tantum
2293 2816 2368 2882 dioit

369 2905 445 2988 gius
457 2903 575 2969 trabit:
599 2925 637 2970 ao
654 2903 781 2987 nequis
799 2913 930 2987 putaret
946 2913 1119 2988 postquam
1135 2903 1197 2970 hoo
1215 2903 1345 2970 oraoulo
1397 2902 1497 2970 inisse
1526 2903 1716 2986 simplioem.
1769 2915 1818 2971 nn
1849 2902 1980 2986 quidem
2008 2923 2067 2986 pro
2091 2903 2220 2986 integro
2243 2909 2278 2968 et
2306 2903 2371 2968 sin·

369 2989 544 3057 distinotae
566 2991 699 3054 fuerunt
727 2988 810 3056 duae
838 2999 968 3074 gentes,
996 2991 1187 3056 eleotionem
1216 2988 1344 3055 indiffe·
1397 3008 1489 3070 oero,
1518 2988 1758 3072 utplurimum
1780 2989 1954 3072 aeoipitur:
1985 2987 2043 3054 sed
2064 2987 2119 3054 bio
2141 2987 2257 3054 referri
2278 2986 2371 3054 debet

369 3085 482 3141 renter
503 3083 667 3158 speetasse
695 3073 737 3140 ad
765 3095 878 3140 omnes
907 3075 990 3141 filios
1012 3076 1123 3142 Iaoob:
1159 3073 1249 3142 aliud
1272 3096 1345 3141 ora·
1397 3074 1439 3140 ad
1462 3074 1658 3141 antithesin:
1690 3083 1860 3159 postquam
1882 3074 1973 3141 Esau
2001 3073 2173 3140 robustum
2202 3073 2318 3152 fuisse,
2341 3087 2371 3138 et

370 3162 484 3228 oulum
512 3161 646 3244 opponit
666 3160 809 3241 Paulus,
839 3161 1015 3228 miserebor
1037 3162 1130 3229 ouius
1151 3162 1344 3228 miserebor:
1398 3160 1563 3226 venationi
1585 3159 1766 3239 addietum,
1788 3160 1962 3244 virumque
1983 3167 2148 3244 agrestem
2170 3159 2299 3224 retulit:
2320 3159 2372 3224 in·
2465 3165 2466 3220 1

372 3247 427 3313 ubi
450 3245 598 3312 videmus
619 3247 786 3330 segregari
804 3269 845 3313 ex
863 3248 1044 3330 promisouo
1062 3268 1183 3332 genere
1201 3248 1344 3313 filiorum
1398 3247 1531 3332 genium
1553 3245 1652 3312 Iaeob
1674 3247 1809 3331 opponit
1829 3253 2052 3327 mansuetum,
2074 3245 2150 3328 quia
2172 3244 2261 3310 domi
2283 3245 2371 3328 quie-

371 3331 484 3414 Iaeob,
512 3341 639 3398 eertum
666 3353 842 3398 numerum
863 3334 898 3397 in
925 3333 1044 3416 quibus
1072 3333 1244 3400 servandis
1272 3354 1345 3416 spe·
1398 3341 1465 3398 tem
1483 3332 1613 3411 ooleret,
1631 3339 1671 3396 ut
1688 3331 1832 3416 potuerit
1849 3331 1954 3399 rideri
1970 3332 2127 3416 ignarus:
2146 3331 2242 3396 siouti
2254 3330 2371 3398 Graeci

371 3419 463 3486 oialis
481 3429 599 3502 regnet
610 3417 674 3483 Dei
693 3417 822 3484 eleetio:
842 3419 930 3485 unde
948 3427 1083 3504 apparet
1094 3418 1159 3485 Dei
1176 3420 1346 3488 eonsilium
1398 3419 1565 3492 οἰκοσίτους
1595 3417 1779 3501 appellant,
1812 3417 1869 3500 qui
1901 3415 1991 3483 domi
2018 3416 2158 3496 resides,
2192 3416 2371 3482 industriae

371 3505 554 3590 prudenter
575 3503 840 3571 animadversum
861 3505 964 3572 fuisse
985 3527 1006 3571 a
1027 3506 1145 3572 Paulo:
1175 3505 1262 3590 quod
1284 3505 1346 3572 soi·
1399 3525 1477 3570 suae
1495 3505 1658 3587 specimen
1674 3523 1741 3569 non
1759 3504 1939 3587 proferunt.
1971 3502 2013 3568 In
2032 3523 2160 3568 summa
2177 3502 2371 3568 tantundem

371 3591 448 3657 boot
469 3590 748 3674 primogeniturae
770 3591 926 3656 honorem
945 3613 965 3657 a
985 3591 1102 3656 maiori
1124 3590 1165 3656 ad
1186 3590 1347 3657 minorem
1400 3591 1487 3657 valet
1519 3591 1718 3673 eomparatio
1748 3610 1786 3655 ao
1814 3589 1843 3655 si
1871 3589 1981 3655 Moses
2011 3589 2102 3654 Esau
2129 3610 2149 3654 a
2179 3590 2371 3654 strenuitate

373 3675 588 3756 transtulerit,
607 3687 646 3740 ut
666 3675 727 3742 sibi
745 3676 914 3742 ecelesiam
929 3698 971 3743 ex
990 3678 1114 3743 semine
1133 3677 1231 3743 Iaoob
1249 3697 1347 3760 quam
1399 3675 1563 3741 laudaret:
1585 3674 1683 3741 Iaoob
1705 3685 1814 3740 autem
1836 3674 1960 3740 dioeret
1979 3673 2046 3740 otio
2074 3674 2253 3740 domestioo
2274 3674 2371 3740 sitisse

373 3762 485 3841 vellet,
507 3782 573 3826 non
595 3761 765 3827 hominum
786 3762 923 3841 meritis,
946 3762 1004 3828 sed
1025 3783 1117 3828 mera
1139 3765 1245 3846 gratia
1267 3762 1348 3829 deli-
1400 3759 1561 3827 deditum:
1592 3759 1692 3825 talem
1719 3761 1818 3828 fuisse
1846 3760 1965 3845 prioris
1985 3759 2130 3826 irulolem
2153 3780 2238 3843 quae
2266 3761 2372 3826 virum

396 3860 475 3914 eret.
520 3848 797 3914 ramesiensem
827 3847 1027 3933 oolligendae
1052 3849 1208 3916 eoelesiae
1230 3847 1347 3926 media,
1400 3847 1582 3913 animosum
1612 3845 1681 3913 iore
1703 3847 1924 3931 promitteret:
1954 3847 2053 3912 huius
2075 3866 2163 3923 vero,
2187 3865 2270 3928 quae
2290 3843 2372 3910 nibil

408 3954 467 4000 eus
486 3933 546 3999 toti
563 3933 683 4016 populo
700 3933 887 4016 eommunia
904 3955 975 4000 esse
997 3934 1115 4001 voluit:
1139 3935 1215 4001 finis
1236 3941 1347 4000 tamen
1395 3932 1535 3999 haberet
1573 3931 1853 3999 eommendatione
1891 3932 2036 4017 dignum.
2090 3929 2203 4012 Quum
2243 3929 2371 3997 eoelesti

373 4022 408 4086 iu
430 4037 528 4104 quem
550 4021 694 4101 respexit
715 4019 851 4098 Paulus,
875 4021 1048 4104 praeeipue
1069 4019 1265 4103 speetandus
1288 4030 1347 4099 est,
1400 4018 1530 4086 deoreto
1548 4017 1698 4084 adIaoob
1716 4017 1843 4085 delatus
1860 4017 1947 4084 foret
1963 4017 2243 4103 primogeniturae
2259 4016 2371 4094 honor,

374 4117 412 4172 ut
433 4125 562 4188 semper
585 4107 629 4171 sit
650 4105 782 4187 aliquod
810 4104 981 4172 hominum
1010 4127 1128 4190 eorpus
1149 4107 1185 4171 in
1213 4104 1347 4184 mundo,
1399 4127 1457 4171 our
1479 4105 1573 4170 illum
1595 4104 1687 4170 Deus
1708 4106 1744 4169 in
1772 4104 1902 4188 tugurio
1924 4104 2046 4182 iaoere,
2075 4109 2109 4168 et
2134 4102 2225 4168 inter
2248 4103 2371 4170 eineres

372 4191 461 4276 quod
482 4190 592 4256 Deum
620 4211 704 4274 pura
731 4189 795 4257 fide
824 4192 982 4258 invooans
1010 4192 1216 4258 eustodiatur
1243 4212 1348 4274 usque
1399 4198 1527 4274 torpere
1549 4188 1650 4255 sinit?
1678 4189 1743 4256 nisi
1765 4192 1842 4273 quia
1870 4188 2062 4256 eleotiouem
2091 4208 2185 4254 suam
2207 4186 2371 4253 interdum

374 4279 410 4342 iu
431 4279 542 4343 finem,
586 4276 710 4342 Fixum
731 4277 841 4360 itaque
862 4284 996 4344 maneat
1017 4278 1079 4345 hoo
1104 4276 1272 4345 doetrinae
1293 4299 1347 4344 ea·
1399 4276 1441 4342 ad
1459 4285 1590 4358 tempus
1607 4276 1679 4342 vult
1696 4275 1807 4356 latere,
1829 4297 1872 4343 ne
1890 4274 1969 4360 quid
1987 4275 2056 4341 suis
2072 4273 2370 4358 praeparationibus

373 4372 449 4447 put,
479 4361 565 4447 quod
586 4384 629 4428 ex
656 4362 844 4428 hominibus
865 4363 921 4428 alii
948 4372 1099 4447 pereunt,
1129 4362 1185 4429 alii
1207 4364 1348 4429 salutem
1399 4362 1546 4428 tribuant
1569 4361 1728 4428 homines.

371 4457 631 4532 ooneoqnuntur,
664 4468 796 4514 eausam
829 4469 872 4514 ex
901 4469 1019 4516 aroano
1048 4448 1113 4516 Dei
1145 4448 1348 4532 beneplaoito
1485 4445 1852 4514 aestuantisque
1872 4445 1975 4512 Esou.
2020 4444 2095 4528 Quo
2123 4444 2242 4511 melius
2262 4455 2370 4512 osten·

374 4534 526 4619 pendere.
572 4532 668 4600 Unde
697 4535 785 4599 enim
807 4535 845 4600 fit
873 4545 911 4601 ut
931 4535 987 4618 qui
1016 4547 1094 4601 sunt
1116 4557 1157 4601 ex
1179 4535 1347 4601 Abraham
1400 4534 1491 4600 deret
1512 4534 1603 4599 Deus
1623 4534 1703 4599 satis
1721 4533 1756 4597 in
1774 4554 1834 4599 sua
1854 4531 2012 4599 eleotione
2034 4551 2107 4598 esse
2128 4530 2314 4608 firmitatis,
2337 4536 2370 4596 ut

397 4621 494 4699 eniti,
519 4620 644 4684 nonin
672 4618 785 4686 eodem
807 4621 878 4686 iure
899 4621 1103 4688 oonsistant?
1128 4621 1250 4704 Dispar
1271 4641 1348 4686 oon·
1399 4617 1534 4685 aliunde
1551 4617 1641 4684 nullo
1659 4618 1857 4686 adminiculo
1878 4619 2018 4697 iuretur,
2040 4619 2106 4682 imo
2125 4615 2168 4682 ad
2189 4614 2370 4700 superanda

373 4643 456 4772 into
479 4727 584 4788 neque
607 4704 707 4772 huius
729 4705 854 4786 virtuti,
878 4727 983 4791 neque
1004 4708 1093 4774 illius
1112 4707 1192 4774 vitio
1210 4705 1348 4772 adsoribi
1400 4705 1535 4789 quaeris
1564 4703 1731 4770 obstoeula
1759 4703 1838 4770 satis
1870 4724 1941 4771 esse
1979 4701 2136 4770 validam:
2172 4723 2287 4786 passus
2324 4709 2371 4768 est

374 4799 499 4876 potest,
522 4791 598 4875 quia
619 4791 765 4856 nondum
789 4793 858 4857 nati
881 4802 984 4859 erant.
1030 4791 1118 4876 Quia
1140 4794 1201 4859 hoo
1222 4792 1350 4876 respuit
1399 4792 1490 4857 Esau
1512 4791 1607 4857 fratri
1628 4810 1687 4856 suo
1704 4790 1807 4874 patris
1825 4809 1935 4856 amore
1953 4795 1987 4854 et
2007 4788 2128 4856 iudieio
2149 4786 2318 4872 praeferri,
2334 4795 2371 4852 ut

374 4876 741 4944 eommunishominum
760 4898 884 4958 sensus,
905 4878 1104 4944 exstiterunt
1114 4879 1266 4944 omnibus
1277 4897 1348 4943 sae-
1400 4878 1507 4962 figura
1531 4875 1691 4960 quaedam
1709 4874 1859 4942 reieotitii
1880 4875 2023 4942 hominis
2043 4875 2078 4939 in
2100 4873 2198 4941 Iaoob
2216 4881 2369 4940 exstaret

373 4963 460 5030 oulis
492 4962 577 5028 aouti
610 4963 759 5029 homines
793 4964 849 5047 qui
877 4962 941 5028 Dei
973 4963 1163 5031 eleotionem
1197 4972 1349 5048 proterve
1399 4962 1513 5045 Quum
1593 4970 1682 5027 otot
1703 4961 1955 5029 oiroumstantiis
1977 4961 2064 5027 olore
2085 4960 2289 5026 demonstret
2299 4959 2370 5025 Mo·

375 5057 547 5116 vexarent
583 5047 668 5114 Mihi
690 5069 769 5115 vero
787 5070 875 5115 nune
919 5049 1099 5134 repositum
1120 5071 1187 5116 nou
1209 5060 1260 5116 est
1280 5050 1349 5115 sin·
1400 5071 1460 5129 ses,
1483 5050 1517 5113 in
1534 5069 1604 5114 soo
1622 5048 1685 5113 Dei
1704 5045 1905 5131 beneplaoito
1921 5045 2091 5112 fundatam
2109 5045 2211 5112 inisse
2229 5043 2371 5128 adoptio-

376 5135 473 5220 gulas
493 5155 606 5200 eorum
627 5135 808 5200 oalumnias
829 5070 987 5214 refellere,
1009 5143 1069 5202 aut
1090 5135 1231 5202 diluere:
1253 5133 1348 5202 nobis
1400 5155 1476 5201 nem
1497 5134 1611 5212 Ieoob,
1641 5134 1777 5199 minime
1805 5131 1941 5199 ferenda
1968 5141 2018 5199 est
2046 5151 2160 5198 eorum
2182 5129 2371 5214 improbitas

377 5231 490 5286 tenere
511 5219 653 5287 suifioiat
675 5219 761 5304 quod
782 5241 824 5286 ex
846 5220 944 5286 Pauli
965 5221 1235 5304 interpretatione
1255 5221 1348 5287 oolli·
1400 5220 1456 5304 qui
1472 5239 1545 5286 eam
1563 5218 1769 5303 suspendunt
1785 5217 1827 5283 ab
1843 5217 1987 5284 hominis
2004 5217 2152 5286 arbitrio:
2176 5217 2228 5284 vel
2244 5225 2370 5300 partem

376 5307 503 5392 gimua
525 5326 627 5389 quum
648 5305 762 5372 eodem
783 5306 920 5371 interitu
943 5305 1078 5392 dignum
1100 5308 1145 5373 sit
1165 5308 1348 5373 humanum
1400 5305 1441 5373 ad
1464 5304 1572 5372 media
1592 5303 1644 5392 (ut
1664 5303 1855 5391 loquuntur)
1877 5313 1909 5370 et
1930 5305 2195 5388 praeparationes
2217 5301 2370 5368 transari-
