4988 6192
126 407 182 474 549
770 402 1139 472 COMMENTARIUS
1161 404 1211 470 IN
1229 399 1443 470 GENESIN.
2038 404 2103 473 550

122 601 338 760 attuli·
352 589 928 762 ,sqllmeilsllilllfl’nllgll
945 599 1074 762 illiti,
1126 589 2101 760 {mutuaturit.ltt⁵..⁰.²¹’.lt⁰⁰.ul8;¹tt

122 785 178 830 uno
208 769 358 830 eonuxtu
397 761 501 827 multa
537 761 708 829 mendacia
740 761 923 844 involvens,
952 785 1075 830 vanam
1125 765 1221 829 nisse.
1266 762 1464 845 Quanquam
1486 761 1573 827 enim
1603 761 1747 828 nondum
1776 761 1903 828 solenni
1925 765 2025 847 patris
2047 766 2100 830 iu·

121 849 196 916 hano
221 847 449 931 opinionema
483 846 585 931 vulgo
613 857 795 926 mutuatur,
823 849 910 932 quod
938 850 1076 934 auguria
1126 848 1209 914 dieis
1232 848 1340 914 delata
1364 846 1407 912 ad
1433 868 1508 912 eum
1538 856 1624 913 esset
1648 848 1924 932 primogeniturae
1944 849 2096 934 dignitas,

121 941 222 1018 raptet
273 931 369 999 Unde
401 931 602 1018 colligimus,
635 932 691 999 ubi
723 932 823 1000 semel
856 935 1017 1019 quispiam
1056 954 1076 999 a
1125 944 1197 1000 erat
1218 942 1328 1000 tamen
1352 933 1522 999 destinata.
1571 931 1670 998 Certe
1694 954 1759 999 uon
1781 943 1917 1017 oeeupat
1943 933 2097 1018 loquendi

120 1029 198 1086 reeta
216 1017 303 1084 linea
319 1016 459 1099 deflexit,
481 1039 579 1102 quam
601 1019 755 1103 proelivis
773 1019 816 1085 sit
837 1021 873 1086 in
891 1020 983 1087 varia
999 1040 1074 1103 pso-
1125 1027 1235 1103 partes
1265 1019 1343 1102 quin
1372 1019 1531 1084 autoritas
1559 1018 1594 1083 in
1623 1019 1693 1084 sius
1721 1019 1828 1085 verbis
1855 1019 2003 1085 emineat.
2055 1021 2098 1087 In

118 1114 182 1172 eata
200 1107 316 1188 lapsus.
367 1103 478 1186 Quare
506 1103 567 1171 hoe
592 1105 740 1188 exemplo
764 1105 888 1185 moniti,
912 1105 1074 1173 diseamus
1125 1105 1236 1171 verbis
1263 1104 1382 1191 Ioseph
1417 1106 1536 1170 iterum
1569 1104 1725 1169 memoria
1765 1113 1910 1188 repetere
1945 1107 2099 1172 eosvenit

119 1190 192 1257 nihil
217 1191 308 1256 nobis
336 1191 525 1273 permittere
551 1190 616 1256 nisi
667 1190 730 1256 uod
758 1189 880 1257 suimus
902 1192 974 1257 Deo
1001 1212 1075 1274 pro·
1125 1190 1213 1274 quod
1232 1191 1324 1275 prius
1346 1189 1429 1268 dixi,
1456 1209 1642 1274 quanquam
1669 1189 1762 1255 initio
1780 1189 1949 1256 studuerat
1978 1191 2098 1275 Ioseph

118 1277 187 1342 bari.
219 1275 418 1343 Praesertim
439 1296 517 1342 vero
538 1212 682 1343 serenda
704 1284 754 1343 est
770 1277 877 1342 omnis
900 1275 1074 1356 simulatio,
1125 1277 1197 1342 Deo
1219 1277 1357 1361 gloriam
1379 1276 1533 1354 tribuere,
1562 1295 1650 1341 nuno
1672 1282 1782 1340 tamen
1804 1295 1939 1360 peooars
1962 1275 2039 1342 dum
2062 1297 2097 1343 se

118 1383 189 1446 quae
219 1362 333 1427 noxias
364 1361 562 1446 imposturas
602 1361 655 1427 vel
687 1362 774 1445 parit
806 1361 859 1427 vel
892 1364 1073 1429 oonfirmat.
1126 1361 1266 1427 ariolum
1295 1362 1348 1429 vel
1378 1360 1527 1429 divinum
1552 1358 1693 1426 simulat.
1739 1360 1883 1442 Quidam
1903 1371 1941 1426 ιιι
1967 1363 2097 1448 eulpam

117 1446 233 1513 Deinde
254 1467 436 1526 monemur,
463 1469 529 1512 non
551 1447 700 1514 suffieers
728 1448 850 1530 siquis
873 1467 908 1513 ss
929 1448 970 1513 ad
993 1459 1074 1513 tam·
1125 1457 1315 1528 extenuent,
1344 1469 1413 1512 non
1439 1453 1544 1512 artem
1567 1444 1757 1530 augurandi,
1786 1444 1843 1511 ssd
1865 1446 1975 1513 iudioii
1998 1449 2096 1515 soler-

117 1553 170 1616 pus
189 1542 330 1616 opponat
352 1532 512 1598 exorienti
533 1533 628 1600 vitio:
653 1532 718 1598 nisi
739 1532 871 1600 aenedat
892 1535 1075 1600 constantia
1127 1534 1207 1600 tiam
1233 1533 1339 1599 notari
1368 1533 1494 1599 dieunt:
1525 1532 1581 1598 ssd
1612 1532 1695 1596 nihil
1725 1552 1806 1616 opus
1834 1541 1892 1611 est,
1921 1535 2098 1600 exeusandi

117 1617 152 1683 ad
174 1617 399 1695 resistendum,
429 1617 640 1703 quantumvis
669 1618 812 1684 ebulliat.
857 1619 964 1686 Nimis
986 1621 1075 1686 enim
1125 1618 1270 1686 hominis
1297 1639 1411 1697 eausa,
1441 1618 1480 1682 ad
1511 1627 1637 1684 ooaetas
1664 1617 1881 1702 expositiones
1910 1618 2095 1704 confugere,

116 1703 221 1770 leviter
248 1703 452 1788 defungitur,
488 1703 542 1786 qui
571 1702 672 1769 semel
707 1710 845 1771 testatus
878 1705 940 1771 sibi
963 1704 1074 1789 diapli-
1126 1726 1203 1770 nam
1231 1727 1272 1770 er
1297 1704 1462 1769 eommuni
1484 1703 1587 1787 plebis
1615 1725 1713 1768 sensu
1741 1702 1899 1786 loquitur:
1930 1712 2026 1789 atque
2048 1707 2096 1771 ita

116 1807 180 1856 uere
200 1789 284 1873 quod
311 1788 433 1854 malum
456 1797 541 1868 erat,
561 1796 674 1872 postea
698 1809 758 1856 suo
779 1789 908 1857 silentio
926 1791 977 1858 vel
999 1813 1075 1858 een·
1126 1790 1225 1856 stulte
1247 1798 1435 1873 oonoeptam
1458 1789 1641 1872 opinionem
1664 1789 1759 1854 fovet.

115 1874 251 1942 uirentia
272 1874 433 1958 quoddam
456 1895 608 1941 assensus
630 1875 761 1958 signum
783 1876 924 1958 praebet.
1211 1877 1261 1942 16.
1284 1875 1373 1950 ane,
1395 1894 1505 1940 sumus
1526 1876 1608 1940 serui
1624 1874 1743 1940 domiui
1764 1875 1832 1940 mei.
1880 1874 1979 1941 Prius
2002 1896 2098 1942 vooa·

189 1961 218 2024 ι.
238 1957 286 2026 Et
305 1958 451 2026 dixerant
471 1961 514 2026 ad
530 1979 608 2024 mm.
647 1960 816 2043 Intrepide
837 1969 995 2026 exeusant
1014 1962 1074 2028 tilii
1125 1959 1204 2025 bant
1226 1981 1261 2028 se
1283 1981 1395 2026 servos
1418 1959 1596 2026 modestiae
1617 1979 1728 2026 eausa:
1758 1979 1846 2025 nuno
1875 1982 1910 2026 ss
1932 1962 2096 2046 maneipia

111 2045 207 2126 Iaoob,
229 2067 267 2112 eo
287 2044 373 2129 quod
390 2045 476 2111 bona
496 2045 697 2112 oonseientia
715 2046 869 2114 fiduoiam
887 2046 953 2113 illis
971 2048 1073 2113 daret.
1125 2046 1173 2111 illi
1200 2046 1364 2114 addicunt.
1410 2045 1585 2112 Caeterum
1607 2045 1640 2111 in
1662 2066 1803 2129 persona
1824 2045 1945 2129 loseph
1973 2068 2095 2130 poenas

111 2131 247 2198 Utuntur
275 2133 375 2196 stiam
401 2139 595 2215 argumento
623 2153 643 2196 a
672 2133 793 2198 maiore
822 2131 863 2198 ad
886 2133 1004 2214 minus,
1027 2155 1075 2199 re·
1124 2132 1322 2216 gravitatem
1346 2131 1512 2215 mitigant:
1540 2141 1636 2216 atque
1658 2132 1704 2196 ita
1725 2131 1848 2214 speeies
1870 2143 1920 2198 est
1942 2131 2094 2217 depreea-

111 2215 169 2282 lata
189 2219 276 2283 enim
306 2223 421 2301 sponte
444 2216 591 2299 per-unia,
619 2237 717 2300 quam
746 2218 780 2283 in
809 2239 907 2285 suurn
934 2239 1075 2285 eommo·
1125 2217 1223 2283 tionis
1245 2239 1288 2283 ne
1308 2218 1425 2300 eapitis
1447 2217 1643 2302 supplicium
1670 2217 1709 2282 de
1730 2215 1788 2281 illo
1811 2225 1969 2297 sumatur,
1997 2218 2096 2286 sieuti

111 2301 181 2368 dum
199 2303 367 2386 impunem
390 2297 519 2368 vertere
539 2301 673 2381 liuebat,
705 2323 740 2368 so
762 2303 861 2369 fidem
883 2325 977 2370 suam
998 2324 1073 2388 pro·
1123 2302 1218 2368 initio
1240 2303 1324 2385 paoti
1345 2303 1485 2368 fuerant.

110 2387 193 2455 basse
214 2387 437 2476 eontendunt,
450 2395 487 2452 ιιι
509 2387 663 2454 credibile
684 2409 749 2452 uon
772 2389 815 2455 sit
836 2390 962 2456 mediae
985 2391 1074 2456 luero
1211 2390 1261 2455 17.
1284 2389 1377 2454 Absit
1398 2410 1418 2454 a
1440 2409 1494 2453 me.
1522 2386 1562 2454 si
1583 2387 1617 2452 in
1640 2389 1749 2452 animo
1766 2386 1881 2454 habuit
1902 2388 2020 2472 Ioseph
2044 2411 2096 2456 re·

110 2472 200 2540 fuisse
221 2480 427 2551 exoaseatos,
449 2493 513 2556 quo
535 2495 699 2540 summum
721 2473 860 2541 dadanus
881 2493 957 2541 oum
979 2496 1073 2559 prae·
1124 2480 1214 2540 tento
1234 2495 1300 2539 uno
1323 2473 1499 2539 Beniamin
1521 2473 1603 2538 alios
1625 2473 1800 2556 dimittere,
1822 2481 1981 2556 quantum
2004 2477 2038 2540 in
2060 2497 2095 2543 ss

109 2560 184 2624 senti
206 2560 295 2628 vitae
307 2558 494 2626 diserimiue
512 2557 572 2624 sibi
584 2569 796 2626 assumerent.
825 2560 943 2643 Itaque
960 2582 1073 2644 quam-
1124 2567 1204 2640 erat,
1227 2560 1368 2641 pessimo
1391 2559 1523 2624 dissidio
1545 2558 1716 2626 ecelesiam
1738 2558 1800 2624 Dei
1823 2556 1988 2626 laceravit.
2028 2559 2096 2628 Sed

109 2645 153 2711 vis
188 2665 328 2728 poenam
360 2643 468 2710 subire
501 2645 606 2727 parati
644 2653 735 2724 sunt,
769 2645 798 2710 si
830 2642 1071 2730 deprehensum
1124 2643 1263 2711 antehae
1292 2643 1447 2710 admonui
1475 2643 1573 2730 (quod
1600 2646 1698 2712 stiam
1726 2666 1767 2710 ex
1794 2653 1949 2711 oontextu
1979 2646 2096 2714 slieers

108 2730 185 2814 apud
206 2752 261 2798 eos
283 2731 383 2796 fuerit
399 2731 537 2796 firrtnm:
561 2729 616 2797 ubi
637 2739 786 2813 repertus
808 2741 856 2796 est
877 2730 1019 2814 soyphus
1036 2732 1072 2797 in
1123 2743 1309 2814 promptum
1332 2729 1394 2817 est)
1416 2751 1484 2795 non
1506 2731 1594 2797 aliud
1605 2731 1705 2796 luisse
1722 2730 1791 2795 eius
1803 2731 1976 2795 eonsilium
1998 2753 2096 2816 quam

106 2837 190 2882 saeuo
218 2815 413 2895 Beniamin,
447 2815 554 2882 nullas
583 2835 695 2882 eorum
724 2817 944 2899 querimonias
973 2818 1072 2883 refert
1123 2823 1160 2881 ut
1182 2815 1278 2882 altius
1300 2824 1488 2900 penetraret
1508 2816 1543 2881 in
1565 2836 1677 2882 eorum
1694 2816 1828 2881 animos.
1873 2814 2009 2884 Offensa
2025 2819 2095 2902 qui-

107 2900 222 2967 Moses:
248 2902 308 2968 sed
334 2909 598 2966 tantumnarrat
619 2901 790 2968 eonsuissis
811 2902 958 2968 vestibus
981 2923 1070 2968 aosr·
1124 2900 1198 2966 dem
1232 2900 1379 2967 timenda
1411 2901 1489 2982 fuit,
1522 2903 1550 2967 si
1583 2902 1738 2968 sensisset
1765 2903 1899 2967 fratrem
1932 2901 1996 2968 illis
2029 2926 2095 2970 non

105 2983 269 3053 bissimum
292 3006 474 3052 moerorem
496 3007 566 3052 asse
588 2993 730 3053 ιιιιιιιοι.
772 2987 841 3054 Neo
859 3007 937 3054 vero
958 2986 1071 3053 dubito
1122 2985 1226 3056 fuisse
1255 3006 1366 3052 ouras:
1401 2986 1458 3052 sed
1481 2988 1642 3053 Dominus
1670 2989 1809 3054 ooourrit
1836 2987 1987 3072 periculo,
2015 2989 2094 3056 dum

105 3073 176 3155 quin
211 3093 248 3138 re
291 3072 459 3155 inopinata
492 3071 632 3156 persulsi
671 3071 903 3138 obmutuerint.
955 3073 1070 3156 Neque
1123 3070 1201 3138 feeit
1223 3081 1259 3136 ut
1280 3072 1419 3140 sollicita
1440 3071 1542 3137 Iudae
1560 3073 1808 3140 exeusationes
1831 3074 1935 3138 solum
1954 3074 2095 3142 molliret

103 3157 184 3222 anim
205 3158 277 3225 sola
297 3156 417 3223 doloris
439 3156 631 3242 magnitudo
657 3177 712 3223 eos
734 3157 877 3224 reddidit
898 3159 1069 3225 attonitos:
1123 3157 1191 3223 eius
1214 3157 1375 3224 animum:
1397 3156 1455 3224 sed
1478 3159 1576 3223 etiam
1598 3158 1760 3244 lacrymas
1785 3167 1817 3225 st
1846 3160 2013 3242 profusum
2037 3164 2095 3228 fle·

103 3243 154 3308 aad
175 3244 261 3327 quod
292 3263 328 3309 se
349 3262 473 3325 poenae
494 3242 652 3308 obnoxios
673 3244 860 3322 oernebant,
883 3265 985 3328 quum
1008 3245 1070 3311 sibi
1123 3249 1197 3329 tum¹
1212 3245 1420 3326 exprimeret.

103 3349 163 3394 non
186 3337 299 3396 essent
323 3327 409 3393 male
437 3328 567 3396 eonsoii.
616 3327 732 3412 Itaque
761 3328 818 3394 ubi
851 3339 986 3396 ventum
1019 3337 1070 3396 est
1209 3328 1258 3394 18.
1283 3329 1445 3411 Loquetur
1461 3347 1573 3410 quaeso
1601 3347 1710 3394 susus
1735 3334 1809 3394 tuas
1830 3331 1961 3398 rubum.
2007 3331 2093 3418 Sup-

102 3413 134 3477 in
156 3421 366 3498 oonspeatum
392 3412 521 3497 Ioseph,
552 3433 672 3479 noxam
701 3415 858 3480 fatentur:
890 3435 957 3481 non
985 3414 1070 3499 quud
1121 3413 1250 3497 plieiter
1281 3423 1377 3497 rogat
1404 3413 1488 3479 Iuda
1517 3422 1554 3478 ut
1581 3413 1644 3478 sibi
1672 3413 1769 3479 detur
1795 3414 1945 3498 loquundi
1981 3423 2091 3485 venia:

102 3507 277 3584 agnosth
297 3500 459 3566 obiautum
482 3499 542 3565 sibi
565 3499 684 3579 aoelus,
707 3499 764 3566 sed
786 3501 862 3584 quia
884 3501 1070 3568 excusando
1121 3500 1274 3582 quoniam
1307 3499 1436 3585 prolixa
1468 3499 1581 3564 futura
1614 3507 1685 3564 erat
1716 3501 1869 3566 narratio.
1927 3501 2092 3584 Quoniam

100 3583 177 3651 nihil
208 3586 420 3668 profluerent:
453 3605 491 3651 ae
523 3584 552 3650 si
585 3584 712 3663 dieaut,
744 3585 828 3650 nihil
857 3588 1070 3670 tergiversari
1121 3593 1233 3650 autem
1255 3594 1436 3669 gravantur
1454 3603 1492 3650 aa
1513 3583 1647 3670 indigns
1665 3585 1777 3649 ferunt
1797 3606 1947 3669 proosres
1969 3590 1998 3653 si
2019 3592 2092 3673 quis

100 3670 188 3737 iuvat
204 3671 240 3736 in
262 3692 299 3736 re
321 3669 502 3736 manifesta.
528 3670 601 3736 Hos
618 3692 717 3737 sensu
734 3670 846 3737 dieunt
862 3673 1070 3756 iniquitatem
1121 3691 1177 3737 eos
1199 3671 1298 3736 nimis
1320 3669 1526 3736 familiariter
1552 3669 1738 3753 eompellst,
1768 3673 1933 3754 praefatur
1954 3671 2039 3740 luda
2057 3697 2092 3742 se

100 3775 187 3822 suam
209 3778 230 3822 a
251 3757 325 3822 Deo
346 3754 596 3840 deprehensam:
616 3757 695 3906 guia
716 3757 778 3823 etsi
793 3757 916 3825 fraudis
933 3757 1071 3825 obseura
1120 3778 1187 3822 non
1209 3776 1280 3823 esse
1303 3757 1447 3823 nuseium
1469 3765 1591 3839 quanto
1613 3755 1735 3822 honore
1758 3756 1895 3823 exeellat
1916 3758 2034 3844 Ioseph
2056 3762 2090 3828 in

99 3842 228 3908 suberat
249 3841 295 3906 ali
318 3863 362 3909 ua
379 3843 529 3924 suspirio,
551 3863 615 3926 quo
658 3843 738 3925 ipsis
756 3844 876 3910 iniuste
894 3844 1069 3928 gravandis
1121 3845 1284 3927 Aegypto,
1319 3851 1356 3907 ut
1388 3849 1527 3908 testetur
1559 3862 1626 3907 non
1660 3841 1824 3926 protervia
1856 3863 1906 3923 se,
1937 3843 1994 3909 sed
2035 3867 2091 3914 ne·

98 3925 210 3995 fuisset
238 3863 323 3993 illul
351 3927 588 4012 exeogitatum:
618 3949 749 3994 oausam
779 3928 815 3993 in
843 3930 1068 3995 absoonditum
1119 3929 1270 3994 cessitate
1291 3928 1360 3992 fieri
1384 3927 1549 3994 audacem.
1599 3928 1719 3993 Postea
1748 3929 1864 3994 reuirat
1891 3930 2091 4011 quomodoa

98 4013 158 4079 Dei
179 4013 339 4080 iudioinm
361 4013 595 4080 transsoribere
617 4013 752 4079 malunt.
797 4014 941 4096 Quidam
966 4017 1068 4080 inter·
1119 4021 1212 4096 patre
1241 4012 1458 4079 diseesserint.
1509 4013 1585 4078 Duo
1613 4019 1721 4078 autem
1751 4019 1830 4079 sunt
1857 4014 1977 4098 eapite,
2005 4017 2091 4099 quod

97 4107 201 4182 pratas
223 4100 365 4166 eredunt
386 4098 549 4166 eonfessos
566 4098 666 4166 fuisse
689 4100 795 4164 soelus
817 4109 932 4166 eontra
948 4100 1068 4186 Ioseph
1119 4097 1274 4164 lethalem
1288 4099 1454 4165 tristitiam
1476 4098 1728 4180 afferrentpetri
1748 4119 1806 4164 suo
1828 4099 1855 4163 si
1877 4101 2000 4166 reversi
2020 4101 2091 4168 fue·

97 4193 331 4269 perpetratum:
370 4206 486 4251 verum
522 4185 631 4269 opinio
670 4184 727 4250 illa
767 4185 861 4252 fusile
899 4186 1068 4266 refellitur,
1119 4185 1186 4249 rint
1208 4185 1328 4268 absque
1350 4184 1541 4250 Beniamin:
1571 4181 1687 4248 deinde
1716 4184 1800 4267 qnod
1823 4184 1892 4250 eius
1914 4185 2089 4253 redueendi

97 4271 171 4354 quia
198 4278 389 4338 eonstanter
416 4268 538 4348 dieunt,
575 4291 595 4336 a
623 4270 693 4335 fera
724 4271 824 4337 fuisse
857 4271 1066 4356 discerptum,
1117 4271 1291 4353 sponsione
1309 4271 1462 4352 privatim
1481 4289 1516 4334 ss
1535 4269 1755 4335 obstrinxerit.
1790 4269 1886 4350 Quod
1906 4269 1946 4335 ad
1965 4271 2089 4338 lustum

96 4355 147 4422 vel
170 4356 308 4423 fortuito
332 4377 409 4424 oasu
435 4356 581 4439 periisse.
636 4355 726 4441 argo
754 4357 932 4440 simpliaior
952 4377 1067 4423 sensns
1118 4355 1373 4439 patrisspeotat,
1396 4355 1608 4440 uouvulgare
1631 4354 1905 4440 pistatissignum
1929 4358 2087 4441 estquod

96 4449 143 4507 est
162 4443 220 4508 ille
246 4463 343 4526 quem
361 4441 473 4509 attuli:
501 4442 716 4508 etiamsinon
739 4449 847 4508 exstet
873 4443 952 4510 faeti
981 4444 1065 4511 veri-
1118 4440 1270 4507 substitui
1294 4440 1421 4505 mavult
1441 4440 1475 4504 in
1499 4440 1605 4506 laeum
1627 4440 1810 4517 Beniamin,
1834 4462 1871 4506 ae
1894 4450 2086 4525 perpetuum

94 4535 152 4608 tas,
174 4549 230 4594 eos
254 4538 364 4594 tamen
386 4527 544 4594 divinitus
566 4547 639 4593 reos
660 4548 740 4612 pera
763 4528 783 4594 i.
832 4527 902 4594 Neo
923 4551 1001 4594 vero
1022 4529 1066 4594 si·
1117 4526 1268 4594 exsilium
1291 4528 1544 4609 servitutemque
1566 4525 1654 4590 obire
1676 4547 1774 4609 quam
1803 4525 1920 4591 misero
1947 4530 2017 4594 seni
2040 4531 2087 4595 af·

93 4614 215 4679 mulats
237 4613 431 4697 loquuntur:
461 4613 519 4678 sed
541 4612 629 4678 aliud
658 4635 724 4679 nun
741 4550 868 4679 babent
890 4614 1011 4679 turbati
1033 4619 1066 4678 et
1116 4612 1201 4678 ferre
1221 4611 1314 4678 exitii
1335 4632 1474 4676 eausam.
1502 4611 1618 4677 Fidem
1640 4631 1719 4677 vero
1741 4633 1832 4676 suam
1856 4612 1892 4676 in
1914 4634 1951 4678 ee
1972 4615 2088 4697 probat

94 4700 222 4764 attoniti
252 4699 288 4763 in
321 4720 355 4764 ra
377 4698 549 4783 perplexa,
578 4699 642 4764 nisi
670 4697 756 4783 quod
780 4700 926 4765 sentiunt
947 4720 1066 4767 areana
1116 4698 1202 4782 quod
1225 4695 1340 4764 vadem
1364 4717 1399 4762 se
1420 4698 1557 4780 opponit
1583 4717 1645 4780 quo
1673 4699 1806 4762 fratrem
1831 4697 1955 4764 liberet.
2000 4699 2087 4781 Quia

95 4785 155 4850 Dei
177 4785 301 4852 iudicio
321 4785 479 4852 inflictam
501 4783 561 4850 sibi
585 4784 683 4851 fuisse
705 4784 791 4852 hano
818 4784 958 4870 plagam.
1003 4788 1065 4866 At-
1116 4796 1187 4852 aba
1217 4781 1377 4849 Hebraeis
1404 4803 1493 4848 nune
1522 4782 1668 4864 eulpam,
1705 4804 1791 4849 nune
1827 4791 1954 4848 reatum
1982 4797 2085 4867 sonat,

93 4890 154 4952 que
177 4871 306 4936 utinam
335 4870 399 4936 hue
425 4869 639 4954 aonfugerent
675 4871 730 4953 qui
760 4871 825 4937 Dei
852 4869 964 4936 ferulis
993 4893 1065 4956 per·
1115 4868 1247 4954 quidam
1271 4876 1419 4933 vertunt:
1449 4869 1633 4935 Peooavsro
1655 4869 1689 4932 in
1718 4875 1845 4952 patrem
1874 4889 1999 4936 meum:
2023 4871 2085 4952 vel,

93 4957 186 5036 aussi,
209 4977 326 5023 eausas
354 4977 420 5021 non
451 4954 561 5022 statim
584 4957 782 5041 pereipiunt,
810 4964 843 5023 et
870 4977 972 5039 quum
994 4957 1065 5023 siue
1115 4977 1189 5021 reus
1212 4954 1411 5036 eropeeeati.
1440 4951 1508 5018 Alii
1520 4973 1615 5021 vero:
1639 4952 1809 5020 Obnoxius
1821 4972 1891 5018 ero:
1915 4963 2086 5038 propterea

92 5060 189 5107 eausa
211 5043 348 5107 infestos
370 5041 431 5106 sibi
454 5041 603 5106 homines
625 5041 788 5122 sentiunt,
819 5053 1008 5108 revuearent
1029 5044 1064 5107 in
1116 5039 1200 5124 qnod
1235 5039 1449 5120 promissione
1483 5059 1554 5105 mea
1588 5038 1759 5122 deeeptum
1791 5059 1826 5103 se
1859 5060 1930 5106 esse
1966 5061 2083 5123 quere·

92 5127 284 5192 memoriam
306 5147 424 5194 areana
446 5127 509 5192 Dei
530 5125 657 5208 iudioia,
680 5126 797 5210 quibus
817 5127 982 5193 humiliari
1004 5148 1064 5194 nos
1115 5135 1178 5192 tur.
1211 5125 1278 5192 Hie
1299 5125 1457 5208 posterior
1478 5145 1592 5191 sensus
1613 5125 1729 5190 melius
1744 5123 1891 5208 quadrat,
1914 5125 1999 5208 quod
2022 5129 2086 5192 soi-

91 5210 191 5280 daoet.
239 5213 415 5278 Caeterum
434 5212 520 5297 quod
543 5212 623 5279 luda
644 5213 790 5279 omniurn
811 5213 942 5280 nomine
964 5213 1064 5297 loqui·
1114 5213 1190 5278 lieet
1202 5209 1598 5276 dadeousaoreatumnon
1606 5209 1834 5296 effugietapud
1845 5217 1981 5293 patrsm;
1991 5215 2087 5294 quasi

87 5305 156 5379 tur,
185 5300 263 5366 hino
292 5298 443 5385 oolligore
468 5300 553 5378 lioet,
580 5299 646 5364 ianr
675 5307 754 5365 tuno
780 5299 956 5383 primatum
985 5299 1064 5365 obti-
1116 5296 1354 5364 adolescentem
1374 5296 1449 5361 fidei
1471 5316 1550 5362 suae
1560 5297 1768 5364 summissum
1789 5297 1891 5380 impie
1901 5295 2084 5380 prodiderit

1865 5399 1879 5429 1

1828 5397 1863 5454 35
