4988 6192
120 395 179 460 521
769 389 1139 460 COMMENTARIUS
1162 391 1212 457 IN
1235 392 1448 460 GENESIN.
2044 399 2109 466 522

118 583 211 649 Deus
232 584 304 667 ipse
331 582 420 650 solus
449 583 558 649 aroani
580 581 632 647 sui
653 582 716 648 erit
743 582 934 664 interpres*
959 577 1090 662 Siquis
1142 587 1178 644 ut
1199 600 1291 645 suam
1314 581 1370 644 nni
1394 579 1465 646 Deo
1488 579 1625 666 gloriam
1646 593 1778 665 asserat,
1797 586 1826 651 ei
1849 591 2025 670 utrumqne
2048 588 2109 653 tri·

119 669 259 748 obiiciat,
271 669 398 753 quoties
409 668 581 734 hominnm
592 687 691 751 opera
702 667 793 733 Deus
803 668 919 744 utitur,
937 664 1090 748 coniungi
1142 662 1221 743 buit,
1244 687 1296 731 res
1313 667 1441 732 futuras
1458 667 1648 750 patefacere,
1667 682 1699 734 et
1716 690 1774 736 suo
1793 671 1930 756 imperio
1947 671 2109 740 moderari

121 754 237 820 dehere
267 755 397 820 illorum
426 753 643 819 ministerium
664 773 738 818 eum
761 754 830 818 eius
860 749 1026 816 mandato:
1057 749 1090 814 id
1141 770 1254 817 omnes
1287 772 1396 817 rerum
1429 761 1577 818 eventus.
1622 753 1753 820 (llemat
1785 758 1873 822 enim
1902 758 2009 822 Deum
2043 779 2109 824 non

120 839 253 924 quidem
282 841 401 918 fateor,
435 838 490 904 sed
513 839 560 904 ita
581 847 619 903 ut
639 840 675 902 in
705 837 844 904 solidum
866 836 971 921 gloria
992 856 1091 919 penes
1141 833 1262 912 fallere,
1286 859 1346 904 neo
1367 839 1509 918 mentiri,
1532 847 1569 903 nt
1591 840 1696 905 solent
1717 841 1819 908 idola:
1846 850 1878 908 et
1899 843 1994 908 illum
2015 863 2109 926 prae-

119 927 231 993 Deum
261 924 416 992 resideat:
446 923 623 991 seeundum
652 922 735 988 illud
762 922 877 1001 Pauli,
910 919 995 986 nihil
1021 941 1092 986 esse
1143 920 1230 986 dieat
1257 925 1391 988 unieum
1420 944 1490 989 esse
1518 924 1732 991 bonorumet
1761 928 1920 993 malorum
1946 937 2110 995 autorem:

120 1013 172 1096 qui
196 1012 368 1095 plantent,
401 1011 455 1076 vel
477 1012 588 1094 rigant
608 1007 652 1094 (1.
676 1009 751 1075 Cor.
773 1009 804 1088 3,
827 1006 869 1094 7).
917 1007 1090 1074 (laetorum
1143 1027 1201 1091 per
1211 1008 1307 1086 mala,
1324 1029 1377 1074 res
1396 1008 1550 1076 adversas
1567 1009 1762 1096 intelligens.
1796 1013 1908 1095 Quare
1925 1013 2110 1080 nisiDeum

120 1097 242 1180 Ioseph
264 1118 332 1163 non
353 1096 447 1162 modo
468 1096 676 1162 Pharaonem
704 1103 801 1179 gustu
832 1095 939 1176 aliquo
960 1091 1091 1176 pietatis
1144 1092 1281 1159 velimus
1302 1115 1320 1159 e
1342 1095 1423 1160 solio
1446 1116 1505 1162 suo
1535 1094 1688 1178 deiieere,
1721 1119 1786 1163 non
1815 1101 1923 1166 minus
1946 1121 2039 1166 suam
2061 1099 2110 1165 illi

120 1187 251 1253 afficere
280 1183 383 1267 eupit,
416 1180 473 1248 sed
498 1180 776 1264 interpretationis
798 1179 918 1245 donum
941 1180 996 1242 uni
1019 1178 1091 1243 Deo
1143 1177 1177 1242 in
1200 1179 1326 1264 agendo
1345 1182 1521 1263 potentiam
1540 1203 1637 1265 quam
1660 1185 1907 1265 praeseientianr
1927 1185 2110 1268 relinquere

119 1271 323 1348 adscribens,
350 1289 386 1334 se
414 1267 548 1333 destitui
576 1266 699 1332 fatetur
720 1274 759 1330 ut
779 1266 819 1330 ab
841 1265 897 1330 illo
928 1264 1089 1348 impetret.
1142 1273 1279 1349 oportet.
1314 1265 1424 1349 Atque
1442 1266 1496 1332 hio
1513 1265 1602 1334 loeus
1620 1266 1692 1333 ideo
1709 1269 1884 1335 observatu
1906 1270 1938 1336 di
1987 1271 2034 1336 'or
2051 1285 2110 1350 est,

120 1355 233 1440 Quare
249 1376 311 1421 noe
331 1375 458 1438 quoque
480 1353 628 1436 exemplo
650 1352 754 1417 saneti
775 1349 893 1434 Ioseph
918 1350 1089 1427 diseamus,
1143 1353 1219 1434 quia
1250 1351 1402 1418 omnibus
1433 1352 1570 1419 saeonlis
1603 1353 1698 1418 multi
1730 1354 1908 1422 nebulones
1963 1354 2109 1422 imidiem

121 1445 219 1510 etiam
243 1440 330 1525 apud
351 1438 536 1506 incredulos
558 1437 720 1505 celebrare
744 1437 806 1502 Dei
829 1436 980 1520 gratiam,
1003 1456 1041 1503 ae
1062 1436 1090 1500 si
1142 1437 1265 1521 gloriae
1293 1458 1372 1503 suae
1398 1446 1526 1520 partem
1555 1440 1627 1505 Deo
1657 1440 1783 1523 eripere
1813 1442 1921 1507 eonati
1949 1453 2043 1506 sunt:
2077 1450 2110 1508 et

121 1531 256 1596 ianuam
289 1525 501 1610 praecludent
532 1525 680 1607 integrae
708 1522 886 1606 plenaeque
915 1521 1090 1598 doetrinae,
1142 1541 1230 1587 nune
1261 1521 1312 1608 (ut
1344 1521 1426 1610 dixi)
1458 1523 1577 1591 multos
1609 1524 1818 1609 philosophos
1851 1525 1989 1592 deleotat
2020 1527 2108 1592 idem

120 1615 230 1681 danda
252 1615 367 1680 saltem
388 1631 488 1694 opera
509 1619 559 1675 est
580 1619 617 1674 ut
644 1608 841 1674 instillemus
869 1607 992 1690 aliquas
1022 1608 1089 1690 pie-
1141 1608 1346 1692 figmentum:
1369 1611 1444 1692 quia
1465 1608 1641 1676 absurdum
1664 1631 1733 1676 esse
1756 1619 1875 1694 putant
1897 1613 1967 1678 Deo
1989 1607 2108 1678 adseri·

120 1702 199 1766 tatis
223 1709 346 1784 guttas.
386 1697 461 1762 Hoo
483 1715 610 1778 quoque
631 1694 725 1759 nobis
746 1695 780 1759 in
802 1701 946 1758 mentem
968 1694 1090 1770 veniat,
1142 1693 1218 1758 bere
1240 1694 1396 1778 quidquid
1418 1715 1527 1760 rernm
1549 1695 1583 1760 in
1607 1694 1730 1761 mundo
1753 1699 1871 1796 agitur.
1911 1696 2014 1778 Quasi
2030 1719 2109 1764 vero

120 1786 204 1852 nihil
228 1785 338 1850 minue
360 1780 527 1849 ferendum
554 1801 624 1846 esse
647 1800 745 1863 quam
767 1788 806 1844 nt
826 1778 887 1845 sibi
916 1777 1091 1862 quidquam
1142 1779 1264 1844 frustra
1284 1779 1479 1862 pronuntiet
1496 1781 1665 1864 seriptura,
1688 1780 1808 1848 iudiera
1825 1783 1895 1849 eius
1912 1781 2108 1867 profundum

118 1871 292 1956 proprium
321 1879 475 1953 arrogent
504 1866 663 1932 homines.
706 1865 792 1930 Nam
815 1865 869 1931 hio
894 1866 1021 1948 primus
1043 1871 1093 1930 est
1142 1885 1212 1932 esse
1233 1866 1386 1951 abyssum
1408 1862 1477 1952 (Ps.
1499 1866 1551 1946 36,
1574 1865 1616 1953 7).
1661 1865 1728 1932 Sed
1751 1867 1828 1933 dum
1851 1868 1892 1934 ad
1913 1869 2037 1936 eerebri
2059 1869 2109 1935 sui

119 1957 270 2042 sapiendi
298 1954 435 2040 gradus,
463 1951 545 2017 nihil
574 1950 635 2018 sibi
664 1970 832 2035 arrogare,
862 1948 917 2018 sod
946 1949 1091 2015 modeste
1142 1971 1311 2016 eansuram
1336 1951 1399 2016 Dei
1420 1971 1520 2034 opera
1541 1953 1690 2038 exigunt,
1715 1952 1885 2036 repudiato
1907 1955 1977 2020 eius
1999 1955 2108 2036 verbo,

118 2044 216 2110 fateri
238 2063 279 2107 ex
301 2040 392 2106 fonte
421 2039 545 2124 gratiae
565 2036 631 2101 Dei
653 2057 784 2102 manare
814 2035 968 2119 quidquid
994 2032 1092 2100 laude
1142 2037 1271 2101 malunt
1304 2037 1343 2101 do
1376 2037 1568 2103 coelestibus
1605 2039 1770 2123 mysteriis
1802 2040 1933 2105 Platoni
1968 2040 2109 2107 eredere,

119 2129 258 2214 dignum
281 2135 340 2192 est.
378 2123 579 2190 Praesertim
597 2123 660 2187 hoo
681 2131 796 2188 notatu
820 2120 956 2205 dignum
979 2129 1037 2201 est,
1054 2129 1093 2186 nt
1142 2122 1238 2204 Quod
1256 2123 1355 2202 Deus,
1377 2122 1540 2206 inquiunt,
1561 2125 1725 2207 praeseius
1747 2134 1798 2191 est
1818 2145 1928 2190 rerum
1950 2125 2108 2206 omnium,

119 2217 238 2366 agrique
271 2213 405 2362 epitrihlds
431 2207 667 2360 intfelliggrtiae
683 2207 837 2358 tdatnste
866 2207 955 2274 eoelo
983 2207 1091 2285 inerit,
1142 2209 1234 2272 nulla
1256 2208 1334 2358 ἱιιᾶὲ
1353 2209 1528 2357 neegssitas
1549 2207 1723 2275 induoitur.
1763 2210 1867 2292 Quasi
1885 2230 1964 2277 vero
1985 2211 2109 2276 nudam

117 2320 313 2366 roneome
396 2316 450 2360 nm
484 2317 539 2360 ore
595 2315 625 2359 er
645 2315 681 2358 ιιι
698 2315 791 2376 erpre
806 2313 868 2358 em.
1141 2312 1309 2376 praesoren
1326 2314 1390 2358 ram
1435 2314 1559 2360 ruamus
1581 2317 1690 2361 rerum
1711 2315 1844 2362 oausam
1866 2316 1952 2363 esse:
1982 2317 2020 2363 ao
2041 2316 2109 2362 non

209 2384 260 2450 16.
283 2382 372 2450 Deua
392 2378 586 2463 respondebit
605 2381 641 2445 ia
655 2399 767 2460 pacem
787 2377 923 2444 Pharao.
959 2378 1033 2444 Hoo
1049 2399 1089 2444 ex
1141 2380 1248 2462 potius
1265 2380 1352 2445 hane
1369 2379 1517 2463 oopnlum
1535 2382 1839 2447 teneamnsaMose
1855 2382 2003 2465 positam,
2026 2402 2109 2466 qnae

117 2472 223 2538 animi
256 2470 308 2534 sui
340 2467 459 2534 affeetu
492 2464 617 2532 addidit
649 2464 783 2548 Ioseph:
824 2462 967 2529 nondum
1001 2464 1091 2528 enim
1140 2467 1252 2531 futura
1285 2475 1362 2530 sunt
1393 2463 1502 2529 Deum
1535 2467 1710 2549 praescire,
1746 2469 1899 2550 quonium
1932 2489 1971 2533 ea
2001 2469 2110 2536 faeere

117 2557 218 2642 qualo
244 2555 392 2620 futurum
414 2565 498 2618 esset
527 2549 695 2618 oraoulum
718 2551 858 2616 tenebat.
903 2549 993 2634 Ergo
1015 2569 1089 2633 pro·
1142 2549 1293 2616 decrevit.
1334 2551 1404 2633 Ipsi
1425 2571 1502 2617 vero
1523 2551 1639 2617 inseite
1661 2572 1698 2619 ao
1720 2572 1891 2636 perperam
1914 2553 1955 2619 ab
1977 2562 2110 2620 aeterno

116 2642 251 2727 phetieo
273 2639 405 2706 nomine
425 2638 570 2704 faustum
591 2643 625 2702 et
645 2635 785 2719 optabile
812 2635 1001 2718 promittere
1022 2655 1090 2699 non
1142 2637 1206 2702 Dei
1227 2637 1361 2703 oonsilio
1383 2644 1415 2700 et
1436 2635 1593 2702 eontinua
1620 2637 1745 2704 eodone
1772 2639 1842 2704 eius
1869 2637 2108 2722 providentiam

116 2727 246 2812 potuit:
275 2723 332 2791 sed
358 2721 630 2807 quemadmodum
661 2723 786 2787 sineere
811 2719 957 2804 proferre
979 2717 1092 2785 debuit
1140 2721 1310 2788 divellunt.
1345 2722 1420 2788 Hoo
1437 2722 1473 2787 in
1491 2723 1605 2804 primis
1622 2744 1814 2807 persuasum
1832 2723 1951 2790 hahere
1969 2725 2108 2808 expedit,

116 2814 205 2899 quod
238 2834 259 2877 a
286 2811 428 2876 Domino
459 2819 639 2890 receperat,
673 2806 897 2890 qualeonnque
928 2804 962 2870 id
994 2814 1089 2884 esset,
1141 2808 1268 2894 quoties
1289 2807 1411 2872 sterilis
1429 2817 1478 2873 est
1499 2819 1595 2888 terra,
1617 2810 1687 2874 sive
1709 2810 1795 2893 gelu,
1817 2812 1887 2876 sive
1904 2810 2013 2890 uredo,
2037 2810 2109 2876 siro

116 2898 330 2984 quantumvis
350 2896 445 2960 triste
467 2895 520 2961 vel
542 2893 711 2960 aeerbnm:
733 2894 779 2957 ita
800 2911 930 2958 rursum
953 2891 1089 2956 minime
1141 2893 1276 2980 grando,
1298 2894 1368 2961 sive
1391 2892 1480 2960 alind
1497 2891 1661 2978 quidpiam
1680 2897 1714 2959 in
1732 2914 1831 2961 eausa
1847 2895 1900 2976 sit,
1924 2895 1986 2962 hoo
2002 2905 2107 2961 totum

116 2985 249 3052 obstitit
270 2983 351 3048 haee
372 2981 506 3046 libertus
527 2980 606 3062 quin
627 2978 748 3044 laetam
771 2987 924 3043 eventum
948 2978 1017 3062 regi
1034 2997 1090 3060 op·
1141 2981 1205 3047 Dei
1226 2979 1360 3045 oonsilio
1381 2977 1566 3064 gubernari.

114 3079 214 3137 taret
250 3068 398 3135 Preaatio
419 3066 521 3152 igitur
543 3074 600 3143 est,
623 3085 687 3130 non
710 3064 910 3139 vatieinium,
933 3061 1018 3147 quod
1036 3063 1089 3130 hio
1226 3065 1278 3132 32.
1301 3064 1346 3130 et
1361 3069 1525 3148 propterea
1544 3066 1689 3132 ι’ἰενιιύιιιιι
1709 3070 1754 3132 est
1768 3065 1932 3132 amatium.
1965 3065 2040 3132 Non
2057 3067 2109 3130 in·

115 3157 160 3224 de
182 3155 271 3239 regie
292 3173 372 3237 paoe
392 3151 520 3218 dieitur.
1141 3151 1262 3237 telligit
1281 3150 1401 3235 Ioseph
1433 3150 1590 3217 mutabile
1622 3171 1694 3218 esse
1721 3153 1749 3219 si
1781 3151 1856 3236 qnid
1885 3151 1977 3218 Deus
2008 3152 2108 3218 semel

209 3242 260 3307 17.
283 3238 338 3304 Me
364 3239 545 3304 emaaioate.
589 3236 673 3302 {lota
694 3235 773 3301 haee
795 3233 939 3300 sanatio
960 3234 1089 3318 exposi-
1140 3245 1270 3305 tantum
1297 3237 1484 3320 protulerit:
1514 3234 1572 3302 sed
1593 3256 1635 3302 ne
1655 3238 1691 3303 in
1714 3238 1825 3304 animo
1846 3238 2030 3305 Pharaonis
2052 3259 2109 3304 va·

115 3329 210 3394 tione
229 3346 294 3392 non
308 3321 450 3408 indiget:
474 3331 604 3389 tantum
621 3323 709 3387 enim
727 3322 845 3404 repetit
854 3319 985 3385 Pharao
1003 3319 1089 3403 quod
1140 3323 1266 3391 oillaret
1288 3323 1336 3388 rei
1358 3329 1507 3388 ostensae
1527 3320 1618 3388 fides.
1660 3323 1747 3389 Nam
1774 3324 1850 3408 quie
1875 3323 1958 3389 nihil
1980 3324 2044 3389 nisi
2066 3343 2108 3388 ex

115 3414 212 3499 prius
234 3409 392 3478 vidimus:
423 3409 485 3474 nisi
507 3406 592 3492 quod
618 3405 725 3486 addit,
754 3426 869 3474 saeuas
898 3406 1090 3472 macilentas
1140 3409 1395 3492 stabilifixoque
1414 3429 1473 3474 suo
1495 3407 1627 3474 oonsilio
1648 3408 1972 3494 pronuntiassem}
1992 3409 2108 3492 loquu-

114 3497 322 3580 oonsumptis
343 3495 528 3579 pinguibus,
551 3492 656 3560 nihilo
678 3490 821 3558 redditas
838 3513 908 3558 esse
929 3492 1089 3558 meliores.
1140 3503 1211 3563 tum
1223 3516 1293 3561 esee
1310 3495 1440 3562 suffieit.
1475 3492 1541 3560 Sed
1559 3501 1671 3560 nostra
1687 3495 1825 3561 tarditas
1836 3501 1871 3560 et
1887 3493 2109 3561 iuoonstantia

115 3585 197 3669 Quo
224 3582 339 3649 testari
360 3580 465 3648 voluit
487 3580 588 3655 Deus,
623 3587 749 3643 tantam
778 3579 845 3644 fore
874 3579 1090 3656 sterilitatem,
1140 3582 1270 3665 saepius
1299 3579 1412 3646 eadam
1441 3580 1549 3663 ipsum
1576 3588 1724 3663 repetere
1755 3580 1856 3665 eogit,
1890 3587 1928 3645 ut
1959 3577 2109 3646 cordibus

114 3679 158 3738 ut
180 3675 334 3754 congesta
354 3665 512 3731 frumenti
532 3666 625 3748 eopia
642 3683 707 3730 non
725 3664 904 3730 hheraliter
924 3664 1091 3730 alerentur
1140 3667 1260 3734 nostris
1280 3665 1420 3734 insideat
1441 3665 1528 3749 quod
1549 3673 1639 3731 eerto
1655 3664 1741 3750 apud
1759 3686 1833 3732 eum
1855 3664 2020 3732 deoretum
2042 3671 2109 3730 est:

114 3757 282 3835 homines,
304 3751 361 3820 sed
382 3750 524 3818 famelici
541 3771 639 3834 aegre
654 3749 757 3815 vitam
779 3749 957 3816 traherent.
991 3748 1090 3831 Quod
1140 3752 1261 3836 alioqui
1292 3772 1391 3835 quam
1424 3751 1578 3817 versatile
1608 3749 1703 3816 nobis
1734 3751 1902 3836 ingenium
1935 3759 2000 3830 est,
2040 3758 2109 3815 tam

112 3843 193 3909 Iose
217 3840 240 3906 h
268 3837 431 3906 somnium
453 3858 555 3902 unum
578 3856 648 3902 esse
677 3835 866 3919 respondet,
895 3834 1091 3919 simpliciter
1139 3840 1231 3906 varie
1252 3859 1382 3904 sursum
1405 3835 1555 3902 deorsum
1574 3856 1595 3901 a
1614 3837 1709 3902 nobis
1731 3837 1876 3903 volvitur
1896 3835 1984 3921 quod
2005 3834 2108 3902 semel

113 3863 276 4011 inteldigit
305 3943 410 3991 unum
437 3929 471 3988 et
497 3923 583 3989 idem
616 3920 744 3987 duabus
775 3921 891 4005 figuris
923 3929 1090 3987 ostensum
1140 3924 1212 3992 eius
1233 3944 1290 3989 ore
1311 3921 1511 4002 audivimus,
1542 3922 1644 3988 donee
1665 3921 1817 3988 labasoat.
1861 3922 1965 3988 Porro
1987 3920 2108 4004 Ioseph

111 4014 221 4081 fuisse
239 4011 413 4077 Pharaoni.
449 4009 547 4074 Prius
570 4027 765 4092 veroquam
787 4007 1089 4090 interpretationem
1139 4031 1207 4076 non
1235 4008 1333 4074 modo
1362 4007 1596 4074 firmitudinem
1623 4007 1770 4074 eoelestis
1798 4008 1919 4074 deoreti
1944 4028 2108 4074 eommen·

114 4120 216 4168 suam
233 4099 269 4163 in
291 4093 434 4161 medium
455 4094 609 4179 proferat,
630 4115 697 4159 non
719 4113 789 4159 eese
810 4091 984 4161 evanidam
1004 4114 1089 4158 som·
1141 4095 1207 4172 dat,
1229 4094 1286 4160 sed
1308 4093 1406 4160 simul
1428 4113 1530 4177 prope
1551 4093 1674 4159 instare
1696 4092 1872 4159 denuneiat
1893 4091 1979 4177 quod
2001 4092 2108 4158 faeere

114 4189 213 4252 nium
236 4183 368 4259 asserit,
396 4179 452 4248 sed
475 4180 623 4246 divinum
644 4179 821 4246 oraoulum.
865 4178 939 4243 Nisi
959 4178 1089 4243 anima
1139 4182 1234 4247 Deus
1265 4179 1447 4258 eonstituit,
1481 4201 1523 4245 ne
1544 4179 1674 4246 Pharao
1705 4179 1775 4261 ipse
1807 4178 1965 4264 longioris
1997 4197 2107 4243 morae

113 4271 194 4336 Deo
217 4269 361 4354 prolaeta
382 4266 497 4332 fuisset
519 4265 613 4350 visio,
633 4263 771 4332 stultum
791 4265 906 4330 fuisset
927 4265 1025 4329 anxie
1041 4264 1089 4329 in·
1139 4266 1259 4333 fidnoia
1279 4265 1455 4330 dormiret.
1509 4264 1593 4330 Nam
1628 4264 1690 4330 etsi
1722 4265 1862 4330 fatemur
1894 4264 1957 4330 Dei
1989 4263 2108 4330 iudioia

112 4353 340 4442 quirerequid
357 4350 575 4437 portenderet.
609 4351 706 4417 Nune
723 4359 830 4416 autem
850 4350 885 4414 in
896 4349 1090 4416 soisoitando
1141 4372 1270 4436 semper
1301 4349 1460 4434 eapitibus
1491 4351 1611 4416 nostris
1643 4351 1781 4429 instare,
1814 4350 1878 4416 nisi
1910 4358 2019 4416 tamen
2046 4369 2107 4415 nos

110 4443 185 4510 Dei
208 4439 353 4519 oonsilio,
374 4459 439 4504 non
458 4436 581 4504 frustra
601 4435 727 4503 laborat
743 4435 882 4502 Pharao.
915 4435 1089 4502 (laetorum
1141 4436 1288 4504 stimulet
1310 4436 1464 4520 temporis
1484 4435 1676 4514 maturitas,
1708 4434 1839 4500 illorum
1862 4456 1942 4503 eura
1963 4445 1996 4500 et
2018 4445 2107 4500 metu

111 4527 266 4594 notanda
282 4534 332 4592 est
348 4523 500 4607 loquendi
517 4524 629 4602 forma,
653 4521 860 4606 qnianseph
877 4541 942 4586 non
960 4531 1089 4587 tantum
1139 4522 1257 4609 frigide
1278 4522 1447 4587 affieimur.

112 4614 217 4681 dioit:
235 4611 345 4678 Deum
364 4608 450 4693 quod
468 4608 600 4674 aliunde
617 4609 793 4691 eontingat,
814 4606 1010 4690 praedicere,
1033 4608 1091 4674 sed
1225 4607 1277 4673 33.
1301 4607 1346 4672 Et
1366 4627 1447 4674 arou
1462 4606 1627 4689 provideat
1647 4605 1709 4672 sibi
1732 4604 1871 4672 Pharao.
1916 4606 1996 4672 Plus
2013 4626 2109 4690 prae·

112 4697 209 4784 qnod
227 4699 298 4782 ipre
317 4697 463 4762 fauturus
483 4703 579 4761 esset.
621 4693 712 4759 Hirro
734 4713 874 4775 namque
891 4693 1089 4778 oolligimus:
1141 4702 1208 4763 stat
1217 4692 1338 4776 Ioseph
1356 4714 1452 4776 quam
1470 4693 1578 4758 fuerat
1593 4701 1742 4776 rogatus:
1762 4711 1865 4774 neque
1880 4692 1966 4757 enim
1979 4699 2106 4756 tantum

111 4788 231 4853 Deum
253 4804 319 4850 non
339 4781 441 4848 otiose
462 4779 625 4864 speculari
646 4779 798 4844 fortuitos
815 4799 923 4844 rerum
943 4788 1090 4860 eventus,
1140 4781 1257 4848 somnii
1280 4787 1330 4844 est
1351 4779 1527 4862 interpres,
1549 4777 1624 4858 sed,
1647 4788 1683 4842 ut
1704 4776 1881 4861 prophetae
1904 4798 2022 4843 munus
2043 4778 2105 4842 im·

113 4872 218 4938 sieuti
241 4867 427 4953 philosophi
448 4866 593 4950 plerique
614 4865 774 4951 garriunt,
796 4863 853 4930 sod
875 4883 935 4930 suo
956 4863 1090 4938 arbitrio
1140 4866 1244 4951 pleat,
1284 4863 1464 4930 doetrinam
1504 4873 1538 4927 et
1571 4863 1741 4930 eonsilium
1775 4862 1931 4946 adiungit.
1977 4861 2107 4930 Soimus

112 4966 267 5026 statuere
294 4953 373 5038 qnid
406 4953 552 5018 futurum
575 4951 625 5017 sit.
670 4949 782 5031 Quare
803 4950 839 5013 in
860 4970 970 5016 rerum
996 4971 1090 5033 prae·
1140 4951 1229 5016 enim
1251 4970 1345 5015 veros
1367 4948 1430 5015 Dei
1452 4948 1627 5097 profhetae
1649 4969 1686 5014 ae
1708 4947 1872 5031 legitimos
1893 4969 1958 5013 non
1981 4948 2106 5032 simpli·

116 5041 266 5109 diotione
295 5059 360 5106 non
391 5037 566 5123 respondet
587 5036 628 5103 de
654 5036 773 5102 tabulis
799 5033 966 5116 fatalibus,
994 5037 1092 5101 sieuti
1140 5037 1222 5103 aiter
1242 5033 1427 5119 praedicere
1448 5036 1502 5117 qui
1547 5034 1694 5100 futurum
1717 5034 1768 5114 sit,
1790 5033 1846 5098 sed
1868 5034 1962 5100 malis
1980 5035 2104 5118 impen-

112 5127 311 5211 Apollinem
340 5145 434 5191 suum
463 5131 579 5208 poetae
601 5123 732 5207 lingunt
756 5141 865 5188 aarum
888 5142 998 5186 rerum
1020 5143 1091 5188 esse
1140 5121 1291 5189 dentibus
1330 5119 1474 5187 remedia
1509 5118 1688 5186 ostendere.
1743 5119 1921 5203 Postquam
1956 5140 2033 5204 ergo
2066 5118 2106 5183 de

112 5225 234 5282 vatem
254 5231 335 5296 quae
352 5231 420 5276 non
438 5209 562 5275 suntin
581 5209 651 5275 eius
668 5227 784 5272 menn:
807 5204 865 5272 sed
885 5208 1089 5291 pronuntiet,
1140 5207 1267 5273 vioibus
1306 5207 1549 5290 quatuordeeim
1589 5225 1747 5272 annorum
1780 5205 1972 5270 vatieiaium
2004 5203 2107 5269 edidit

112 5298 280 5385 quidquid
298 5298 436 5377 eveniet,
458 5315 552 5362 snum
572 5293 642 5361 lore
659 5314 749 5377 opus.
780 5291 837 5359 Sia
848 5291 950 5359 Isaiae
968 5290 1033 5379 (45,
1046 5292 1089 5380 7),
1140 5293 1277 5376 Ioseph,
1299 5313 1386 5358 nune
1407 5292 1500 5358 donet
1522 5291 1599 5376 quid
1621 5291 1701 5358 utile
1722 5293 1765 5354 sit
1786 5291 1890 5369 iaetu,
1913 5301 1945 5354 et
1962 5289 2106 5356 Pharao·
