4988 6192
128 473 181 539 537
758 468 1129 540 COMMENTARIUS
1152 471 1202 537 IN
1225 469 1440 538 GENESIN.
2044 482 2108 547 538

125 660 216 744 igitur
235 659 416 726 constantia
443 660 643 728 instructum
670 661 773 728 fuisse
799 665 942 744 oportet,
965 660 1021 746 qui
1047 661 1082 727 in
1133 659 1284 744 Aepypto,
1306 661 1390 726 divit
1407 660 1449 726 ed
1466 680 1516 726 eos
1529 664 1621 743 pater
1638 681 1757 728 mrunr:
1781 661 1997 746 Revertimini,
2018 670 2109 735 emite

125 746 182 812 Dei
202 745 332 810 verbum
362 745 551 812 recumbere
572 767 640 811 non
669 745 809 824 destitit,
836 767 873 812 aa
903 746 1082 826 eeclesiam,
1133 746 1221 811 nobis
1244 745 1402 828 pusillum
1430 745 1500 811 cidi.
1544 746 1574 811 3.
1604 745 1648 812 Et
1675 749 1758 814 divit
1786 751 1828 815 ad
1854 770 1925 816 eum
1953 751 2106 836 Iedndab,

126 831 205 898 cuius
222 829 313 895 nulla
334 831 402 896 fere
424 833 547 914 specics
569 831 699 898 residua
717 839 797 916 erat,
809 852 844 897 se
863 831 951 898 domi
972 833 1083 898 fovere
1133 831 1277 898 dicendo:
1300 830 1501 898 musteum
1527 836 1711 898 contestatus
1732 839 1777 900 est
1797 855 1853 900 nos
1872 837 1938 917 vir,
1960 838 2107 905 dicendo:

125 924 201 982 certo
210 935 393 998 persuasus,
406 917 489 983 filios
501 918 654 984 toleravit
665 939 831 1001 quousque
842 919 1082 1001 resipiscerent.
1136 917 1209 984 Nan
1235 917 1378 984 videbitis
1402 918 1518 1000 sceiere
1546 938 1646 984 meam
1671 919 1738 984 nisi
1764 921 1864 1003 fuerit
1887 923 1990 1005 frater
2010 930 2107 990 vester

124 1003 187 1068 Hoc
202 1002 386 1086 exemplum
409 1023 497 1068 nunc
518 1003 558 1068 sd
575 1023 611 1068 se
628 1002 873 1070 accommodent
896 1001 1019 1082 fideles,
1042 1023 1083 1068 ne
1133 1003 1297 1068 vobiscum.
1341 1003 1372 1068 4.
1398 1003 1435 1068 Si
1456 1004 1583 1069 nuseris
1609 1004 1740 1086 fratrem
1769 1012 1909 1072 nocuum
1936 1009 2105 1090 nobiscum,

124 1087 273 1152 horrenda
290 1088 455 1168 vastitate,
478 1110 560 1172 quae
578 1089 698 1174 ubique
715 1091 783 1154 fere
801 1089 955 1170 cernitur,
977 1089 1083 1155 labas—
1134 1089 1363 1168 descendente,
1393 1093 1420 1154 et
1441 1109 1575 1154 evemus
1596 1090 1653 1155 tibi
1672 1091 1783 1156 cibum.
1828 1091 1857 1158 5.
1885 1094 1973 1176 Quod
1994 1096 2024 1160 si
2044 1117 2107 1162 non

124 1181 188 1238 cant
209 1191 321 1239 eornm
342 1175 453 1239 animi.
1133 1175 1276 1254 miseris,
1303 1195 1364 1238 nou
1392 1174 1622 1240 descendemus:
1649 1177 1702 1242 vir
1721 1178 1803 1242 enim
1824 1177 1878 1243 rue
1900 1179 1984 1244 divit
2003 1182 2106 1247 nobis:

197 1258 246 1324 35.
280 1259 371 1342 Ipsis
393 1259 610 1326 evacuantibus
631 1280 734 1327 saccos
755 1281 838 1327 suas.
881 1261 948 1328 Hic
969 1281 1083 1326 rursus
1136 1259 1210 1324 Non
1237 1258 1380 1324 videbitis
1407 1260 1523 1342 faciem
1547 1281 1648 1326 nuum
1666 1263 1733 1327 nisi
1754 1263 1854 1345 fuerit
1882 1264 1984 1346 frater
2008 1272 2107 1332 vester

122 1355 244 1427 apparet
272 1353 433 1428 quantum
462 1347 496 1409 in
515 1345 632 1411 itinere
654 1348 821 1430 perterriti
843 1347 976 1425 luerint,
997 1344 1082 1429 quod
1133 1345 1297 1412 vobiscum
1349 1345 1378 1410 6.
1408 1343 1455 1410 Ar
1486 1346 1570 1411 divit
1601 1346 1722 1413 Israel:
1761 1347 1878 1432 thuid
1908 1350 2107 1433 malefecistis

120 1430 223 1496 saltem
242 1432 377 1515 quisque
395 1450 523 1496 saccum
542 1451 638 1496 snum
660 1442 825 1498 scrutatus
847 1453 915 1498 nou
937 1439 986 1496 est
1008 1443 1083 1515 post
1133 1430 1222 1509 mitri,
1239 1435 1273 1497 ut
1289 1430 1480 1497 nuntiaretis
1496 1433 1566 1497 viro
1582 1433 1664 1514 quod
1680 1432 1781 1499 adbuc
1796 1435 1900 1516 frater
1916 1443 1993 1502 esset
2010 1437 2106 1504 vobis.

121 1515 345 1599 deprehensam
367 1516 401 1579 in
425 1537 489 1581 uno
512 1517 693 1599 pecuniam.
736 1518 830 1583 Haeo
858 1539 935 1585 vero
962 1519 1084 1601 scripta
1135 1518 1164 1583 7.
1187 1516 1232 1581 Et
1259 1516 1421 1582 diverunt:
1444 1515 1670 1601 Interrcpando
1696 1519 1812 1585 interro
1832 1521 1897 1586 avit
1922 1522 1974 1586 vir
1995 1522 2047 1588 uu
2067 1525 2106 1590 de

120 1611 189 1667 sunt
211 1608 248 1668 ut
273 1603 413 1668 sciamus
441 1601 539 1667 simul
569 1621 607 1667 aa
635 1602 809 1669 formidine
834 1603 976 1687 perculsi
1003 1611 1083 1669 sunt
1133 1601 1222 1667 nobm
1242 1603 1461 1686 deauratione
1482 1607 1598 1683 nostra,
1620 1604 1764 1670 diceudo:
1821 1627 1874 1670 um
1897 1607 1998 1673 adbuc
2011 1615 2106 1692 pater

119 1688 268 1768 homines,
291 1709 333 1753 ne
354 1694 482 1771 guttam
505 1686 638 1770 quidem
661 1689 789 1755 consilii
811 1710 848 1756 ae
870 1710 971 1754 sanae
990 1710 1082 1754 men·
1133 1693 1231 1754 vester
1251 1687 1355 1754 vivit?
1376 1709 1453 1754 num
1473 1693 1519 1754 est
1539 1688 1626 1754 vodis
1644 1689 1768 1772 frater?
1791 1697 1819 1756 et
1838 1693 2058 1759 nuntiavimus
2076 1697 2106 1761 ei

119 1775 156 1838 tis
176 1780 356 1857 suppetere,
379 1773 486 1856 quoad
504 1793 559 1841 cos
572 1775 734 1840 Dominus
753 1775 950 1858 tranquillet.
979 1775 1082 1840 Porro
1133 1775 1410 1840 secundantem
1427 1776 1505 1840 istc:
1525 1776 1677 1856 numquid
1695 1777 1819 1843 suendo
1835 1777 2008 1845 sciebamus
2024 1781 2106 1861 quod

117 1861 276 1926 nonsatis
299 1859 504 1926 considerate
533 1859 568 1924 in
591 1881 629 1926 eo
658 1881 692 1926 se
715 1863 818 1945 gessit
838 1860 974 1945 Ioseph,
996 1859 1082 1945 quod
1133 1861 1277 1927 dicturus
1298 1865 1389 1925 esset:
1409 1858 1604 1925 Descendere
1629 1861 1759 1940 faciatis
1785 1863 1918 1945 fratrem
1947 1867 2105 1932 nmmum?

117 1947 226 2012 summi
249 1945 372 2011 doloris
400 1945 572 2011 materiam
595 1947 679 2030 patri
700 1947 828 2027 intulit,
857 1947 949 2013 cuius
970 1955 1082 2013 temen
1135 1947 1163 2012 8.
1187 1941 1232 2011 Et
1253 1946 1335 2012 divit
1357 1945 1502 2010 Iebudab
1530 1947 1573 2010 ad
1599 1945 1704 2013 Israel
1723 1953 1850 2030 patrem
1877 1970 1985 2016 summ
2013 1951 2106 2018 Mitte

114 2033 264 2114 penuriae
286 2052 477 2098 succurrere
498 2033 534 2096 in
553 2031 663 2098 animo
690 2031 841 2099 habebat.
885 2032 961 2114 Quo
989 2033 1082 2100 doce·
1126 2052 1265 2114 puerum
1284 2051 1409 2111 mecum
1429 2036 1457 2096 ct
1477 2051 1648 2114 sarpanas,
1671 2038 1699 2099 et
1714 2033 1960 2115 proficiscemur,
1981 2039 2107 2102 etvive-

115 2137 191 2196 mur,
220 2137 288 2182 non
318 2138 448 2201 semper
477 2117 531 2184 vel
561 2117 834 2202 prudentissimos
863 2117 925 2184 sibi
954 2139 1081 2198 cavere,
1131 2139 1218 2196 mus,
1253 2123 1367 2182 etuou
1393 2118 1564 2182 moriemur
1590 2119 1686 2183 etiam
1711 2139 1782 2198 nos,
1811 2121 1906 2186 etiam
1932 2127 1982 2201 tu,
2011 2124 2105 2188 etiam

116 2201 815 2356 tutificat-§utilit‘urst‘
835 2205 1082 2357 tutudit
1127 2203 1260 2356 utut}
1286 2203 1474 2353 ”titat-
1491 2201 1572 2354 {ib
1588 2204 1749 2356 iiiiii
1759 2206 1980 2358 diuidit?
1994 2228 2106 2359 W

114 2371 204 2439 Iacob
232 2341 312 2440 Iiliis
344 2374 412 2442 suis
440 2340 604 2440 fraternae
637 2312 917 2443 cdedismcrdmen:
946 2314 1082 2459 pedinde
1132 2382 1218 2441 tuero
1240 2309 1309 2439 eddi
1332 2377 1402 2439 ante
1423 2340 1472 2454 tc,
1489 2395 1609 2458 poenae
1635 2375 1784 2442 obnavius
1809 2397 1861 2446 ero
1882 2377 1938 2443 tibi
1958 2315 2105 2445 bmnibu‘s

113 2467 215 2524 tamen
241 2460 460 2525 irasciturus
488 2461 516 2524 si
541 2459 668 2526 duobus
697 2461 834 2528 sublatis
862 2461 928 2526 ism
952 2460 993 2527 ad
1016 2471 1081 2527 ter·
1132 2460 1247 2527 diebus.
1293 2459 1343 2524 10.
1370 2461 1453 2542 Quia
1474 2461 1540 2526 nisi
1560 2462 1823 2542 tardavissemus,
1856 2468 1933 2528 certe
1953 2485 2036 2531 nunc
2057 2479 2113 2532 re-¹

112 2545 186 2609 tium
209 2544 414 2628 perdendum
437 2545 601 2630 festinent.
645 2546 844 2613 Dicitenim
867 2548 1081 2613 haecomnia
1131 2547 1213 2612 versi
1244 2545 1417 2629 fuissemus
1445 2547 1510 2610 iam
1537 2546 1592 2611 bis.
1646 2547 1696 2612 11.
1726 2547 1771 2613 Et
1797 2549 1972 2614 dimittitis
2000 2550 2106 2617 Israel

111 2629 192 2696 mala
218 2633 253 2697 in
286 2651 320 2696 se
343 2630 630 2711 uncmrecidere,
654 2633 816 2715 quianon
839 2634 1080 2716 putateosaf·
1127 2637 1219 2714 pater
1240 2651 1362 2697 mmm:
1385 2630 1423 2696 Si
1444 2633 1490 2697 ita
1514 2652 1597 2698 nunc
1626 2639 1765 2716 oportet,
1793 2633 1847 2699 boa
1873 2634 1981 2716 facite,
2010 2637 2105 2702 tottde

110 2717 159 2780 lici
185 2724 221 2782 ut
242 2717 386 2794 deceret,
416 2738 477 2784 neo
500 2736 705 2784 communem
733 2718 800 2784 illis
830 2717 975 2785 dolorem
998 2740 1079 2798 esse,
1131 2719 1169 2784 de
1190 2718 1316 2800 optimis
1333 2715 1488 2796 fructibus
1508 2722 1609 2783 terrae
1631 2720 1666 2784 in
1686 2720 1774 2785 vasus
1791 2721 1917 2796 austrie,
1943 2723 2105 2805 etdeferte

110 2800 163 2866 sed
186 2821 303 2869 secure
324 2802 438 2868 ludere
459 2803 494 2869 in
522 2803 661 2869 fratrum
691 2805 817 2884 exitiis,
841 2827 878 2872 ac
908 2806 936 2872 si
966 2824 1080 2870 eorum
1132 2804 1174 2870 ed
1194 2804 1299 2868 virum
1320 2822 1444 2882 munus,
1461 2803 1618 2884 murem
1635 2805 1757 2870 resinae
1776 2805 1976 2887 etpusittum
1992 2808 2104 2888 noctiis,

109 2887 173 2952 vita
206 2886 247 2953 ad
276 2889 364 2972 ipsos
392 2889 474 2953 nihil
503 2891 676 2972 pertineat.
728 2888 824 2971 Quod
853 2913 930 2958 vero
960 2879 1081 2957 Ruben
1131 2894 1274 2956 aromata
1302 2895 1330 2954 ct
1357 2893 1487 2968 dudem
1516 2890 1647 2970 pineas,
1680 2895 1708 2954 et
1736 2891 1930 2974 amypdatas.
1981 2892 2031 2958 12.
2060 2893 2105 2958 Et

109 2971 184 3039 duos
206 2973 294 3039 filios
315 2975 400 3057 patri
422 2973 613 3041 mactandos
635 2976 739 3056 offert,
757 2977 822 3042 nisi
834 2977 1007 3042 Beniamin
1030 2975 1079 3041 illi
1124 2975 1293 3058 pecuniam
1331 2974 1486 3056 duplicem
1524 2976 1625 3056 capite
1662 2975 1696 3042 in
1734 2975 1881 3043 manibus
1915 2981 2039 3044 vestris:
2077 2983 2105 3045 et

106 3057 247 3141 reducat,
270 3058 401 3126 videtur
422 3080 492 3125 esse
510 3059 584 3142 plus
602 3081 700 3144 quam
722 3061 907 3128 barbarum.
946 3062 1080 3130 Scilicet
1124 3062 1294 3144 pennum
1326 3061 1494 3142 amomum
1525 3061 1560 3126 in
1592 3082 1644 3128 ore
1674 3081 1831 3130 saccorum
1857 3067 2029 3130 vestrorum
2057 3086 2105 3132 re-

106 3143 199 3210 Isoob
219 3151 356 3229 nepotes
378 3166 453 3211 suos
474 3145 651 3211 occideret:
674 3147 751 3230 quid
769 3156 878 3213 autem
896 3149 1004 3214 solatii
1026 3170 1079 3216 ca·
1123 3149 1247 3230 ponetis
1267 3148 1302 3211 in
1327 3167 1425 3212 manu
1451 3152 1556 3212 vestra
1576 3149 1607 3212 si
1631 3147 1709 3229 sorte
1741 3168 1829 3214 error
1856 3154 1941 3214 esset.
1989 3150 2038 3215 13.
2060 3151 2105 3216 Et

105 3240 194 3313 peret
215 3232 252 3296 in
277 3251 336 3296 sua
364 3231 468 3315 ipsius
491 3233 617 3298 viscera
638 3232 812 3299 saeviens?
856 3231 924 3301 Sed
945 3236 1007 3302 boc
1029 3241 1080 3301 est
1128 3233 1260 3315 fratrem
1279 3237 1416 3298 emaum
1437 3233 1555 3313 capite,
1579 3238 1608 3298 et
1628 3235 1761 3318 surpite,
1782 3234 1974 3301 revertimini
1993 3237 2037 3302 ad
2057 3237 2105 3303 vi-

106 3315 188 3398 quod
209 3318 306 3400 prius
328 3316 432 3466 adipi,
454 3316 558 3383 fuisse
580 3325 764 3400 suspectos,
786 3319 872 3403 quod
898 3320 1022 3403 perfide
1043 3343 1079 3388 se
1130 3339 1210 3385 rum.
1257 3319 1306 3383 14.
1329 3317 1420 3384 Deus
1450 3323 1554 3384 autem
1578 3319 1767 3402 omnipotens
1794 3321 1843 3386 det
1871 3321 1957 3387 vobis
1984 3323 2106 3388 miseri

104 3403 282 3486 gessissent
299 3423 378 3486 erge
417 3403 534 3486 oseph:
557 3403 646 3469 unde
668 3424 799 3471 necesse
821 3405 936 3472 babuit
957 3406 1078 3473 Ruben
1130 3405 1256 3473 cordius
1277 3409 1347 3470 ante
1367 3404 1480 3483 cimam,
1504 3409 1532 3468 et
1553 3403 1690 3470 dnnittat
1711 3405 1796 3472 vobis
1813 3407 1947 3488 fratrem
1967 3413 2104 3474 vestrum

104 3497 169 3553 tarn
193 3488 302 3555 atroci
323 3488 539 3554 obtestatione
561 3488 685 3556 diluere
708 3491 810 3573 patris
832 3491 884 3556 sni
911 3493 1078 3558 timorem:
1130 3491 1247 3571 alium,
1277 3495 1305 3555 et
1333 3487 1519 3570 Beniamin,
1551 3494 1579 3556 et
1605 3509 1658 3574 epo
1688 3493 1948 3574 praemadmedum
1976 3493 2105 3560 orbatus

102 3573 267 3658 fidemque
297 3573 403 3640 iacere
430 3593 465 3639 se
487 3582 520 3640 et
548 3576 666 3642 fratres
692 3576 776 3640 nibil
803 3577 942 3659 impium
970 3577 1080 3644 moliri
1129 3597 1216 3657 sum,
1244 3574 1370 3641 orbatus
1390 3594 1469 3640 sum.
1515 3573 1565 3640 15.
1589 3570 1634 3640 Et
1653 3581 1797 3660 cepenmt
1816 3578 1881 3643 viri
1902 3598 2016 3644 mmrus
2037 3578 2102 3660 boc,

102 3669 214 3726 eontra
236 3659 425 3726 Beniamin.
1130 3667 1157 3728 et
1177 3661 1330 3745 duplicem
1345 3663 1516 3743 pecuniam
1537 3667 1680 3744 ceperunt
1700 3662 1735 3727 in
1756 3682 1855 3728 manu
1876 3683 1946 3739 sua,
1971 3669 1999 3730 et
2018 3663 2104 3730 Ben-

200 3745 255 3811 38.
289 3745 361 3812 Nou
378 3745 536 3812 descendet
553 3745 642 3828 uus
658 3767 747 3812 meus
760 3747 923 3815 vobiscum
951 3748 1078 3814 Iterum
1129 3749 1248 3829 iamin,
1275 3753 1303 3812 et
1323 3751 1544 3826 sereremus,
1573 3751 1600 3812 et
1621 3748 1841 3814 desmuderunt
1861 3750 1897 3814 v'n
1918 3749 2106 3834 Aepyptum,

101 3833 323 3916 conspicimus
350 3831 443 3915 quasi
463 3833 498 3897 in
526 3832 603 3898 viva
624 3833 751 3916 pictura
780 3841 903 3918 quanto
930 3853 1080 3900 moerore
1131 3838 1324 3900 nudemur
1344 3852 1448 3898 coram
1469 3831 1592 3916 Ioseph.
1638 3833 1688 3899 16.
1712 3831 1758 3898 Et
1785 3834 1865 3900 vidit
1893 3835 2008 3918 Ioseph
2033 3856 2104 3902 uem

101 3919 302 3984 constrictus
330 3918 430 3982 fuerit
458 3924 591 3984 sanctus
613 3917 719 3986 Iacob.
768 3918 863 3986 Videt
891 3926 993 3987 totam
1023 3919 1079 3986 dc·
1130 3921 1177 3985 eis
1198 3919 1385 3998 Beniamin,
1407 3923 1435 3983 et
1455 3919 1539 3983 divit
1558 3919 1720 4002 praesecto
1741 3919 1850 3985 domus
1871 3940 1965 3986 suae:
1986 3919 2103 3988 Adduc

101 4025 193 4084 mum
226 4002 432 4069 famelicam:
463 4003 596 4069 mavult
623 4013 735 4070 tamen
764 4026 784 4070 a
820 4006 904 4087 vita,
932 4027 1030 4088 quam
1060 4028 1080 4072 a
1129 4007 1215 4072 uiros
1235 4006 1271 4071 in
1291 4005 1429 4084 dmuum,
1451 4009 1479 4069 ct
1498 4009 1615 4082 macta,
1643 4009 1671 4070 et
1685 4023 1863 4086 praepara,
1888 4007 1964 4087 puio
1985 4027 2103 4072 mmum

100 4089 167 4156 filio
190 4111 255 4155 suo
284 4086 412 4154 divelli:
435 4088 523 4156 unde
552 4089 735 4175 colligimus
762 4113 829 4157 non
856 4092 906 4157 illi
935 4092 1079 4159 ferranm
1130 4093 1282 4158 comedent
1307 4091 1371 4156 viri
1392 4090 1427 4155 in
1447 4090 1587 4156 meridie.
1633 4090 1682 4155 17.
1706 4089 1750 4154 Et
1779 4091 1852 4172 fecit
1878 4093 1929 4156 vir
1955 4094 2102 4174 quemad·

99 4183 214 4260 pectus
238 4175 358 4252 fnisse,
381 4173 439 4240 sed
461 4195 498 4240 eo
527 4175 603 4258 plus
625 4175 731 4243 laudis
757 4188 903 4244 meretur
930 4178 999 4244 eius
1021 4200 1078 4263 pa·
1129 4178 1255 4244 madum
1281 4177 1365 4243 divit
1393 4173 1521 4258 Iosepd:
1548 4181 1577 4242 et
1601 4176 1706 4241 venire
1729 4176 1803 4258 fecit
1830 4178 1882 4241 vir
1908 4176 2046 4244 domines
2066 4181 2102 4245 in

100 4263 227 4339 cientis,
261 4259 348 4344 quod
377 4279 452 4326 cum
479 4262 588 4327 carnis
615 4262 809 4328 infirmitate
838 4273 983 4344 certans,
1012 4286 1079 4331 non
1130 4265 1255 4330 mmum
1279 4261 1399 4344 Ioseph.
1445 4261 1495 4327 18.
1519 4259 1563 4326 Et
1591 4263 1762 4327 timucnrnt
1787 4263 1852 4327 viri
1872 4264 1954 4344 quod
1975 4265 2103 4330 adducti

98 4347 286 4416 succubuit.
331 4346 475 4412 Tametsi
494 4356 602 4412 autem
625 4348 698 4413 eius
720 4349 821 4416 verba
838 4349 948 4416 Moses
970 4349 1076 4416 rheto·
1130 4349 1409 4416 essentindomum
1421 4345 1542 4431 Ioseph,
1561 4353 1590 4412 et
1607 4347 1769 4412 diaeum:
1790 4347 1920 4430 Propter
1932 4353 2101 4430 pecuniam

98 4435 164 4500 riae
183 4454 256 4499 non
273 4432 459 4516 amplificat,
472 4432 565 4498 facile
583 4444 693 4500 tamen
705 4435 918 4520 perspicimus
936 4437 1079 4502 maximo
1131 4455 1210 4518 quae
1230 4435 1352 4500 reddita
1373 4434 1468 4499 estin
1489 4433 1590 4498 saccis
1610 4433 1727 4498 nostris
1748 4433 1782 4498 in
1798 4436 1970 4516 principio,
1992 4456 2101 4501 memus

99 4519 212 4586 dolore
236 4527 457 4597 exaestuasse,
476 4539 577 4601 quum
596 4519 657 4586 hoc
679 4521 755 4586 liliis
778 4521 940 4598 obiiceret,
964 4543 1022 4588 vas
1043 4522 1078 4587 in
1130 4521 1272 4600 adducti,
1299 4524 1334 4583 ut
1358 4519 1461 4585 volvot
1487 4539 1520 4583 se
1547 4523 1651 4584 conve
1680 4538 1751 4598 nos,
1779 4524 1806 4584 et
1831 4519 1923 4585 iactet
1942 4540 1975 4586 se
2000 4542 2101 4604 nuper

97 4617 228 4689 patrem
262 4604 403 4669 nimium
433 4606 511 4671 estis
540 4605 706 4686 crudeles,
734 4608 789 4690 qui
819 4608 952 4674 tertium
979 4627 999 4671 a
1027 4631 1079 4674 me
1130 4625 1193 4685 nos,
1216 4610 1245 4670 et
1264 4605 1369 4686 capiat
1388 4625 1445 4670 reas
1465 4604 1500 4669 in
1517 4623 1628 4684 servos,
1652 4609 1680 4668 et
1700 4605 1807 4671 annos
1822 4611 1953 4672 nastros.
1988 4608 2038 4672 19.
2058 4607 2102 4672 m

97 4692 207 4758 filium
227 4689 381 4773 abripitis
398 4698 571 4775 postquam
593 4711 660 4758 uno
682 4700 779 4776 atque
797 4693 901 4760 altero
918 4713 991 4758 sum
1007 4713 1081 4777 spo-
1131 4695 1324 4758 accesserunt
1350 4690 1393 4755 ad
1420 4691 1524 4754 virum
1550 4690 1693 4771 quierat
1716 4709 1809 4772 semer
1830 4692 1956 4757 domum
1978 4691 2101 4775 Ioseph,

92 4777 206 4845 listas.
1132 4777 1299 4859 ettopmti
1319 4781 1393 4841 curat
1414 4775 1457 4841 ad
1477 4793 1547 4840 nnn
1567 4776 1603 4839 v'n
1622 4775 1699 4840 astu
1720 4775 1837 4842 domus.
1872 4777 1924 4842 20.
1944 4777 1990 4843 Et
2011 4780 2100 4844 diae-

1130 4867 1220 4929 ruut:
1242 4863 1443 4944 Qummmus,
1460 4861 1652 4926 dominemi:
1668 4860 1871 4928 descendendo
1887 4863 2102 4931 descendimus

1131 4951 1167 5016 in
1181 4949 1343 5031 principio
1362 4947 1406 5013 ad
1433 4947 1593 5012 nuendum
1621 4963 1730 5011 escam.
1774 4947 1827 5012 21.
1850 4947 1893 5013 m
1918 4949 1983 5031 fuit
2003 4971 2100 5032 quum

1130 5037 1319 5101 venissemus
1331 5034 1373 5100 ad
1383 5033 1557 5115 hospitium,
1570 5038 1598 5098 et
1612 5033 1846 5112 aperuissemus
1856 5054 1959 5101 soecos
1970 5042 2100 5118 nostros,

445 5116 596 5185 OAPUu
616 5117 749 5186 XLIII.
1131 5141 1208 5202 ecce,
1232 5121 1369 5203 pecunia
1401 5119 1645 5200 uniuscuiusque
1677 5123 1746 5183 erat
1778 5121 1813 5183 in
1844 5140 1896 5184 ore
1924 5123 2005 5187 sacci
2031 5123 2100 5186 sui:

1124 5209 1262 5288 pecunia
1282 5211 1389 5272 nostra
1416 5203 1582 5272 secundum
1603 5201 1729 5284 pmrdus
1748 5225 1858 5270 mum:
1889 5210 1917 5270 et
1936 5207 2101 5273 retulimus

185 5297 214 5362 1.
244 5292 349 5358 Porro
374 5291 476 5372 fomes
500 5292 609 5376 pravis
630 5296 697 5356 erat
716 5291 752 5356 in
774 5296 866 5359 terra.
912 5291 941 5356 2.
966 5292 1080 5374 Itaque
1130 5313 1198 5358 eam
1219 5294 1254 5357 in
1275 5313 1372 5358 manu
1394 5297 1508 5358 nostra.
1544 5291 1595 5356 22.
1619 5289 1665 5353 Et
1678 5292 1849 5370 pecuniam
1870 5291 1970 5357 ctiam
1991 5292 2100 5360 detuti-

91 5403 194 5466 quum
227 5379 378 5462 finissent
408 5376 495 5444 edere
524 5375 706 5444 alimentum
739 5379 820 5460 quod
847 5377 1016 5445 edederunt
1040 5397 1079 5444 ee
1130 5399 1201 5444 mus
1229 5381 1263 5444 iv
1291 5399 1387 5445 manu
1414 5381 1519 5444 nostra
1549 5378 1592 5443 od
1617 5378 1777 5444 mudum
1805 5397 1918 5444 escam:
1945 5381 2100 5445 nescimus
