4988 6192
126 411 182 476 cet
764 410 1134 480 COMMENTARIUS
1157 411 1207 478 IN
1230 407 1443 478 GENDSIN.
2032 406 2099 472 586

125 598 204 664 dium
224 597 284 663 fuit
303 618 401 680 quem
423 591 461 663 ut
482 598 554 664 sine
583 597 761 666 mediatore
790 599 966 684 quidquam
989 620 1076 666 eom·
1129 597 1265 683 indigne
1297 597 1361 663 fert
1393 587 1525 682 loseph,
1558 597 1729 673 Manasse,
1764 595 1823 745 gui
1855 597 1926 662 iure
1959 606 2096 665 naturae

123 682 339 750 muricationis
374 703 444 750 asse
475 691 595 767 posset.
648 685 821 752 Caeterum
856 687 1006 770 quamvis
1042 685 1076 751 in
1128 685 1319 769 priorarat,
1341 683 1431 750 reiiei
1454 681 1684 749 insecundum
1703 703 1761 766 gra
1787 703 1852 762 um,
1875 684 2020 749 nascitur
2042 685 2096 751 hie

124 770 218 854 speeie
239 768 345 854 angeli
367 770 557 852 apparuerit
577 770 746 849 Christus,
769 770 943 837 tenendum
968 782 1077 836 mmen
1128 770 1265 837 affectus
1286 791 1327 835 ex
1350 769 1423 849 lide,
1444 777 1620 852 sanctaque
1638 767 1817 851 prophetici
1835 769 1981 836 muneris
2001 791 2095 836 rere·

123 854 274 938 estquod
303 853 383 920 dicit
410 855 573 938 apostolus
601 855 642 921 ad
664 855 834 924 Hebraeos
870 857 975 937 216,
1010 877 1076 922 non
1128 856 1242 921 rentia.
1287 855 1420 920 Patrem
1442 854 1585 919 enimin
1608 853 1737 936 pueruli
1766 854 1935 936 complexu
1958 854 2096 922 halluci-

122 940 254 1006 induieee
274 946 424 1009 naturam
447 941 639 1026 angelicam,
658 951 694 1007 ut
717 951 803 1009 esset
819 963 904 1008 unus
921 962 962 1008 ex
980 963 1077 1027 ange·
1127 942 1199 1006 nari
1222 940 1318 1006 facile
1340 960 1455 1023 pessus
1478 949 1570 1016 esset,
1594 939 1658 1004 nisi
1681 941 1756 1023 quie
1774 940 1919 1022 agnoscit
1937 951 2096 1024 quatenus

123 1027 173 1105 lis,
201 1025 293 1092 docti
326 1025 431 1092 laetus
458 1034 508 1090 est
534 1047 632 1093 verus
661 1026 775 1094 homo:
810 1047 887 1092 nam
915 1038 948 1092 et
975 1049 1075 1110 quum
1128 1025 1258 1091 divinae
1280 1027 1404 1110 gratiae
1433 1026 1583 1090 minister
1611 1032 1676 1102 est,
1711 1046 1777 1089 non
1807 1045 1903 1109 agere
1935 1026 2094 1094 ludicram

121 1111 255 1177 humana
276 1130 410 1196 corpora
431 1109 611 1178 induerunt
631 1112 756 1197 angeli,
785 1121 979 1178 nontamen
1001 1113 1074 1178 ideo
1128 1111 1269 1177 fabulam
1292 1111 1349 1178 sed
1370 1130 1388 1177 e
1412 1119 1501 1175 terra
1522 1111 1739 1194 pronunciare
1767 1111 1851 1195 quod
1874 1110 1965 1178 Dens
1985 1121 2094 1178 ratum

121 1195 188 1262 facti
220 1205 298 1263 sunt
330 1196 490 1263 homines.
545 1195 632 1278 Quia
665 1205 774 1263 autem
815 1217 987 1264 monemur
1024 1196 1075 1263 his
1127 1195 1259 1262 habebit
1280 1197 1314 1261 in
1338 1195 1435 1262 coelo.
1470 1195 1614 1260 Fallitur
1635 1205 1744 1260 temen
1766 1194 1851 1279 quod
1870 1195 1932 1261 Dei
1955 1197 2093 1280 gratiam

120 1283 228 1360 verbis,
249 1283 418 1366 proprium
441 1281 567 1348 Ohristi
588 1303 708 1349 munus
731 1303 811 1362 esse,
834 1303 892 1349 nos
915 1283 1017 1362 tueri,
1043 1292 1075 1348 et
1126 1292 1282 1348 consueto
1305 1292 1442 1346 naturae
1464 1281 1571 1346 ordini
1593 1281 1714 1364 alligat,
1737 1300 1775 1346 ac
1796 1283 1824 1346 si
1847 1302 1910 1347 non
1934 1283 2095 1370 Dominus

121 1368 233 1450 eripere
255 1389 274 1433 a
295 1367 392 1433 malie
420 1367 586 1446 omnibns,
615 1367 796 1434 cavendum
827 1378 877 1434 est
903 1389 945 1434 ne
973 1368 1076 1451 impia
1125 1389 1221 1450 saepe
1243 1367 1388 1433 consulto
1409 1366 1462 1433 ius
1484 1377 1620 1432 naturae
1641 1377 1799 1432 mutaret:
1833 1379 1869 1431 ut
1890 1369 2030 1434 sciemus
2059 1370 2094 1434 in

119 1453 227 1519 oblivio
248 1451 333 1520 hane
351 1451 490 1537 gratiam
508 1452 660 1536 sepeliat:
683 1453 749 1519 imo
771 1475 834 1536 que
852 1474 940 1519 nune
957 1453 1075 1518 elarius
1126 1473 1217 1518 mero
1239 1454 1309 1519 eius
1327 1452 1463 1520 arbitrio
1481 1473 1552 1518 esse
1572 1453 1711 1534 pesitum
1731 1452 1815 1535 quod
1833 1453 1936 1536 gratis
1958 1456 2095 1522 confert.

120 1539 203 1604 nobis
223 1538 371 1603 exhibita
395 1545 444 1604 est
472 1558 568 1622 quem
590 1539 667 1604 olim
690 1540 811 1604 sanctis
833 1539 1002 1623 sublege,
1033 1561 1074 1604 ex
1127 1537 1165 1604 si
1198 1539 1328 1622 cuique·
1347 1537 1541 1623 rependerat
1573 1538 1665 1603 Deus
1704 1538 1788 1621 qued
1822 1535 1966 1604 debitum
1997 1548 2092 1618 esset,

119 1646 174 1707 quo
193 1623 298 1709 palam
322 1623 441 1690 clamat
462 1623 630 1703 Christus,
661 1624 722 1691 sibi
743 1625 779 1690 in
801 1623 980 1690 custodiam
1003 1646 1074 1690 esse
1125 1635 1234 1707 posset
1256 1624 1372 1688 meritc
1395 1625 1467 1689 eius
1489 1623 1604 1707 gratiis
1621 1633 1710 1688 certa
1732 1622 1844 1707 regula
1863 1625 2013 1709 praefigi:
2036 1625 2093 1692 sed

119 1709 200 1774 datos
226 1708 355 1788 fideles,
384 1710 519 1792 nequis
541 1718 786 1793 eorumpereat
809 1707 911 1795 (Ioan.
936 1709 988 1793 17,
1011 1709 1074 1796 12),
1125 1730 1224 1792 quum
1239 1709 1360 1774 nemini
1371 1706 1546 1792 quidquam
1560 1707 1683 1787 debeat,
1695 1708 1766 1772 iure
1777 1729 1835 1774 suo
1847 1708 1881 1774 in
1892 1710 2096 1778 conferendis

118 1795 238 1880 euplus
261 1795 373 1880 vigere
400 1793 496 1860 debet
525 1795 559 1859 in
588 1794 739 1861 cordibus
767 1796 906 1874 nostris,
939 1804 1009 1860 tum
1036 1808 1074 1860 ut
1125 1794 1219 1860 donis
1241 1794 1402 1876 liberast.
1445 1793 1644 1860 Praesertim
1667 1813 1744 1857 vcro
1772 1815 1814 1858 ns
1842 1795 1915 1878 quis
1937 1798 1970 1861 in
1995 1818 2093 1863 cerne

117 1880 286 1946 celebretur
310 1881 481 1965 magnifice
499 1901 518 1946 c
536 1881 628 1946 nobie
649 1902 714 1964 qna
731 1901 791 1964 par
808 1888 858 1946 est
874 1878 980 1960 laude,
1003 1889 1072 1945 tum
1124 1879 1298 1965 glorietur,
1340 1900 1410 1958 eos,
1451 1879 1567 1963 quibus
1605 1877 1695 1944 nulla
1727 1881 1930 1961 competebat
1961 1903 2019 1964 pro
2044 1883 2092 1948 ria

117 1975 149 2030 ut
184 1965 223 2032 ad
261 1965 484 2050 quaerendum
524 1965 604 2031 illud
641 1966 768 2050 optimi¹
795 1965 898 2032 nostri
931 1964 1074 2032 custodie
1125 1965 1276 2048 dignitas,
1295 1963 1428 2048 eligens,
1445 1965 1622 2050 gratuitam
1635 1984 1726 2030 suern
1745 1965 1998 2032 misericordiam
2017 1903 2094 2034 data

116 2051 304 2134 praesidium
317 2052 439 2118 incitet.
472 2049 576 2134 quue
594 2051 688 2117 nobis
709 2051 784 2136 plus
807 2071 905 2134 quam
929 2072 1072 2118 neeessa-
1125 2072 1224 2135 opera
1255 2050 1408 2116 illustrat.
1463 2049 1552 2131 Quid
1590 2069 1707 2116 causae
1740 2071 1810 2116 esse
1833 2051 1995 2118 dicemus
2033 2075 2096 2120 eur

116 2137 191 2201 riom
224 2145 288 2204 est:
331 2157 406 2202 nam
439 2138 468 2203 si
501 2144 694 2221 reputemus
727 2144 806 2221 quot
842 2157 900 2202 nos
932 2135 1076 2221 pericula
1125 2136 1284 2220 Ephraim
1307 2155 1407 2218 supra
1427 2155 1622 2220 gomanum
1640 2141 1785 2214 tratrem,
1807 2138 1860 2200 eui
1883 2138 2002 2204 usitata
2019 2139 2092 2224 lege

116 2222 328 2302 circumstent,
350 2222 477 2287 nullum
500 2221 567 2287 fere
590 2221 674 2289 diem
699 2221 923 2305 praeterimus,
947 2223 1075 2288 nisiex
1124 2243 1275 2287 cessurus
1298 2230 1377 2300 arat,
1400 2220 1577 2285 extulerit?
1613 2219 1650 2286 Si
1674 2222 1745 2304 quis
1767 2221 1907 2305 excipiat
1928 2224 2092 2290 occultum

114 2307 196 2372 mille
223 2307 383 2374 mortibus
410 2308 528 2391 erepti:
562 2306 648 2374 unde
675 2309 724 2387 id,
758 2309 820 2373 nisi
849 2307 934 2390 quod
962 2328 1074 2373 curam
1123 2305 1226 2372 fuisse
1243 2305 1371 2389 aliquod
1390 2307 1602 2372 excellentiae
1620 2327 1741 2385 semen,
1759 2327 1824 2370 non
1844 2306 1937 2374 medo
1954 2308 2098 2376 futiliter

115 2393 208 2458 nostri
240 2395 329 2480 gerit
357 2393 443 2460 lilius
472 2392 552 2472 Dei,
586 2393 642 2476 qui
673 2415 714 2458 er
746 2394 849 2478 patris
880 2414 982 2459 manu
1014 2413 1075 2459 nos
1125 2403 1284 2476 nugatur,
1312 2389 1369 2458 sed
1391 2393 1489 2474 impie
1511 2390 1671 2476 pervertit
1692 2389 1755 2456 Dei
1785 2392 1966 2460 eonsilium.
2010 2394 2099 2462 Nem

115 2479 243 2544 tuendos
265 2477 430 2562 suscepit?
1124 2497 1224 2561 quum
1247 2497 1266 2542 a
1288 2496 1323 2542 se
1345 2477 1416 2560 ipso
1449 2484 1482 2542 et
1514 2497 1575 2543 sua
1612 2477 1806 2542 liberalitate
1839 2499 1970 2544 eausam
2003 2479 2096 2550 Deus

193 2565 240 2630 16.
273 2563 321 2630 Et
337 2569 461 2631 uocetur
481 2564 517 2630 ia
537 2563 583 2629 ee
603 2583 711 2630 ιοιιιι
732 2582 842 2629 meum.
882 2563 975 2630 Hace
998 2571 1075 2630 nota
1125 2562 1310 2646 sumpserit,
1331 2581 1389 2627 our
1411 2583 1452 2629 ex
1475 2561 1601 2629 duobus
1624 2563 1762 2628 alterum
1782 2563 1875 2628 alteri
1898 2565 2092 2647 praeferret:

114 2658 159 2714 est
178 2649 371 2732 adoptionis,
392 2651 483 2715 cuius
504 2668 610 2731 nuper
631 2651 715 2714 faeta
736 2656 787 2714 eet
807 2649 944 2727 mentio,
975 2670 1072 2715 suum
1124 2649 1242 2714 minori
1266 2648 1421 2712 bonorem
1444 2645 1515 2714 iden
1533 2646 1659 2728 detulit,
1681 2657 1720 2713 ut
1738 2647 1924 2715 ostenderet
1941 2671 1976 2716 se
1994 2653 2098 2720 nullis

114 2736 275 2802 culmillis
299 2755 418 2800 nomen
439 2735 587 2818 imponit,
610 2742 648 2800 ut
668 2733 774 2802 locum
795 2733 966 2800 obtineant
985 2735 1072 2800 inter
1125 2735 1296 2800 hominum
1323 2733 1449 2799 meritis
1476 2731 1683 2814 obstrictum,
1713 2734 1830 2814 libere,
1861 2745 1956 2818 prout
1985 2738 2093 2805 visum

112 2821 317 2904 patriarchas.
367 2820 482 2904 Neque
516 2820 603 2886 enim
632 2819 721 2886 aliud
751 2819 812 2886 sibi
840 2820 914 2886 vult
942 2819 1071 2904 phrasis
1124 2829 1187 2900 est,
1214 2818 1301 2884 dena
1322 2840 1381 2885 sua
1403 2817 1604 2886 distribuere.
1650 2817 1844 2903 Quanquam
1872 2831 1982 2887 autem
2011 2824 2095 2892 haee

110 2905 254 2974 hebraica
288 2925 385 2990 quam
419 2905 542 2974 conseri
575 2905 636 2971 sub
670 2906 810 2970 nomine.
865 2903 922 2972 Sic
951 2905 1072 2973 dicitur
1124 2907 1188 2974 Dei
1208 2905 1342 2971 libertas
1363 2903 1404 2968 ad
1426 2924 1523 2970 omne
1540 2905 1697 2972 bonorum
1716 2926 1821 2990 genus
1838 2907 2034 2990 extenditur,
2055 2909 2093 2976 in

110 2991 249 3059 invocari
282 3012 400 3058 nomen
436 2990 543 3057 mariti
573 3011 670 3075 super
693 3011 843 3070 uxorem,
872 2991 977 3058 Isaiae
997 2992 1070 3070 4,1
1124 2993 1230 3077 prima
1251 3001 1361 3056 tamen
1383 2989 1555 3075 adoptione
1576 2991 1695 3057 clarius
1718 2992 1854 3069 eminet,
1878 2990 1933 3060 ubi
1955 3015 1996 3061 ex
2018 3016 2091 3079 per·

130 3078 180 3143 uia
212 3097 297 3144 uror
319 3098 339 3143 a
360 3077 480 3160 eapite,
507 3076 559 3144 oui
584 3077 712 3155 subest,
743 3096 862 3142 nomen
889 3085 1070 3144 mutuatur.
1125 3079 1193 3144 dita
1214 3076 1354 3144 colluvie
1376 3095 1455 3159 ques
1478 3077 1584 3142 visum
1605 3086 1667 3157 est,
1694 3075 1890 3144 insolutam
1912 3078 2093 3161 praedesti·

110 3097 178 3244 buc
206 3164 314 3248 magis
342 3162 478 3229 ridicula
506 3170 558 3229 est
585 3162 787 3246 papistarum
815 3162 959 3242 inscitia,
993 3162 1071 3228 dum
1124 3171 1191 3230 nat.
1246 3161 1357 3242 Quare
1396 3183 1455 3245 per
1491 3181 1550 3228 nos
1588 3163 1717 3262 integra
1757 3172 1887 3229 maneat
1920 3165 1990 3230 Deo
2029 3187 2091 3232 sua

109 3247 181 3313 hinc
201 3250 341 3332 probant
361 3256 507 3314 mortuos
528 3249 564 3314 in
593 3248 742 3332 precibus
771 3268 842 3314 esse
862 3248 1071 3316 invocandos.
1124 3258 1275 3333 potestas,
1294 3253 1327 3314 et
1344 3246 1372 3312 si
1390 3246 1520 3330 quando
1530 3247 1686 3332 obstrepit
1699 3267 1813 3315 sensus
1831 3250 1939 3316 earnis
1950 3259 2092 3333 nostrae,

108 3331 208 3415 Iacob,
230 3335 400 3418 inquiunt,
422 3341 654 3418 postmortem
675 3354 767 3400 suam
789 3333 936 3400 invocari
957 3333 1073 3400 vulta
1122 3336 1263 3402 sciamus
1296 3331 1405 3399 nullos
1437 3332 1491 3398 hie
1521 3333 1637 3400 melius
1670 3353 1799 3416 sapere,
1834 3355 1932 3418 quam
1965 3337 2022 3420 qui
2053 3339 2088 3402 in

108 3421 249 3502 posteris.
296 3417 407 3501 Quid?
441 3441 484 3485 an
513 3428 551 3485 ut
578 3427 710 3519 rogatus
733 3427 917 3498 succurret,
946 3441 984 3486 ae
1006 3441 1070 3486 non
1112 3417 1397 3502 mirabilibusDei
1414 3417 1542 3484 iudiciis
1560 3419 1756 3497 caecutiunt,
1774 3427 1811 3484 ut
1828 3439 1957 3487 eausam
1977 3421 2088 3488 disem-

108 3504 209 3586 potius
247 3512 287 3571 ut
325 3504 469 3571 eiusdem
503 3506 645 3572 nominis
679 3506 815 3572 societas
846 3505 1006 3588 Ephraim
1039 3513 1072 3571 at
1121 3506 1220 3572 minis
1242 3525 1308 3569 non
1330 3503 1406 3569 alibi
1436 3513 1597 3587 quaerant
1624 3525 1720 3588 quam
1749 3505 1783 3570 in
1813 3505 1891 3588 ipse.
1935 3505 2089 3573 Vidimus

108 3589 258 3658 Manasse
279 3590 473 3674 patriarchis
496 3601 679 3669 accenseat,
710 3598 749 3655 ut
770 3590 851 3656 duas
873 3591 979 3660 tribus
1000 3590 1070 3656 efli-
1121 3611 1222 3675 supra
1243 3589 1375 3656 obtusos
1405 3599 1437 3652 et
1462 3589 1594 3656 hebetes
1626 3589 1726 3656 fnisse
1755 3591 1865 3656 oculos
1887 3591 1997 3657 Iacob:
2031 3591 2089 3658 scd

108 3675 189 3742 cient
216 3678 252 3743 in
285 3696 378 3743 sacro
407 3675 548 3760 popule?
594 3676 697 3742 Porro
726 3677 846 3741 mirum
875 3685 941 3754 est,
971 3697 1070 3760 quum
1120 3685 1329 3762 praepostera
1351 3674 1484 3741 brachia
1504 3675 1702 3758 complicans
1724 3682 1761 3740 ut
1779 3697 1814 3740 se
1837 3677 1953 3742 formet
1973 3677 2014 3742 ad
2027 3677 2089 3744 Dei

107 3759 164 3828 hoe
185 3769 358 3846 praetextu
376 3762 565 3827 innumeros
586 3761 647 3828 sibi
666 3772 819 3844 patronos
835 3759 982 3827 fabricati
1004 3761 1071 3826 sint
1121 3763 1321 3838 electionem,
1344 3760 1449 3845 magis
1471 3768 1520 3826 est
1541 3763 1711 3846 perspicax
1733 3781 1830 3845 quam
1852 3761 1940 3826 filins
1958 3762 2089 3846 Ioseph,

91 3848 258 3930 ‘papistae
282 3848 452 3913 Abraham
474 3856 600 3926 ιιιιιιι,
622 3847 715 3912 Isaac
738 3857 771 3910 et
793 3847 888 3914 Iacob
911 3855 1068 3930 tanquam
1121 3849 1177 3932 qni
1199 3869 1259 3931 pre
1281 3847 1390 3912 earnis
1411 3866 1510 3912 sensu
1533 3847 1631 3911 nimis
1653 3854 1746 3912 acute
1767 3846 1913 3930 inquirit.
1958 3847 2025 3929 Qui
2046 3870 2089 3916 ex

106 3931 256 4018 indignos
278 3932 379 3998 fuisse
400 3933 602 4016 praeteritos.
636 3931 701 3998 Sed
715 3931 877 3996 Dominus
894 3930 956 4000 hoe
973 3932 1070 3998 bruto
1120 3953 1256 4018 operum
1276 3933 1400 3996 intuitu
1419 3929 1574 3998 iudicium
1597 3932 1717 3998 factum
1740 3952 1809 3998 esse
1832 3930 1986 4012 delirant,
2009 3935 2089 4001 satis

107 4024 233 4101 stupere
266 4018 400 4100 impiam
433 4018 573 4083 nominis
606 4018 657 4084 sui
688 4018 947 4101 profanationem
980 4018 1069 4084 ultus
1121 4019 1183 4087 boo
1212 4039 1276 4084 uno
1304 4017 1472 4084 declarant
1502 4038 1536 4084 se
1568 4018 1673 4100 prima
1700 4016 1775 4083 fidei
1803 4016 1990 4084 rudimenta
2018 4040 2085 4086 non

106 4111 161 4168 est.
204 4102 258 4170 Ad
282 4103 531 4186 promissionem
552 4123 677 4187 queque
704 4104 845 4170 refertur
872 4103 957 4186 qued
980 4103 1070 4169 addit
1121 4115 1240 4171 tenere.
1301 4103 1387 4168 Nam
1428 4102 1480 4169 vel
1517 4102 1699 4169 eommunis
1740 4102 1906 4186 utriusque
1948 4105 2086 4188 adoptio,

105 4187 198 4256 Iacob
219 4188 373 4274 proximo
390 4187 546 4267 membre,
568 4193 603 4254 ut
618 4193 755 4255 ινιιιιιι
772 4191 808 4255 io
824 4189 1067 4256 multitudinem:
1119 4191 1275 4256 Marassa
1294 4189 1416 4256 seilicet
1439 4209 1475 4255 ae
1486 4188 1655 4272 Ephraim,
1677 4188 1857 4272 gratuitum
1876 4189 1938 4255 fuit
1955 4188 2088 4272 donum,

106 4271 241 4342 Summa
251 4274 316 4341 hue
333 4273 425 4352 redit,
444 4284 480 4338 ut
492 4275 653 4341 Dominus
663 4274 698 4340 in
708 4275 787 4358 ipsis
804 4274 965 4359 compleat
983 4276 1069 4357 qued
1119 4277 1172 4343 rel
1194 4275 1303 4342 debita
1324 4295 1456 4340 meroes.
1497 4275 1548 4340 De
1570 4273 1631 4341 hoc
1653 4276 1793 4340 secundo
1811 4275 1960 4341 membro
1979 4278 2088 4344 omnis

104 4359 297 4442 patriarchis
318 4359 481 4443 pollicitus
504 4373 561 4426 est.
1119 4361 1314 4445 ambiguitas
1336 4358 1460 4424 tollitur
1482 4358 1594 4425 multis
1616 4359 1793 4442 scripturae
1815 4359 1908 4426 locis:
1939 4362 1996 4426 ubi
2017 4361 2086 4428 De-

188 4447 237 4511 17.
272 4443 316 4510 Er
346 4446 426 4512 vieto
457 4444 570 4527 Ioseph
602 4443 691 4527 quod.
747 4443 836 4526 Quia
867 4445 1068 4529 complicatis
1118 4447 1228 4513 minus
1246 4467 1338 4511 suam
1357 4444 1532 4511 bonitatem
1551 4443 1705 4512 celebrat:
1725 4447 1801 4528 quia
1818 4446 1973 4529 populum
1991 4447 2086 4513 illum

104 4539 326 4598 transversum
349 4530 489 4597 brachiis
510 4551 626 4596 manus
654 4531 701 4595 ita
729 4539 953 4615 composuerat
971 4530 1067 4598 Iacob
1118 4533 1219 4618 gratis
1241 4530 1358 4596 dilexit
1379 4539 1417 4596 ut
1438 4530 1581 4615 eligeret.
1626 4531 1697 4597 Iam
1718 4552 1813 4596 neme
1834 4541 1902 4596 tam
1924 4532 2014 4598 rudis
2036 4545 2086 4599 est

105 4623 139 4680 ut
170 4618 336 4684 sinistram
369 4616 577 4700 primogeniti
610 4615 708 4698 eapiti
741 4615 939 4699 imponeret,
980 4616 1068 4682 huno
1118 4616 1377 4702 alphabetarius,
1410 4616 1467 4698 qui
1495 4636 1559 4681 non
1594 4616 1672 4682 inde
1704 4617 1851 4700 colligat,
1885 4638 1926 4682 ex
1960 4616 2087 4685 duobus

103 4702 249 4768 ordinem
273 4701 364 4785 quasi
384 4709 630 4785 praeposterum
648 4701 810 4786 corrigere
823 4700 1066 4785 voluitlosepb.
1118 4703 1213 4770 alteri
1234 4703 1372 4785 priorem
1395 4702 1534 4785 gradum
1556 4722 1621 4767 non
1643 4724 1702 4784 pro
1724 4703 1848 4768 meritis
1879 4703 1992 4770 tribui:
2027 4704 2084 4772 sed

103 4787 245 4854 Putabat
267 4795 377 4852 autern
400 4786 594 4853 hebetudine
617 4787 709 4853 visus
731 4787 837 4870 ipsum
857 4808 981 4866 errare,
1011 4788 1067 4854 sed
1109 4789 1221 4875 gratis
1243 4787 1322 4867 dari,
1345 4786 1495 4871 queniam
1518 4788 1564 4852 ita
1584 4787 1726 4853 Domino
1747 4788 1879 4870 placuit.
1924 4787 2021 4870 Quod
2043 4790 2085 4856 ad

105 4893 258 4940 areanum
281 4881 439 4959 sequutus
461 4879 532 4938 eret
553 4872 666 4938 ducem
687 4872 837 4955 spiritum
857 4874 936 4938 Dei:
958 4883 994 4939 ut
1016 4875 1068 4939 ius
1118 4883 1246 4960 gestum
1276 4882 1418 4956 spectat,
1457 4871 1592 4938 ridicula
1625 4881 1676 4938 est
1708 4872 1911 4956 quorundam
1944 4876 2084 4959 argutia,

104 4957 252 5038 honoris,
286 4957 372 5042 quod
406 4967 524 5024 natura
551 4958 767 5042 primogenite
800 4959 998 5039 contulerat,
1032 4959 1066 5024 in
1117 4961 1172 5043 qui
1185 4959 1339 5024 divinant
1349 4957 1509 5024 inclusum
1528 4959 1562 5024 in
1580 4979 1618 5022 ee
1635 4959 1735 5024 fuisse
1752 4960 1857 5025 erucis
1879 4961 2083 5045 mysterium.

102 5045 258 5110 minorem
282 5043 482 5110 transferret.
527 5041 612 5110 Nam
642 5043 735 5111 sicuti
766 5053 887 5108 temere
917 5044 1066 5110 sibinen
1117 5046 1231 5128 Neque
1260 5044 1347 5110 euim
1376 5043 1440 5108 alio
1472 5045 1614 5127 respexit
1638 5043 1820 5123 Dominus,
1850 5045 1912 5109 nisi
1942 5055 1978 5110 ut
2006 5065 2083 5112 eon·

104 5131 240 5213 sumpsit
267 5128 478 5197 benedicendi
507 5139 628 5213 partes:
664 5130 710 5194 ita
737 5129 819 5194 nihil
848 5124 898 5195 illi
926 5131 975 5196 fas
1004 5130 1067 5195 fuit
1116 5131 1225 5197 versio
1248 5129 1381 5195 dextras
1399 5137 1432 5194 st
1453 5129 1605 5196 sinistrae
1627 5151 1744 5196 manus
1767 5132 1924 5195 usitatum
1947 5140 2084 5198 naturae

102 5215 231 5300 proprio
253 5214 387 5281 arbitrio
409 5225 545 5282 tentare.
591 5217 636 5282 Et
658 5213 790 5280 tandem
819 5225 940 5281 eventu
962 5217 1067 5300 patuit
1116 5217 1264 5288 ordinem
1286 5223 1436 5281 mutaret.

105 5299 258 5367 dictatum
280 5299 330 5366 illi
352 5321 370 5368 e
391 5301 480 5369 coslo
500 5301 600 5368 fuisse
622 5299 777 5385 quidquid
794 5302 939 5386 protulit.
969 5301 1094 5383 Quod!
1204 5303 1254 5370 19.
1288 5302 1398 5368 Etiam
1418 5301 1485 5384 ipse
1511 5301 1570 5367 erit
1591 5302 1624 5367 ia
1642 5302 1784 5386 populos.
1830 5299 1905 5367 Non
1938 5300 2084 5387 disputat
