4988 6192
111 427 167 494 449
748 427 1120 501 COMMENTARIUS
1143 427 1194 496 IN
1216 427 1431 496 GENESIN.
2024 429 2091 496 450

108 615 211 697 Neque
243 611 331 678 enim
367 614 490 680 sanetis
517 615 664 699 pat-ribus
691 621 758 681 tam
795 636 879 699 pura
904 617 993 682 omni
1022 637 1063 684 ex
1115 616 1205 684 nitus
1225 622 1350 684 tautum
1372 616 1474 684 fuisse
1493 616 1564 686 eius
1586 616 1751 697 animum,
1774 623 1811 682 ut
1831 612 2015 683 fraternum
2037 618 2088 686 af·

107 709 189 785 parte
209 699 351 764 eonstitit
372 698 468 780 fides,
491 700 570 784 quin
599 700 663 768 huo
685 701 737 767 vel
757 700 836 768 illue
858 700 1062 769 deflexerint.
1113 702 1236 769 feotum
1263 701 1423 770 indueret.
1481 701 1567 768 Nam
1595 703 1630 766 in
1663 701 1811 785 reprobis
1843 722 1970 786 quoque
1997 704 2087 789 viget

108 786 268 854 Caeterum
285 785 470 869 praevaluit
487 806 616 870 semper
634 786 780 870 spiritus,
798 808 840 854 ne
857 808 912 854 eos
929 808 949 854 a
966 809 1063 872 soopo
1112 797 1249 854 naturae
1268 787 1347 855 ordo
1370 810 1389 854 a
1411 786 1483 854 Deo
1505 787 1663 868 sanoitus,
1685 808 1753 853 non
1775 788 1936 870 aequabili
1957 789 2087 872 quidem

107 870 267 938 abduoeret
288 870 396 937 earnis
417 871 601 951 infirmitas,
624 871 680 939 sed
702 893 834 940 aureum
857 894 953 940 suum
976 884 1064 940 tene-
1113 882 1235 954 tenore,
1258 874 1315 940 sed
1338 882 1499 958 quatenus
1514 873 1618 939 vineti
1636 881 1799 952 tenentur,
1821 893 1864 938 ne
1886 875 1998 940 omnia
2014 897 2088 943 oae-

105 962 180 1022 rent.
228 955 302 1036 Quo
328 957 434 1042 magis
458 959 594 1041 quisque
622 965 771 1024 nostrum
801 967 973 1042 suspectus
1002 958 1063 1026 eibi
1113 959 1208 1025 dibus
1230 960 1404 1026 miaeeant:
1426 957 1524 1042 idque
1545 959 1586 1026 ad
1608 959 1739 1044 generis
1757 959 1894 1026 humaui
1914 980 2089 1028 eonserva·

106 1062 168 1110 esse
187 1039 296 1120 debet,
325 1063 367 1108 ne
393 1041 468 1109 ideo
495 1065 615 1127 purum
636 1065 672 1110 se
693 1045 784 1109 omni
807 1065 850 1109 ex
872 1052 964 1130 parte
991 1067 1062 1112 esee
1112 1045 1236 1112 tionem
1257 1044 1356 1110 valde
1374 1045 1594 1112 neeessariam
1616 1051 1675 1112 est.
1699 1043 1802 1110 Pauei
1819 1046 1908 1111 enim
1926 1055 2087 1132 reguntur

104 1135 195 1212 putet,
212 1128 288 1210 quia
310 1129 346 1192 in
363 1128 473 1196 animo
491 1127 590 1195 habet
607 1139 695 1197 reete
713 1149 827 1214 agere:
849 1152 927 1196 nam
949 1139 1062 1198 saneto
1113 1131 1295 1215 adoptionis
1328 1131 1445 1215 spiritu
1478 1141 1515 1197 ut
1547 1139 1695 1198 mutuam
1731 1130 1818 1196 inter
1847 1153 1882 1198 se
1918 1133 2088 1199 oaritatem

11 1291 12 1296 ἵ
103 1213 256 1297 proposito
287 1213 426 1280 subinde
455 1235 530 1280 earo
562 1236 598 1280 ae
630 1214 801 1296 admisoet,
838 1217 916 1283 obre
940 1225 1062 1300 uutque
1112 1224 1270 1300 tanquam
1298 1217 1417 1284 iratres
1447 1217 1572 1284 sineere
1600 1217 1717 1283 oolant.
1769 1215 1866 1297 Quod
1893 1217 1999 1302 igitur
2026 1218 2089 1285 sihi

102 1298 195 1364 multa
220 1298 321 1379 vitia,
350 1305 384 1365 et
407 1301 620 1384 oorruptelae.
665 1302 757 1368 Deus
782 1309 891 1368 autem
918 1239 1062 1388 lenigne
1112 1303 1256 1368 'vicissim
1280 1315 1434 1387 pareunt,
1464 1324 1524 1369 nee
1546 1303 1666 1370 furiose
1688 1310 1791 1367 ruunt
1812 1302 1868 1367 alii
1890 1303 1926 1368 in
1947 1303 2088 1372 aliorum

102 1385 258 1450 nobiseum
281 1385 358 1469 agit,
380 1393 415 1450 ut
437 1385 596 1452 eiusmodi
613 1386 697 1452 vitia
718 1407 787 1452 non
808 1389 956 1471 imputet.
1111 1390 1304 1472 pernieiem,
1336 1411 1403 1456 non
1435 1387 1566 1454 aliunde
1596 1386 1714 1455 aooidit
1742 1407 1841 1471 quam
1876 1409 1996 1456 areana
2023 1391 2089 1460 Dei

176 1470 205 1535 3.
228 1469 274 1536 Et
293 1471 471 1538 nomana
491 1493 524 1538 ee
545 1493 642 1555 super
661 1478 778 1539 mnam
799 1479 911 1557 amum
932 1474 1060 1540 uicibus
1111 1474 1325 1557 providentia,
1348 1495 1431 1558 quae
1453 1473 1495 1540 ad
1517 1473 1675 1540 tuendum
1701 1472 1884 1540 humanum
1909 1496 2014 1559 genus
2035 1477 2088 1544 in·

100 1554 135 1620 Id
161 1554 290 1639 quidem
324 1559 430 1638 potuit
462 1557 569 1624 faeere
602 1557 734 1624 bonoria
767 1579 874 1626 eausa.
929 1559 1060 1627 Seimus
1111 1560 1237 1644 vigilat.
1269 1563 1372 1644 Atqui
1391 1562 1462 1627 Deo
1484 1560 1589 1642 magis
1610 1560 1754 1643 pretiosa
1771 1569 1821 1626 est
1842 1557 1989 1627 fidelium
2012 1582 2089 1630 euo-

100 1641 178 1705 enim
199 1641 375 1708 orientales
400 1643 538 1727 populos
559 1644 657 1728 longe
678 1644 827 1728 pluribus
849 1645 1060 1719 eaeremoniis
1110 1667 1184 1712 rum
1207 1647 1285 1725 vita,
1306 1647 1402 1714 sieuti
1426 1646 1580 1731 peouliari
1602 1667 1658 1711 eos
1677 1666 1757 1712 eura
1779 1642 1944 1730 dignatur.
1973 1646 2087 1728 Quare

98 1725 215 1792 deditos
248 1728 348 1794 fuisse
376 1748 474 1811 quam
500 1750 583 1812 quae
614 1729 702 1813 apud
728 1751 789 1796 nos
817 1733 958 1798 suntin
988 1753 1058 1797 usu.
1110 1731 1195 1798 nihil
1224 1735 1344 1798 mirum
1374 1733 1463 1798 siin
1492 1731 1632 1817 gratiam
1661 1731 1749 1798 servi
1778 1731 1831 1797 sui
1851 1730 1951 1799 Iaoob
1975 1743 2087 1802 truou·

97 1811 175 1876 Mihi
197 1819 310 1878 tamen
345 1815 451 1898 magis
479 1814 644 1898 probabile
678 1824 745 1896 est,
776 1837 841 1882 non
868 1816 1060 1901 simplieiter
1110 1817 1236 1883 lentum
1265 1819 1414 1884 animum
1444 1819 1534 1884 Esau
1569 1816 1610 1883 ad
1637 1815 1924 1884 mansuetudinem
1955 1839 2087 1905 eompo·

95 1896 272 1964 exhibitum
300 1899 400 1967 fuisse
434 1901 528 1968 fratri
556 1901 645 1967 huno
671 1902 845 1968 honorem:
876 1903 933 1968 sed
961 1903 1060 1970 Iaoob
1110 1903 1223 1971 suerit.

94 1980 196 2048 Deum
214 1984 377 2063 adorasse,
395 1987 517 2068 partim
535 1996 571 2052 ιιι
588 1987 712 2072 gratias
734 1997 861 2073 ageret:
885 1989 1003 2072 partim
1022 1997 1060 2054 ut
1197 1989 1227 2056 5.
1257 1987 1301 2055 nt
1321 1989 1435 2056 leuauit
1456 1989 1568 2058 malea.
1612 1988 1736 2054 Narrat
1753 1988 1863 2054 Mosae
1886 1987 2084 2072 eolloquium

92 2066 218 2134 baberet
237 2071 371 2136 fratrem
389 2072 582 2156 propitium:
602 2071 722 2140 dieitur
740 2074 829 2138 enim
846 2074 967 2159 septies
981 2073 1059 2140 ado·
1108 2077 1197 2142 inter
1218 2076 1336 2142 fratrea
1357 2075 1515 2141 habitum.
1568 2074 1675 2142 Sicuti
1704 2084 1813 2141 autem
1842 2073 2022 2160 laohrymie
2051 2084 2085 2145 et

91 2172 174 2220 rasso
200 2156 395 2240 priusquam
426 2156 603 2224 aoeederet.
657 2159 747 2243 Ergo
782 2160 972 2244 priusquam
1001 2181 1058 2227 ve-
1110 2161 1265 2245 amplexu
1287 2169 1425 2228 testatus
1453 2162 1561 2228 fuerat
1585 2162 1676 2228 Ilaau
1704 2160 1887 2226 fraternum
1915 2161 2084 2227 affectum:

90 2239 172 2304 niret
191 2241 227 2306 in
246 2241 357 2308 fratris
374 2251 593 2327 eonspeotum,
610 2244 677 2310 iam
694 2245 838 2328 primum
855 2247 1059 2314 reverentiae
1108 2249 1158 2313 ita
1179 2248 1315 2314 minium
1337 2245 1473 2314 dubium
1503 2255 1554 2314 est
1577 2247 1658 2330 quin
1684 2244 1725 2312 de
1755 2246 1868 2312 liberis
1896 2246 2085 2332 gratulandi

89 2324 140 2389 vel
166 2328 279 2394 uultus
307 2329 439 2412 signnm
467 2328 610 2395 dederat.
668 2328 765 2397 Unde
794 2331 953 2398 eoniieere
982 2331 1059 2398 beet
1109 2335 1221 2400 animo
1252 2335 1287 2400 in
1309 2334 1405 2400 uirat.
1469 2333 1651 2416 Responsio
1686 2332 1783 2400 Iaoob
1824 2343 1890 2396 tam
1929 2333 2085 2416 pietatem

88 2411 168 2492 qnod
197 2411 286 2493 dixi,
318 2434 386 2479 non
415 2414 559 2496 homini,
587 2415 645 2482 sed
665 2415 739 2482 Deo
768 2417 929 2483 tributum
957 2418 1059 2485 fuisse
1109 2441 1207 2502 quam
1230 2355 1423 2486 modestiam
1453 2420 1570 2502 spirat:
1601 2439 1679 2484 nam
1707 2439 1807 2501 quum
1830 2418 2006 2502 respondet
2027 2417 2084 2486 da·

87 2493 171 2564 huno
193 2498 372 2564 honorem:
400 2520 507 2584 neque
530 2509 639 2567 tamen
665 2501 728 2569 hoo
749 2502 856 2568 obstat
877 2503 958 2586 quin
980 2525 1058 2587 sup·
1109 2514 1178 2570 tum
1200 2505 1262 2572 sibi
1284 2525 1355 2572 esse
1381 2527 1401 2572 a
1423 2506 1493 2572 Deo
1520 2514 1587 2570 tam
1609 2504 1773 2588 eopiosam
1795 2503 1955 2585 sobolem,
1977 2525 2084 2590 agno·

86 2580 159 2664 plex
182 2584 224 2650 ad
251 2585 387 2651 fratrem
409 2587 593 2667 aooeeserit,
616 2593 653 2652 ut
674 2608 733 2653 sua
754 2587 942 2655 humilitate
964 2610 1057 2656 man·
1109 2591 1171 2658 soit
1203 2598 1236 2656 et
1267 2591 1390 2657 fatetur
1422 2613 1487 2657 non
1521 2591 1569 2658 ita
1599 2590 1719 2656 liberos
1752 2590 1948 2655 naturaliter
1981 2591 2083 2676 gigni,

86 2669 265 2736 suefaoeret
285 2671 355 2737 eius
375 2671 539 2739 ferociam.
573 2671 612 2740 Si
634 2674 706 2757 quis
727 2672 857 2741 obiieiat
877 2675 939 2742 hoo
961 2673 1057 2741 modo
1108 2678 1187 2760 quin
1210 2698 1339 2760 semper
1361 2698 1478 2744 verum
1500 2676 1543 2744 sit
1568 2675 1660 2754 illud,
1683 2675 1867 2742 mereedem
1886 2677 1940 2742 vel
1961 2697 2083 2743 munus

84 2751 133 2850 ius
153 2756 431 2842 primogeniturae
452 2758 492 2825 ab
512 2779 551 2824 eo
572 2758 674 2826 fuisse
695 2758 904 2841 diminutum,
921 2781 1055 2844 respon·
1108 2763 1174 2829 Dei
1191 2763 1333 2830 frustum
1356 2765 1491 2830 ventris.
1522 2763 1568 2830 Et
1588 2772 1677 2829 eerte
1693 2782 1794 2845 quum
1816 2761 1988 2828 brutorum
2011 2764 2082 2830 ani·

83 2859 128 2904 suo
159 2841 267 2908 faoilis
299 2851 366 2922 est,
399 2843 474 2910 fidei
508 2843 610 2911 oeulis
638 2853 789 2910 sanetum
817 2845 928 2912 virum
956 2846 1055 2913 altius
1107 2849 1244 2918 malinm
1273 2849 1474 2917 foeeunditas
1494 2847 1560 2914 Dei
1588 2850 1632 2915 sit
1659 2846 1799 2928 donum,
1828 2856 1949 2932 quanto
1977 2849 2083 2935 magis

83 2933 263 3007 speotasse,
291 2927 414 2996 solebat
446 2930 535 2995 enim
562 2929 798 2998 benedietionie
832 2931 986 3000 effaetum
1019 2933 1054 2999 in
1107 2933 1169 3003 hoo
1200 2936 1236 3001 in
1270 2935 1457 3002 hominibus
1490 2935 1597 3002 looum
1626 2932 1739 3014 babet,
1769 2934 1825 3018 qui
1854 2943 2008 3002 areentur
2040 2934 2082 3002 ad

81 3019 249 3080 maturum
271 3022 402 3099 tempus
424 3013 566 3096 differri,
588 3014 725 3100 ideoque
748 3039 835 3085 nuno
857 3038 928 3085 esse
949 3019 1055 3086 instar
1106 3021 1178 3088 eitra
1206 3021 1395 3106 imaginem.
1446 3019 1587 3088 Diseant
1615 3021 1717 3106 igitur
1744 3029 1855 3104 patrea
1878 3019 2081 3106 singularem

81 3099 215 3166 seminis
238 3098 299 3171 sub
320 3108 410 3166 terra
426 3100 611 3183 putreiaeti.
642 3102 803 3183 Quamvis
825 3102 934 3188 itaque
949 3105 1055 3189 patri·
1106 3109 1179 3174 Deo
1201 3107 1342 3191 gratiam
1364 3107 1550 3191 expendere
1570 3106 1606 3173 in
1624 3128 1686 3173 sua
1707 3107 1827 3186 sobole,
1849 3126 1886 3172 ae
1904 3108 2078 3175 eelebrare.

78 3183 187 3280 monio
210 3181 389 3269 spolietur,
415 3194 449 3252 et
469 3187 722 3272 oontemptibilis
751 3187 794 3255 ad
821 3189 933 3256 fratris
955 3190 1055 3275 pedes
1107 3193 1289 3260 Modestiae
1318 3201 1383 3271 est,
1413 3192 1501 3277 quod
1530 3215 1565 3260 se
1592 3193 1743 3258 nominat
1764 3190 1864 3259 Iaeob
1892 3193 2001 3260 fratris
2030 3195 2081 3262 sui

78 3280 196 3334 raeeat:
220 3271 299 3354 quia
319 3278 430 3338 tamen
452 3271 578 3341 salvam
596 3275 887 3359 primogenituram
905 3275 967 3343 sibi
984 3297 1054 3360 rna-
1107 3300 1248 3346 servum.
1303 3278 1369 3346 Ubi
1404 3280 1524 3346 iterum
1556 3279 1714 3345 memoria
1749 3285 1896 3361 repetere
1928 3281 2083 3347 eonvenit

81 3374 158 3420 nere
187 3357 301 3437 novit,
323 3356 384 3422 hoo
405 3357 531 3424 oooulto
553 3359 625 3426 iure
645 3369 832 3441 eontentua,
858 3363 998 3429 honores
1020 3369 1055 3428 et
1106 3364 1192 3450 quod
1215 3385 1320 3448 nuper
1341 3365 1447 3450 attigi,
1469 3374 1620 3432 sanetum
1639 3365 1745 3432 virum
1768 3364 1802 3446 in
1821 3363 2081 3450 primogenitura

79 3436 214 3538 divitias
237 3463 297 3525 pro
320 3443 425 3510 nihilo
443 3444 551 3524 habet,
574 3466 681 3530 neque
698 3446 819 3531 refugit
840 3446 877 3514 in
898 3468 1054 3532 praesen·
1105 3450 1187 3516 nihil
1211 3450 1335 3517 terreni
1364 3451 1541 3532 eommodi,
1569 3451 1621 3516 vel
1644 3449 1778 3516 honoris
1800 3458 1965 3533 eaptasse,
1993 3451 2079 3536 quod

79 3531 124 3590 tra
143 3527 277 3594 oenseri
298 3530 399 3594 tratre
419 3529 567 3596 inferior.
1104 3536 1155 3603 illi
1183 3535 1313 3603 abunde
1337 3537 1504 3604 suffioeret
1532 3558 1651 3604 aroana
1677 3536 1740 3602 Dei
1769 3536 1877 3620 gratia
1905 3557 2008 3620 usque
2035 3536 2077 3602 ad

159 3612 192 3680 4.
229 3612 276 3680 Et
296 3616 435 3682 maurit
461 3614 554 3682 Esau
579 3617 615 3683 in
641 3636 802 3684 oeeareum
827 3618 905 3684 aare.
957 3616 1054 3701 Quod
1104 3631 1235 3706 tempus
1278 3623 1561 3690 manifestationis.
1629 3625 1679 3689 Ae
1723 3642 1783 3687 noe
1833 3642 1961 3705 quoque
2006 3623 2077 3690 eius

75 3693 165 3764 Esau
188 3709 325 3782 praeter
352 3721 444 3785 spem
472 3700 649 3769 benevolus
672 3712 706 3768 et
733 3703 856 3771 amiens
884 3704 979 3772 fratri
1000 3726 1054 3772 oe·
1104 3708 1271 3793 exemplo,
1299 3709 1454 3792 quamdiu
1477 3711 1512 3775 in
1541 3718 1629 3776 terra
1655 3707 1922 3792 peregrinamur,
1952 3702 1993 3772 ab
2020 3726 2077 3774 ore

73 3785 188 3864 ourrit,
211 3786 375 3870 singulari
396 3787 460 3852 Dei
482 3789 588 3872 gratia
606 3789 727 3854 laetum
748 3798 806 3855 est.
851 3790 969 3873 Itaque
991 3791 1054 3856 hoo
1104 3794 1242 3860 Domini
1264 3794 1406 3879 pendere
1434 3795 1537 3873 deeet,
1563 3816 1606 3860 ne
1631 3793 1804 3859 molestum
1833 3793 1878 3859 sit
1900 3795 1992 3860 nobis
2013 3795 2075 3860 sub

73 3868 169 3934 modo
201 3869 357 3956 probavit
385 3872 476 3940 Deus
498 3894 533 3940 se
557 3873 726 3940 hominum
748 3875 846 3941 eorda
868 3876 989 3942 habere
1016 3877 1053 3941 in
1103 3879 1220 3946 umbra
1242 3881 1357 3946 mortis
1379 3881 1484 3946 teneri
1501 3902 1561 3946 nos
1577 3880 1735 3959 inolusos,
1753 3879 1855 3945 donee
1876 3879 1946 3945 vita
1962 3889 2077 3946 nostra

70 3973 192 4036 manu,
224 3963 262 4022 ut
291 3957 445 4024 duritiem
474 3960 601 4043 quoties
629 3960 738 4027 visum
765 3971 816 4026 aet
841 3961 985 4042 molliat,
1014 3982 1052 4030 ae
1103 3966 1342 4032 manifestetur.
1393 3967 1479 4032 Nam
1507 3966 1569 4032 etsi
1598 3967 1632 4030 in
1655 3965 1797 4049 speeiem
1819 3965 1940 4031 misera
1962 3974 2017 4031 *eet
2038 3985 2077 4031 ao

70 4043 249 4107 saevitiam
278 4043 420 4129 mitiget:
451 4044 591 4129 denique
626 4067 693 4112 non
723 4066 816 4113 secus
844 4047 968 4113 oieuret
996 4069 1052 4114 eos
1102 4052 1276 4118 maledieta
1310 4061 1423 4118 nostra
1452 4050 1610 4131 eonditio,
1643 4051 1807 4117 Dominus
1834 4059 1944 4116 tamm
1974 4051 2075 4118 verbo

71 4145 109 4189 ao
131 4124 264 4194 domari
286 4129 391 4196 solent
412 4130 500 4196 ferae
523 4131 658 4198 bestiae:
681 4129 799 4198 deinde
821 4153 857 4200 ee
878 4133 1051 4202 exaudisse
1102 4158 1162 4206 suo
1191 4159 1249 4205 nos
1279 4137 1454 4205 benedieit:
1493 4146 1591 4222 atque
1618 4135 1679 4204 hoe
1708 4156 1772 4202 uno
1802 4137 1936 4202 nomine
1964 4136 2074 4206 feliees

68 4231 186 4293 praees
210 4214 301 4280 servi
323 4217 374 4282 sui
396 4214 502 4283 Iaoob.
552 4217 665 4299 Quare
693 4217 876 4301 siquando
905 4240 966 4286 nos
988 4228 1051 4285 ter·
1101 4223 1306 4307 pronuntiat,
1328 4226 1403 4308 quia
1425 4245 1484 4289 nos
1501 4223 1600 4290 habet
1621 4243 1682 4306 pro
1704 4221 1789 4288 filiis.

68 4308 145 4362 rent
168 4299 319 4366 hostium
336 4300 454 4380 minae,
472 4302 514 4368 ad
532 4303 618 4369 hano
634 4324 761 4370 eaoram
780 4304 957 4371 anehoram
973 4327 1048 4373 oon·
1187 4311 1217 4375 6.
1247 4309 1292 4376 Et
1318 4311 1648 4394 appropinquaverunt
1675 4309 1818 4375 elautae.
1863 4307 1993 4374 Relieta
2014 4329 2074 4392 pa-

64 4381 185 4468 fugere
211 4385 384 4453 diseamus.
417 4387 517 4454 Varie
539 4388 669 4472 quidem
691 4400 848 4474 operatur
864 4390 967 4470 Deus,
989 4413 1050 4458 nee
1099 4396 1165 4460 tria
1193 4416 1312 4462 uxores
1345 4396 1443 4462 Iaoob
1475 4399 1511 4460 in
1540 4395 1751 4480 longinquam
1787 4393 1954 4477 regionem
1981 4396 2073 4477 quasi

64 4487 203 4553 semper
231 4470 380 4539 erudeles
410 4475 535 4541 animos
564 4475 606 4541 ad
634 4476 874 4542 humanitatem
901 4477 1050 4560 infleotit,
1100 4481 1233 4552 exsules
1266 4493 1432 4548 venerant.
1491 4480 1587 4548 Nune
1619 4482 1725 4564 primo
1757 4481 1923 4563 ingressu,
1958 4481 2072 4546 mortis

63 4553 124 4621 sed
147 4555 236 4622 dum
254 4556 436 4639 ebulliunt,
455 4561 491 4625 vi
512 4581 573 4626 sua
594 4561 771 4643 oompeeeit
791 4585 833 4628 ne
853 4562 931 4645 quid
953 4585 1050 4631 noee-
1100 4575 1206 4634 terror
1226 4566 1294 4636 illis
1315 4567 1483 4634 obiieitur:
1503 4575 1537 4634 et
1555 4589 1654 4650 quum
1676 4588 1712 4632 se
1729 4573 1941 4648 prosternunt
1962 4586 2072 4632 eoram

63 4651 142 4706 ant:
180 4663 301 4709 verum
334 4644 363 4710 si
393 4645 482 4711 itae
529 4645 627 4727 ediet,
657 4667 724 4712 non
753 4648 847 4714 aliter
871 4669 926 4714 eoa
954 4649 1049 4718 nobis
1100 4653 1199 4732 Esau,
1223 4654 1435 4720 nesciuntur
1461 4652 1599 4720 adorent
1619 4674 1716 4718 suum
1738 4650 1934 4717 earnifieem.
1978 4650 2071 4719 Haeo

62 4726 219 4810 plaoabit
250 4749 348 4812 qnam
377 4729 431 4798 hie
459 4732 610 4798 viamus
637 4733 799 4816 plaeatum
824 4734 914 4799 Esau
950 4734 1049 4802 fuisse
1099 4739 1237 4805 tentatio
1259 4739 1357 4805 valde
1379 4739 1443 4804 illis
1465 4741 1583 4806 acerba
1602 4739 1678 4817 fuit,
1708 4757 1745 4804 ae
1767 4735 1891 4802 duriter
1912 4737 2071 4804 erueiavit

61 4814 164 4878 fratri
190 4835 252 4880 eoo
271 4813 380 4882 Iaooh.
407 4815 500 4882 Fieri
521 4819 621 4884 etiam
643 4827 758 4902 potest,
779 4827 818 4884 ut
839 4820 976 4885 saevitia
997 4822 1048 4888 in·
1099 4826 1204 4890 saneti
1235 4825 1299 4890 viri
1327 4828 1491 4892 animum:
1522 4825 1578 4892 sed
1607 4825 1653 4890 ita
1678 4823 1822 4906 oportuit
1848 4821 1978 4906 probari
2000 4823 2070 4890 eius

62 4909 118 4966 tus
142 4901 262 4966 elausa
284 4901 506 4983 praevaluerit
529 4904 717 4987 temporalis
740 4905 955 4971 humanitatis
972 4928 1047 4973 sen·
1098 4910 1327 4990 obedientiam,
1350 4918 1386 4976 ut
1408 4911 1501 4976 nobis
1524 4909 1674 4976 omnibus
1691 4908 1841 4992 exemplo
1862 4907 1955 4974 foret.
1987 4909 2070 4976 an-

59 5006 130 5052 sus.
182 4985 339 5066 Qualiter
361 4986 510 5071 uidemus
527 4991 709 5073 Aegyptios
730 4999 897 5057 momento
919 5001 1047 5061 eoaotos
1098 5006 1207 5062 terum
1228 4996 1283 5063 hio
1305 4997 1399 5064 nobis
1421 4997 1550 5063 illustre
1572 4996 1739 5081 speoulum
1757 4995 1911 5077 proponit
1931 4995 2068 5078 spiritus

58 5072 170 5138 fuisse
196 5069 240 5136 ad
261 5073 509 5154 humanitatem,
532 5077 682 5158 quamvis
703 5076 806 5142 nihilo
828 5076 978 5144 meliores
995 5100 1045 5144 es·
1096 5091 1238 5160 sanetus,
1258 5083 1293 5147 in
1311 5104 1374 5166 quo
1391 5083 1649 5167 eontemplemur
1663 5081 1817 5148 eeclesiae
1832 5079 1971 5144 formam
1988 5101 2068 5164 qua·

57 5165 142 5224 sent
163 5156 305 5223 redditi:
329 5159 424 5226 aienti
447 5160 539 5228 testis
560 5169 610 5227 est
630 5183 713 5245 quae
730 5162 829 5247 paulo
847 5173 919 5245 post
940 5183 1044 5231 emer·
1095 5168 1137 5233 lis
1157 5167 1193 5232 in
1216 5167 1338 5234 mundo
1360 5177 1505 5252 apparet.
1557 5169 1630 5234 Etsi
1652 5169 1740 5234 enim
1763 5164 1868 5231 multa
1889 5164 1994 5230 divini
2020 5167 2068 5232 fa·

58 5245 112 5328 git
144 5242 276 5309 rabies:
308 5244 356 5310 ita
384 5244 537 5312 eredibile
572 5255 622 5314 est
650 5247 809 5314 malitiam
838 5249 928 5315 Esau
956 5272 1045 5319 nuno
1096 5253 1184 5320 voris
1213 5255 1309 5337 signa
1336 5262 1467 5321 exstant
1494 5255 1529 5318 in
1559 5254 1683 5320 familia
1704 5252 1819 5331 Iaoob,
1853 5250 1933 5318 adeo
1956 5263 2067 5317 tamen

54 5330 172 5396 fuisse
197 5329 292 5411 quasi
313 5333 539 5416 oenatrietam,
567 5354 672 5418 neque
693 5333 728 5400 id
750 5333 858 5416 modo,
882 5334 939 5404 sed
960 5335 1043 5405 divi·
1095 5339 1188 5405 nulla
1208 5339 1276 5408 illie
1296 5349 1348 5407 est
1368 5340 1543 5425 eonspioua
1563 5339 1722 5425 dignitas,
1745 5345 1781 5404 ut
1802 5357 1912 5402 eoram
1934 5337 2068 5404 homine

172 5429 291 5487 omas
305 5446 401 5502 opera
424 5433 484 5491 ror.
501 5434 627 5491 mar.
1828 5439 1863 5494 ae
