5000 6208
373 463 437 533 231
1033 465 1404 536 COMMENTARIUS
1428 467 1474 533 lN
1497 466 1711 534 GENHSIN.
2309 461 2368 527 232

374 671 472 720 οιιιι
494 651 640 719 studium
663 657 800 736 ponunt.
840 649 909 716 Alii
931 650 978 717 sie
999 651 1179 735 accipiunt,
1209 655 1263 716 An
1287 671 1348 735 ego
1398 651 1519 729 scribo,
1548 654 1603 736 qui
1633 653 1770 720 verbum
1792 667 1869 744 trapi
1891 652 2058 719 indefinite
2080 653 2258 736 accipiunt:
2287 652 2366 734 qnod

374 738 442 806 vidi
472 751 546 822 post
566 738 725 804 visionem
751 755 876 802 meam:
908 737 968 801 hoo
989 747 1053 813 est,
1083 735 1175 801 Adeo
1196 737 1289 802 tarde
1311 748 1349 802 ιι
1399 740 1479 803 satis
1511 739 1626 803 tritum
1661 753 1711 805 est
1743 741 1876 824 linguae
1916 739 2095 804 hebraicae.
2149 738 2223 819 Quo
2256 757 2367 802 sensns

374 823 514 892 videndo
531 821 749 902 caecutirem?
770 820 957 889 Secundum
976 842 1031 887 eos
1049 821 1170 906 duplex
1187 823 1249 888 luit
1267 823 1348 889 visio
1397 823 1516 888 clarior
1537 825 1589 903 sit,
1612 837 1719 909 potest
1740 827 1773 890 in
1797 826 1964 908 passivum
1982 825 2110 900 resolvi,
2130 822 2216 906 quod
2236 833 2367 888 vocatus

374 915 481 994 Agar:
504 910 594 994 prior
615 928 761 986 erronea,
785 928 887 992 quum
907 909 943 972 in
964 907 1082 990 angelo
1104 908 1186 974 nihil
1208 909 1348 974 eoeleste
1397 909 1440 974 sit
1456 918 1586 992 puteus.
1622 910 1718 977 Hanc
1739 921 1850 976 tamen
1872 912 2041 993 vulgarem
2060 910 2312 993 appellationem
2330 908 2366 972 ab

373 995 648 1081 apprehenderet:
678 994 784 1059 altera
809 1001 920 1058 autem
942 1015 1038 1073 veru,
1066 1005 1237 1078 postquam
1261 1004 1349 1061 tacta
1397 993 1490 1076 Agar
1511 997 1685 1078 profectam
1715 996 1816 1063 fuisse
1845 997 2002 1074 arbitror,
2028 1015 2111 1078 quae
2133 1016 2201 1060 una
2230 994 2366 1077 simplici

372 1095 421 1149 est
456 1080 639 1148 divinitatis
671 1101 780 1145 sensu.
829 1077 1033 1159 Quibusdam
1067 1077 1197 1145 videtur
1228 1077 1346 1144 subau·
1397 1081 1599 1146 confessione
1620 1103 1688 1147 non
1710 1091 1870 1159 contenta,
1895 1092 2046 1146 testatam
2066 1083 2099 1145 in
2121 1083 2271 1146 futurum
2290 1096 2365 1144 tem·

372 1167 491 1234 dienda
512 1187 583 1232 esse
610 1166 764 1250 negativa
785 1164 972 1246 responsio,
1001 1184 1039 1231 ac
1061 1164 1090 1229 si
1112 1166 1249 1231 diceret:
1271 1165 1348 1230 Non
1398 1186 1458 1248 pus
1477 1187 1548 1232 esse
1576 1168 1718 1234 voluerit
1738 1167 1803 1232 Dei
1830 1168 1985 1252 gratiam:
2014 1167 2150 1250 ideoque
2179 1168 2249 1230 eius
2279 1167 2367 1230 testi·

371 1254 440 1322 vidi
462 1253 556 1318 illum
579 1252 770 1317 abeuntem:
797 1260 836 1314 ut
857 1270 898 1314 ex
919 1248 1028 1315 subita
1050 1249 1261 1332 disparitione
1281 1250 1346 1315 col·
1397 1251 1543 1317 monium
1566 1255 1659 1336 quasi
1681 1275 1740 1338 per
1767 1273 1883 1318 manus
1911 1253 2090 1318 tradiderit.
2134 1251 2224 1318 Hinc
2246 1250 2365 1334 colligi-

371 1341 454 1425 ligat
472 1342 565 1423 Agar
586 1338 685 1403 fuisse
706 1333 772 1401 Dei
798 1334 962 1418 angelum.
1007 1335 1047 1399 Iu
1076 1337 1219 1402 secundo
1248 1339 1346 1401 etiam
1397 1356 1471 1402 mus
1499 1359 1596 1421 quam
1625 1339 1707 1404 utile
1736 1341 1779 1404 sit
1808 1339 1914 1422 plagis
1943 1338 2066 1403 domari
2094 1339 2279 1420 quicunque
2303 1359 2366 1402 non

370 1423 517 1492 membro
536 1423 735 1488 dissentiunt
755 1422 961 1503 interpretes.
988 1421 1212 1506 Hieronymus
1233 1425 1346 1499 vertit,
1396 1443 1458 1488 sua
1485 1435 1603 1506 sponte
1634 1425 1858 1491 humiliantur.
1902 1423 1995 1508 Agar
2016 1443 2098 1507 quae
2126 1444 2255 1506 semper
2277 1422 2366 1488 ferox

371 1511 559 1578 Posteriora
588 1507 728 1573 videntis
761 1528 828 1573 me:
862 1504 949 1589 quod
981 1507 1076 1572 multi
1102 1506 1143 1572 ad
1176 1507 1345 1573 obscuram
1397 1517 1430 1573 et
1451 1506 1582 1575 rebellis
1603 1510 1726 1586 ιιιιιι,
1753 1520 1832 1576 tune
1854 1531 1932 1576 vero
1954 1530 2090 1592 prorsus
2112 1521 2300 1574 excusserat
2321 1509 2366 1572 iu·

373 1600 530 1665 visionem
568 1594 730 1659 referunt:
773 1601 812 1658 ut
849 1593 892 1657 sit
931 1593 1152 1677 metaphorica
1189 1593 1345 1676 loquutio.
1396 1615 1491 1678 gum,
1521 1616 1609 1662 nunc
1637 1596 1700 1661 alia
1735 1617 1867 1678 prorsus
1893 1608 2044 1680 apparet,
2074 1611 2246 1678 postquam
2275 1595 2365 1659 malis

371 1680 657 1766 Quemadmodum
698 1679 784 1745 enim
825 1699 890 1743 non
931 1679 1100 1762 perspicue
1138 1681 1345 1762 agnoscimus
1396 1679 1498 1746 fracta
1516 1680 1580 1745 fuit
1601 1681 1707 1747 cordis
1729 1683 1799 1747 eius
1820 1681 1965 1746 durities.
2010 1681 2205 1762 Quanquam
2228 1701 2295 1745 non
2319 1701 2365 1744 so·

370 1770 564 1836 hominess
589 1778 695 1850 tergo:
725 1766 772 1830 ita
801 1763 957 1828 dicuntur
983 1765 1094 1831 videre
1119 1776 1249 1848 tergum
1272 1764 1344 1843 Dei,
1395 1764 1437 1831 lis
1458 1766 1564 1850 plagis
1582 1768 1615 1831 in
1641 1768 1789 1833 ordinem
1807 1767 1869 1832 luit
1889 1777 2014 1834 coacta:
2038 1767 2094 1832 sed
2116 1767 2364 1832 necessitatium

371 1855 488 1940 quibus
510 1873 575 1918 non
597 1853 704 1935 palam
727 1850 890 1933 nequead
912 1847 1123 1934 liquidumse
1141 1851 1344 1915 manifestat:
1395 1851 1543 1918 coelestis
1564 1852 1646 1919 visio
1668 1874 1751 1937 quae
1772 1874 1845 1918 eam
1871 1855 2001 1937 penitus
2029 1853 2215 1936 corrigeret.
2260 1856 2365 1934 Atque

371 1954 468 2024 atque
491 1940 571 2003 haec
592 1939 700 2020 opinio
722 1936 940 2002 communiter
961 1945 1088 2019 recepta
1111 1944 1170 2000 est.
1209 1935 1277 2001 Alii
1297 1936 1343 2000 di·
1395 1936 1482 2001 idem
1511 1937 1605 2004 nobis
1634 1940 1852 2006 necessarium
1883 1946 1949 2018 est,
1977 1958 2094 2021 nempe
2124 1950 2162 2003 ut
2190 1933 2283 2004 Deus
2312 1958 2365 2002 nos

371 2047 468 2094 versa
489 2029 597 2108 ligura
620 2025 734 2089 Mosen
757 2042 853 2087 usum
877 2042 949 2086 esse
977 2023 1183 2087 existimant:
1212 2021 1344 2087 dorsum
1395 2043 1496 2088 manu
1517 2045 1577 2090 sua
1598 2026 1778 2110 castigans,
1808 2024 1926 2107 spiritu
1950 2025 2049 2089 etiem
2072 2045 2130 2089 suo
2153 2023 2195 2089 ad
2216 2043 2364 2090 mansue

370 2114 458 2178 enim
481 2109 544 2176 Dei
567 2130 626 2192 pro
648 2129 745 2174 sensu
770 2108 840 2171 irae
869 2108 939 2172 eius
969 2108 1147 2192 accipiunt:
1175 2108 1272 2173 sicuti
1292 2107 1344 2172 lu·
1395 2107 1542 2173 tudinem
1564 2110 1745 2176 submittat.
1782 2108 1925 2192 Quidam
1948 2129 1989 2174 ex
2007 2108 2169 2175 Hebraeis
2190 2130 2311 2175 nomen
2328 2109 2365 2174 ab

369 2219 442 2265 cere
465 2197 558 2262 nobis
581 2194 700 2259 dicitur
722 2194 792 2258 eius
812 2193 926 2269 lacios,
950 2193 1027 2258 dum
1048 2212 1083 2259 se
1106 2193 1284 2276 propitium
1306 2215 1344 2258 ac
1395 2193 1535 2260 Ismaele
1560 2197 1652 2276 vivo,
1680 2205 1714 2260 et
1734 2194 1805 2261 Deo
1827 2195 1961 2262 vivente
1986 2195 2175 2278 impositum
2198 2197 2299 2261 inisse
2321 2193 2364 2257 di·

367 2287 532 2350 faventem
567 2281 721 2346 ostendit.
764 2279 817 2344 Ita
848 2278 1027 2344 secundum
1057 2300 1112 2345 eos
1142 2300 1257 2344 sensus
1287 2290 1345 2358 est,
1394 2291 1490 2344 eunt:
1514 2283 1606 2363 quasi
1628 2281 1766 2364 duplicis
1783 2288 1868 2347 esset
1886 2282 2011 2365 gratiae
2029 2282 2261 2356 testimonium,
2284 2277 2366 2364 quod

366 2369 488 2437 Putavi
513 2387 565 2432 me
587 2366 731 2450 elapsam
754 2384 834 2442 esse,
857 2385 899 2428 ne
918 2365 1059 2447 amplius
1079 2366 1141 2430 Dei
1158 2365 1273 2430 ferulis
1290 2364 1343 2429 vel
1393 2365 1514 2430 ismael
1536 2386 1556 2431 a
1576 2377 1680 2432 morte
1702 2368 1874 2445 revixerit,
1899 2377 1933 2431 et
1954 2368 2047 2432 Deus
2073 2369 2255 2450 respexerit
2277 2369 2365 2450 Agar

341 2521 342 2524 ,
368 2452 576 2537 castigationi
608 2453 748 2517 obnoxia
780 2469 900 2515 essem:
934 2449 991 2516 sed
1023 2449 1077 2516 hic
1109 2470 1235 2534 quoque
1262 2449 1344 2514 mihi
1395 2452 1465 2516 eius
1498 2460 1646 2518 matrem.
1702 2451 1768 2518 Sed
1800 2452 1850 2517 illi
1882 2473 2054 2536 perperam
2092 2452 2248 2518 mutilant
2286 2469 2366 2535 quaa

368 2542 536 2607 infensum
554 2559 626 2604 esse
643 2538 758 2603 sentio.
793 2535 963 2602 Hactenus
984 2535 1129 2602 breviter
1150 2535 1248 2602 retuli
1266 2533 1344 2618 quid
1395 2537 1569 2602 coniuncta
1590 2545 1681 2603 sunt:
1713 2539 1828 2602 testari
1850 2539 1936 2602 enim
1959 2538 2064 2604 voluit
2085 2541 2178 2623 Agar
2197 2558 2233 2604 se
2255 2559 2275 2603 a
2299 2539 2365 2602 Deo

370 2627 427 2692 alii
453 2624 592 2689 tradant.
637 2622 835 2704 Quanquam
863 2630 971 2687 autem
1002 2621 1141 2706 singulis
1171 2621 1343 2705 expositio·
1395 2623 1471 2688 vivo
1493 2623 1545 2687 vel
1568 2635 1680 2688 autore
1702 2624 1790 2689 vitae
1813 2623 1913 2689 fuisse
1935 2632 2125 2706 respectam.

368 2711 465 2778 nibus
485 2708 669 2774 refutandis
691 2709 842 2773 insistere
869 2707 1038 2773 consilium
1061 2728 1126 2771 non
1149 2717 1214 2772 cst:
1242 2707 1344 2772 libere
1482 2708 1531 2774 15.
1566 2708 1610 2773 Er
1640 2710 1761 2776 vocarit
1792 2709 1922 2776 Abram.
1977 2710 2072 2774 Iussa
2101 2709 2232 2793 quidem
2263 2710 2367 2774 iuerat

368 2808 479 2863 temen
518 2795 590 2860 dioc
622 2795 788 2859 neminem
826 2793 942 2858 horum
982 2795 1199 2875 interpretum
1240 2793 1345 2859 Mosis
1397 2796 1488 2878 Agar
1516 2815 1637 2860 nomen
1669 2794 1750 2860 illud
1779 2793 1857 2859 dare
1888 2795 1972 2860 filio:
2003 2795 2060 2860 sed
2090 2795 2200 2860 Moses
2232 2807 2366 2860 naturae

368 2894 512 2949 mentem
534 2892 745 2962 assequutum
767 2898 847 2944 esse.
892 2878 1053 2944 Libenter
1073 2879 1202 2961 quidem
1225 2879 1344 2961 recipio
1396 2879 1543 2944 ordinem
1566 2881 1732 2964 sequitur,
1763 2882 1839 2962 quie
1861 2892 1971 2964 patres
1993 2881 2136 2946 nominis
2165 2880 2368 2962 impositione

369 2969 456 3053 quod
483 2967 626 3032 afferunt
647 2965 796 3049 quidam,
820 2968 911 3047 Agar
927 2965 1040 3029 mirari
1063 2963 1127 3029 Dei
1155 2964 1344 3041 bonitatem,
1396 2986 1492 3048 quem
1516 2965 1639 3032 habent
1660 2968 1697 3031 in
1717 2966 1802 3032 lilios
1828 2976 2023 3050 potestatem
2052 2977 2223 3032 testantur.
2269 2965 2368 3032 (lolli-

368 3074 478 3138 aquo
506 3053 606 3117 fuerit
634 3053 733 3116 stiam
762 3052 797 3115 in
827 3050 956 3115 deserto
983 3059 1145 3133 respecta:
1178 3050 1235 3115 sed
1263 3047 1345 3114 illud
1396 3071 1474 3134 gere
1500 3061 1609 3116 autem
1637 3063 1825 3135 promptum
1852 3062 1917 3130 est,
1940 3054 2050 3136 Ager,
2079 3051 2134 3117 ubi
2162 3052 2295 3116 domum
2320 3073 2368 3116 re·

369 3160 475 3223 neque
504 3138 586 3203 nihil
614 3147 678 3215 est,
706 3157 811 3219 neque
840 3144 953 3200 totum.
999 3135 1147 3200 Primum
1171 3157 1206 3201 se
1235 3135 1345 3200 obiur·
1396 3145 1578 3216 vorasset,
1608 3157 1691 3220 quae
1712 3137 1899 3204 acciderant
1920 3138 2081 3204 retulisse.
2125 3137 2216 3222 Ergo
2243 3138 2368 3203 Abram

369 3239 428 3312 gat
456 3227 563 3309 Agar,
602 3222 688 3307 quod
721 3243 822 3305 quum
856 3222 946 3303 prius
978 3222 1077 3287 nimis
1109 3221 1345 3297 caecutivisset,
1396 3218 1470 3286 Deo
1488 3243 1522 3288 se
1539 3224 1738 3307 morigerum
1756 3232 1790 3288 st
1807 3233 1938 3307 gratum
1959 3224 2102 3289 ostendit
2118 3223 2196 3306 quia
2213 3232 2246 3288 et
2264 3223 2370 3288 lilium

368 3333 459 3378 nunc
476 3330 604 3393 quoque
622 3309 721 3373 nimis
737 3307 831 3372 tarde
849 3319 881 3373 et
899 3309 1044 3391 segniter
1060 3306 1170 3373 oculos
1182 3306 1223 3372 ad
1235 3307 1344 3371 Deum
1397 3309 1545 3373 nominat
1573 3328 1614 3372 ex
1648 3308 1757 3394 angeli
1791 3309 1945 3373 mandato
1974 3319 2008 3374 et
2034 3309 2099 3374 Dei
2127 3309 2306 3374 bonitatem
2337 3309 2370 3372 in

369 3395 570 3466 cernendum
592 3394 765 3478 aperuerit.
812 3391 916 3459 Suum
939 3393 1028 3459 enim
1056 3399 1220 3477 torporem
1242 3413 1263 3457 a
1284 3393 1347 3456 cir-
1397 3393 1600 3459 exaudienda
1620 3395 1753 3459 miseria
1775 3399 1867 3479 Agar
1887 3392 2038 3460 celebrat.

369 3483 567 3551 cumstantia
605 3482 667 3548 loci
706 3492 740 3545 et
780 3479 937 3562 temporis
975 3479 1162 3562 amplificat.
1207 3477 1347 3561 Saepius

368 3569 483 3638 multis
500 3567 705 3635 documentis
724 3577 860 3649 experta
877 3575 949 3630 erat
964 3586 999 3630 se
1017 3565 1135 3647 respici
1154 3561 1346 3629 aDomino:

369 3655 555 3722 caecutiens
583 3662 696 3719 tamen
729 3663 970 3734 contempserat
998 3651 1067 3715 eius
1099 3647 1347 3732 providentiam,

371 3761 408 3808 ac
430 3741 459 3806 si
481 3740 600 3806 clausis
622 3737 725 3803 oculis
746 3737 841 3801 illum
859 3737 920 3802 sibi
947 3757 1056 3803 coram
1085 3735 1230 3802 oblatum
1253 3753 1347 3816 prae·
1739 3735 1891 3803 CAPU'P
1911 3735 2027 3802 XVII.

371 3827 496 3892 teriret.
531 3825 629 3890 Nunc
647 3844 682 3889 se
702 3833 833 3888 accusat
849 3821 935 3904 quod
953 3842 1020 3886 non
1037 3822 1135 3888 citium
1156 3826 1348 3905 experrecta
1934 3895 1935 3898 Ἴ

372 3913 416 3979 sit
438 3911 634 3993 simulatque
660 3908 812 3993 apparuit
840 3907 984 3991 angelus.
1029 3908 1110 3973 Loci
1132 3908 1230 3972 etiam
1253 3915 1346 3971 nota·
1485 3908 1513 3972 1.
1538 3906 1581 3971 Et
1600 3907 1665 3990 fuit
1686 3908 1808 3973 Abram
1837 3908 2006 3991 umapiula
2026 3913 2054 3973 sl
2074 3929 2180 3974 aaran
2202 3928 2377 3974 aurorum:

372 3998 419 4063 tio
440 3997 582 4061 multum
607 3994 766 4060 momenti
795 3992 909 4069 habet,
939 3991 1027 4076 quod
1048 3991 1141 4058 Deus
1162 3993 1219 4074 qui
1241 4014 1276 4058 se
1297 3992 1347 4056 illi
1397 3998 1425 4058 er
1452 3993 1540 4058 visus
1569 3997 1614 4057 est
1640 3993 1755 4060 lebona
1784 3994 1920 4071 Abram,
1947 3994 2089 4075 dirr'lque
2118 3995 2161 4060 ad
2187 4015 2275 4060 urm:
2309 3993 2378 4077 Epo

371 4083 485 4149 adesse
506 4101 634 4162 semper
655 4087 794 4144 testatus
817 4080 925 4145 fuerat
945 4079 982 4142 in
1004 4077 1099 4143 domo
1116 4079 1235 4158 Abrae,
1258 4099 1348 4143 nunc
1397 4077 1487 4145 Deus
1508 4079 1707 4161 manipoleus,
1730 4079 1981 4146 ambulaturam
1997 4099 2053 4156 me,
2077 4085 2104 4144 el
2125 4085 2188 4146 acto
2204 4081 2377 4162 perfodite.

370 4169 545 4254 fugitivam
572 4173 791 4250 prosequutus
812 4164 857 4229 sit
883 4164 1042 4246 usquein
1066 4163 1241 4230 desertum.
1285 4163 1348 4228 Illa
1398 4166 1428 4231 2.
1452 4163 1629 4246 Etpastum
1645 4170 1773 4247 pactum
1803 4185 1904 4230 meum
1925 4167 2008 4231 luter
2028 4186 2077 4230 me
2098 4171 2126 4231 st
2146 4171 2188 4241 te,
2220 4172 2248 4230 rt
2268 4165 2379 4232 mulli·
2470 4217 2471 4230 ,

371 4267 459 4322 certe
481 4255 544 4318 iam
569 4252 667 4316 nimie
689 4269 798 4317 erasse
819 4250 926 4315 iuerat
941 4248 1161 4334 ingratitudo,
1187 4251 1348 4315 caecutire
1396 4251 1521 4335 plicato
1544 4255 1586 4324 ,u
1624 4250 1891 4319 celoemmtiseimr.
1946 4251 1976 4318 3.
2014 4251 2102 4316 Tunc
2137 4254 2317 4334 prostravit
2348 4271 2381 4315 sa

371 4341 413 4406 ad
431 4339 650 4422 praesentiam
662 4336 743 4401 Dei:
762 4345 795 4401 et
812 4356 913 4418 quum
933 4357 968 4402 se
986 4337 1026 4401 ab
1038 4355 1076 4400 eo
1094 4335 1212 4418 respici
1230 4355 1348 4418 agnos·
1400 4337 1523 4401 Abram
1538 4355 1633 4416 cuper
1648 4337 1761 4417 tecum
1777 4356 1869 4401 suam
1886 4341 1913 4400 at
1930 4337 2076 4418 loquutus
2094 4343 2266 4403 arama>
2277 4336 2381 4412 Deus,

371 4434 475 4504 ceret,
497 4445 564 4490 non
586 4422 731 4489 vicissim
755 4422 796 4487 ad
820 4422 891 4487 eins
913 4423 1068 4486 intuitum
1091 4421 1202 4486 oculos
1224 4420 1347 4486 tollere.
1398 4422 1543 4489 diceudo:
1576 4421 1606 4487 4.
1630 4421 1706 4505 Epo,
1726 4442 1790 4488 ecoe
1804 4427 1935 4503 paetum
1955 4443 2056 4487 meum
2077 4427 2184 4501 mcum,
2208 4429 2236 4487 et
2252 4425 2326 4488 eris
2347 4425 2381 4486 ir

374 4511 440 4580 Sed
458 4511 539 4576 haec
556 4509 683 4592 turpior
700 4505 808 4573 adhuc
825 4509 972 4582 caecitas,
991 4527 1091 4590 quum
1109 4517 1239 4590 vagaet
1255 4507 1348 4572 exsul
1394 4512 1521 4590 patrem
1552 4507 1762 4573 multitudinis
1791 4508 1938 4592 pralium.
1982 4509 2013 4573 b.
2045 4507 2090 4572 m
2120 4529 2184 4574 uon
2214 4509 2381 4574 amabitur

374 4599 478 4663 iustas
500 4615 580 4660 suae
602 4593 805 4678 pervicaciae
826 4614 947 4678 poenas
970 4592 1078 4672 daret,
1100 4593 1216 4676 respici
1240 4614 1259 4657 a
1280 4592 1348 4656 Do·
1400 4593 1486 4658 ultra
1502 4613 1611 4658 amum
1627 4599 1716 4658 tuum
1733 4593 1870 4658 Abram:
1890 4595 1944 4660 scd
1961 4597 2023 4659 erit
2039 4613 2148 4658 acmen
2165 4599 2254 4660 tuum
2274 4595 2385 4658 Abra

373 4686 471 4758 mino,
494 4701 555 4747 nec
578 4689 782 4762 praesentem
804 4681 1003 4745 etiamtunc
1025 4698 1208 4762 agnoscere.
1253 4677 1350 4742 Nunc
1400 4678 1492 4744 ham:
1527 4679 1605 4760 quio
1639 4685 1764 4760 patrem
1795 4675 2008 4744 multitudinis
2037 4679 2176 4762 partium
2209 4681 2315 4760 posui
2349 4686 2384 4743 ta.

374 4769 523 4836 videmus
545 4785 700 4850 quorsum
724 4763 839 4830 tendat
855 4765 1052 4849 obiurgatio:
1072 4764 1223 4830 Antehac
1242 4765 1349 4828 Deum
1401 4765 1431 4830 6.
1447 4763 1492 4830 At
1511 4764 1720 4845 multiplicabo
1741 4769 1769 4829 te
1789 4764 1895 4841 ualde,
1919 4770 2085 4845 alpanum
2105 4769 2134 4829 ta
2154 4765 2191 4828 ia
2208 4771 2338 4848 pentae,
2360 4769 2386 4830 a

374 4875 440 4920 non
461 4853 617 4937 quaesivi,
640 4870 701 4917 nec
718 4848 760 4916 ad
781 4871 855 4916 eum
876 4852 1004 4933 respexi
1026 4849 1092 4917 nisi
1109 4860 1228 4927 coacta,
1250 4870 1351 4932 quum
1400 4870 1488 4934 repes
1507 4870 1546 4914 aa
1567 4855 1594 4914 te
1615 4851 1816 4934 apredimtur.
1862 4849 1890 4915 'l.
1914 4849 1957 4914 Et
1978 4856 2115 4915 statuam
2142 4849 2256 4932 foedus
2280 4871 2388 4917 meum

374 4941 466 5025 prior
487 4959 545 5004 suo
567 4959 620 5002 me
642 4937 767 5002 intuitu
789 4936 943 5020 dignatus
964 4947 1065 5002 esset:
1089 4957 1178 5001 nunc
1200 4937 1298 5000 etiam
1316 4935 1350 4999 in
1401 4937 1483 5004 iuter
1503 4955 1551 5000 me
1571 4941 1600 5001 at
1620 4942 1658 5016 te,
1678 4941 1707 5001 at
1727 4937 1929 5000 interranea
1947 4941 2035 5000 tuum
2052 4941 2126 5018 poet
2146 4943 2174 5001 te
2194 4937 2228 5001 in
2250 4956 2388 5019 penora

376 5025 520 5104 deserto,
548 5022 604 5088 ubi
634 5021 729 5088 malis
759 5023 880 5089 afflicta
906 5022 1023 5087 saltem
1050 5021 1265 5105 expergefieri
1295 5019 1351 5084 de-
1401 5023 1496 5087 tiouec
1514 5041 1599 5102 suas,
1620 5021 1656 5086 ia
1673 5021 1784 5104 foedare
1795 5026 1990 5104 metrum,
2013 5026 2049 5086 ut
2062 5021 2125 5086 sim
2142 5021 2201 5087 tibi
2216 5023 2254 5087 ira
2275 5023 2387 5089 Deum

375 5112 529 5188 bosram,
552 5129 625 5173 meo
647 5128 738 5173 more
760 5109 927 5190 obstupui:
958 5127 1062 5190 neque
1084 5108 1118 5172 in
1141 5107 1267 5174 coelum
1290 5127 1352 5170 un·
1402 5113 1431 5172 et
1450 5107 1565 5172 semini
1584 5112 1637 5171 tuo
1652 5110 1725 5188 post
1745 5111 1782 5172 te.
1828 5107 1857 5172 8.
1880 5105 2031 5189 Daboque
2056 5107 2114 5172 tibi
2134 5113 2163 5172 st
2189 5111 2314 5175 rammi
2335 5113 2387 5174 luc

377 5218 473 5280 quam
495 5195 701 5261 sustulissem
724 5193 852 5272 oeulos,
878 5192 944 5258 nisi
965 5194 1057 5276 prius
1085 5193 1220 5258 fuissem
1243 5214 1263 5258 a
1284 5191 1352 5256 Do-
1395 5197 1471 5274 poet
1487 5197 1516 5257 te
1532 5195 1648 5257 teram
1658 5193 1946 5275 perepriualiouum
1961 5199 2097 5274 tuamm
2118 5213 2240 5260 marm
2264 5202 2389 5261 mnam

376 5283 465 5348 mino
485 5290 642 5362 respecta.
1405 5277 1553 5344 Oleuaaa
1583 5278 1619 5342 ia
1643 5279 1872 5358 pmaacsioncm
1895 5283 2097 5360 papatuum,
2130 5285 2238 5345 storo
2271 5284 2323 5348 eis
2353 5282 2388 5344 ir

464 5368 514 5433 14.
539 5363 661 5450 Idcirco
680 5365 806 5431 vocarit.
842 5363 914 5447 Ego
936 5383 1050 5428 eorum
1076 5365 1256 5428 sententiae
1278 5362 1353 5430 sub·
1403 5363 1518 5429 Deum.
1562 5362 1593 5429 a.
1614 5361 1781 5430 Praeterea
1801 5365 1885 5430 atat
1907 5363 1995 5432 Deus
2015 5365 2058 5430 ad
2075 5363 2261 5431 Abrabam.-
2285 5368 2335 5434 Er
2354 5373 2389 5431 tu
