4988 6192
136 465 188 532 581
769 459 1139 530 COMMENTARIUS
1161 461 1212 527 IN
1234 460 1449 529 asenam.
2034 464 2107 531 ’582

133 651 249 721 ιιοιιιιίεἰ
265 648 468 733 praeludium
487 650 548 715 hoe
565 653 637 715 erat
653 649 723 715 eius
741 648 975 732 amplitudinis,
997 669 1081 732 quae
1133 650 1278 733 Aegypti
1311 649 1511 732 praefectum
1541 670 1582 714 ex
1614 671 1674 716 sua
1700 649 1860 734 dignitate
1892 652 1928 717 in
1950 653 2104 722 exsilium

133 747 233 824 postea
252 743 389 819 sequuta
410 742 474 815 est,
503 755 603 819 quum
625 736 734 801 Deum
762 755 956 834 sparsotper
976 741 1082 799 totum
1133 743 1263 814 evocat,
1298 741 1335 798 ut
1365 735 1448 800 bene
1477 733 1525 799 illi
1553 735 1597 800 sit
1621 755 1659 800 ac
1686 734 1830 802 feliciter.
1877 736 2013 821 Ioseph,
2047 741 2102 824 qui

134 826 231 891 orbem
259 823 396 900 semine,
426 820 593 888 ecelesiam
621 819 682 886 sibi
712 841 753 886 ex
782 829 908 886 cuneus
930 819 1082 904 gentibue
1133 829 1261 904 patrem
1283 821 1430 904 agnoseit
1441 820 1504 886 Dei
1525 819 1727 905 prophetem,
1750 824 1804 904 qui
1828 822 1912 887 nihil
1934 845 1975 889 ex
1997 828 2103 910 capite

132 908 263 994 collegit:
292 907 339 973 sic
358 906 616 972 benedictionem
637 906 673 971 in
695 905 798 974 veteri
819 908 926 990 figura
946 905 1082 989 praesti·
1134 924 1194 971 suo
1214 903 1359 985 fabricet,
1383 925 1450 971 non
1467 905 1603 971 minoris
1621 907 1771 972 aestimat
1787 907 1930 973 oblatum
1942 908 2004 975 sibi
2018 911 2104 996 quod

133 1007 191 1062 tam
207 993 418 1078 agnoscimus,
440 1000 478 1057 ut
495 999 606 1058 tamen
628 991 715 1057 ultra
731 989 883 1076 progredi
899 990 1081 1058 conveniat.
1134 1011 1295 1074 nusquam
1316 1003 1451 1075 apparet
1472 991 1661 1068 dominium,
1683 1013 1781 1076 quam
1803 993 1832 1059 si
1855 995 1922 1058 iam
1945 997 1978 1060 in
2001 1017 2103 1063 manu

132 1081 231 1163 Quum
252 1099 329 1163 ergo
350 1078 496 1144 excrevit
523 1077 665 1160 populus
685 1077 721 1142 in
743 1085 870 1142 tantam
898 1076 1082 1142 multitudi·
1134 1086 1229 1142 esset.
1273 1076 1375 1142 Porro
1397 1075 1482 1160 quod
1504 1076 1595 1142 Iacob
1617 1078 1696 1143 alios
1724 1078 1811 1144 filios
1828 1079 1963 1163 Ioseph,
1992 1083 2102 1168 siqui

131 1187 206 1245 nem,
226 1173 259 1231 et
279 1186 319 1228 ex
341 1162 509 1229 duodecim
527 1163 721 1245 patriarchis
738 1164 907 1227 fluxerunt
927 1161 1082 1227 tredecim
1134 1163 1209 1244 sint,
1227 1163 1351 1228 censeri
1362 1161 1398 1227 in
1410 1161 1543 1228 familiis
1555 1161 1692 1228 duorum
1703 1163 1840 1230 fratrum
1851 1165 1950 1247 iubet,
1968 1168 2102 1250 perinde

131 1251 291 1337 populosae
302 1250 415 1328 tribus,
433 1253 499 1314 iem
514 1259 591 1314 tunc
606 1248 730 1332 incepit
740 1269 885 1314 creseere
901 1248 935 1312 in
954 1255 1082 1314 coetum
1134 1255 1184 1313 est
1205 1267 1243 1312 ao
1265 1249 1293 1312 si
1314 1247 1389 1312 illos
1406 1247 1442 1312 in
1460 1246 1666 1332 adoptionem
1684 1248 1777 1316 daret
1793 1249 1919 1318 dnobus
1936 1273 2016 1336 quos
2033 1255 2103 1338 ipse

130 1337 319 1422 populorum.
351 1334 417 1400 Sed
440 1355 481 1399 ex
503 1354 566 1417 quo
584 1333 764 1417 spiritualis
774 1333 877 1398 Israel
894 1352 953 1417 per
970 1353 1082 1398 omnes
1134 1332 1197 1398 eibi
1215 1331 1357 1417 adoptat
1488 1351 1491 1357 ’

130 1423 233 1488 mundi
254 1423 366 1506 plagas
384 1419 521 1485 diffusus
538 1427 597 1496 est,
620 1426 652 1484 et
670 1420 780 1486 vanae
797 1425 908 1499 gentes
926 1419 962 1484 in
982 1439 1081 1483 unem
1221 1419 1250 1482 l.
1283 1418 1327 1484 Et
1348 1439 1395 1484 mc
1416 1420 1551 1484 venam
1572 1419 1609 1485 de
1631 1419 1756 1486 Pedasa.
1800 1420 1879 1487 Ideo
1908 1429 2048 1488 mortem
2070 1431 2103 1489 et

131 1508 286 1574 occimiam
319 1513 514 1590 aggregatae
546 1513 640 1584 suut,
678 1506 713 1570 in
752 1503 894 1572 solidum
926 1503 1083 1587 compleri
1134 1504 1336 1588 sepulturam
1370 1505 1481 1570 uxoris
1513 1525 1590 1570 suae
1622 1505 1749 1572 Rachel
1781 1519 2026 1589 commemoret,
2068 1517 2105 1576 ut

130 1596 225 1677 coepit
245 1591 480 1674 multiplicatio.
517 1588 628 1672 Quare
650 1590 732 1655 nibil
755 1592 877 1656 mirum
899 1589 927 1656 si
949 1600 1082 1656 sauctus
1134 1597 1319 1656 maternum
1342 1609 1461 1655 nomen
1489 1589 1640 1656 stimulus
1667 1591 1711 1656 sit
1732 1590 1774 1656 ad
1800 1593 2011 1677 pungendum
2033 1597 2104 1660 ani·

129 1680 218 1745 iacob
239 1679 300 1744 boo
321 1685 389 1742 tem
416 1677 616 1760 praeclarum
645 1675 746 1742 divini
776 1676 897 1743 favoris
919 1677 1081 1759 specimen
1133 1696 1224 1740 mum
1247 1675 1374 1759 Ioseph.
1419 1676 1504 1741 Nam
1526 1697 1626 1760 quum
1649 1676 1777 1743 oriundi
1808 1687 1918 1745 essent
1941 1702 1982 1746 ex
2004 1680 2105 1764 Syria

130 1765 204 1830 tanti
231 1763 396 1842 aestimet,
426 1762 489 1828 nisi
515 1760 602 1845 quod
625 1761 737 1845 procul
759 1761 983 1828 absconditum
1012 1771 1083 1826 erat
1134 1782 1248 1827 omnes
1270 1760 1330 1826 filii
1340 1761 1447 1840 Iacob,
1469 1782 1536 1826 non
1554 1781 1669 1844 parum
1687 1760 1727 1827 ad
1745 1784 1815 1828 rem
1834 1765 1980 1831 interfuit
2002 1768 2103 1850 probe

129 1850 272 1916 acernis
303 1866 417 1914 sensu:
451 1847 508 1913 sod
537 1847 612 1931 quie
641 1846 803 1912 Dominus
835 1869 912 1912 eum
933 1848 999 1913 iam
1026 1845 1082 1912 din
1133 1847 1200 1912 illis
1221 1847 1385 1932 cognitam
1407 1867 1478 1914 esse
1499 1867 1597 1929 quam
1615 1848 1707 1930 prius
1727 1846 1902 1916 habuimus
1920 1851 2102 1933 historiam,

128 1943 486 2020 suspensumtenuerat,
505 1932 666 1998 dixissent
682 1932 1082 2016 profanihominessenile
1134 1952 1253 2016 nempe
1283 1932 1368 2016 quod
1389 1941 1482 2015 pater
1506 1933 1568 1997 Dei
1589 1933 1680 1998 iussu
1701 1942 1736 1999 et
1756 1936 1906 2018 auspiciis
1927 1939 1961 2002 in
1983 1947 2104 2005 terram

128 2023 182 2088 hoo
203 2041 274 2087 esse
295 2019 457 2085 delirium.
500 2019 545 2084 Et
567 2039 684 2103 paucos
705 2018 828 2084 similes
849 2017 969 2102 Ioseph
990 2019 1082 2083 inre-
1135 2016 1295 2084 Ohanaaa
1317 2039 1480 2098 reversus,
1502 2038 1611 2084 seeum
1634 2039 1752 2085 uxores
1773 2019 1929 2088 duxisset.
1969 2023 2054 2088 Nam
2077 2024 2105 2090 si

126 2109 191 2172 nire
213 2105 307 2172 bodie
329 2105 455 2184 liceret,
477 2104 533 2186 qui
555 2103 739 2188 posthabita
760 2103 918 2168 bonorum
939 2123 1022 2186 quae
1043 2103 1084 2169 ad
1134 2104 1263 2170 feminis
1290 2125 1393 2188 grave
1421 2124 1487 2168 non
1516 2102 1593 2182 fuit,
1631 2105 1742 2170 relicta
1776 2109 1883 2190 patria
1909 2109 1944 2172 in
1973 2105 2028 2172 lon
2054 2110 2104 2174 in·

125 2213 251 2257 manum
273 2201 351 2258 sunt
373 2188 550 2270 dulcedine,
572 2189 698 2254 animos
716 2188 757 2253 ad
775 2187 897 2254 undum
916 2188 1083 2255 oraculum
1134 2211 1233 2272 quam
1255 2197 1375 2254 terram
1399 2190 1549 2273 migrare,
1578 2189 1709 2256 illarum
1733 2192 1920 2274 exemplum
1943 2213 2009 2258 non
2031 2131 2104 2259 leve

124 2299 250 2361 prorsus
272 2277 458 2342 adiicerent.
492 2276 539 2340 At
561 2295 637 2340 vero
659 2274 756 2340 sicuti
774 2273 892 2340 fiducia
912 2274 1084 2342 invisibilis
1134 2275 1382 2342 incitamentum
1405 2275 1482 2340 liliis
1506 2295 1577 2342 esse
1607 2274 1734 2356 debuit,
1763 2286 1801 2342 ut
1822 2281 1871 2342 Ae
1919 2287 1974 2360 pto
1995 2280 2105 2345 valere

161 2365 242 2429 atiae
263 2363 386 2438 fretus,
415 2381 511 2426 omne
540 2360 761 2426 tentationum
790 2381 893 2444 genas
915 2369 1084 2426 transcen·
1134 2361 1236 2439 iussa,
1267 2359 1378 2428 eodem
1401 2359 1472 2426 Deo
1501 2361 1634 2428 iubente
1663 2361 1703 2424 ad
1730 2363 1882 2444 possiden
1907 2385 1959 2430 am
1983 2372 2104 2431 terram

143 2458 223 2515 erat:
257 2448 310 2514 ita·
337 2466 425 2512 nuno
452 2447 523 2512 eius
551 2443 654 2524 filius,
685 2453 719 2510 et
741 2466 837 2512 verus
860 2444 935 2511 fidei
956 2446 1082 2521 haeres.
1135 2447 1296 2513 Ohanean
1317 2453 1450 2512 strenue
1472 2467 1507 2512 se
1529 2447 1596 2512 aeci
1643 2457 1745 2512 erent.

122 2544 307 2600 reverenter
327 2533 429 2599 sentit
450 2532 490 2597 de
511 2530 651 2598 oraculis
663 2531 814 2596 Domini:
836 2532 1083 2614 promissionem
1220 2533 1250 2598 8.
1291 2531 1335 2597 Et
1364 2533 1446 2598 ctat
1472 2531 1578 2598 lueet
1627 2531 1728 2616 oeepb.
1780 2532 1856 2599 Non
1885 2533 1997 2601 dubito
2024 2536 2104 2619 quin

122 2641 211 2702 quam
241 2643 261 2686 e
290 2618 379 2686 coelo
406 2617 543 2684 fluxisse
571 2637 747 2700 persuasus
775 2627 839 2696 est,
875 2616 950 2683 lieet
979 2619 1084 2683 instar
1134 2615 1175 2682 de
1196 2617 1307 2701 pueris
1329 2617 1511 2684 sciscitatus
1532 2617 1646 2697 buerit,
1674 2618 1866 2702 priusquam
1896 2641 1950 2686 eos
1979 2643 2107 2689 nuncu·

122 2707 235 2770 somnii
269 2704 372 2783 foret,
408 2704 567 2787 potiorem
602 2701 728 2768 habeus
759 2701 910 2768 omnibus
940 2703 1083 2788 Aegypti
1134 2711 1228 2787 paret
1249 2702 1414 2769 haeredes.
1460 2700 1526 2769 Sed
1552 2703 1589 2766 in
1610 2712 1766 2769 contextu
1789 2703 1890 2772 iliosis
1912 2714 1962 2772 est
1982 2703 2104 2796 detegor

122 2789 249 2870 divitiis,
272 2789 390 2874 quibus
412 2789 540 2854 fruitur.
1133 2789 1281 2874 πρότερον.
1332 2789 1378 2854 Ει
1398 2788 1434 2852 in
1462 2788 1670 2871 responsione
1697 2788 1817 2874 Ioseph
1846 2792 2025 2859 notandum
2055 2801 2105 2860 est

203 2875 246 2942 Ia
275 2875 494 2942 tarditatem
515 2877 711 2955 papatum.
756 2871 846 2954 Quid
873 2874 984 2940 emeat
1004 2873 1084 2940 haec
1134 2874 1220 2959 quod
1243 2874 1319 2942 alibi
1348 2874 1533 2960 attigimus,
1560 2875 1703 2940 fructum
1727 2875 1852 2941 reatris
1880 2898 1946 2943 non
1968 2879 2102 2944 fortuito

121 2961 277 3046 loquutie,
298 2961 378 3027 alibi
398 2959 556 3025 diximus:
589 2979 706 3042 nempe
734 2958 821 3040 quod
850 2959 951 3025 futuri
973 2968 1084 3026 essent
1134 2961 1237 3040 nasci,
1267 2960 1324 3026 sed
1354 2959 1520 3027 numerari
1547 2959 1635 3025 inter
1666 2959 1787 3026 eximia
1815 2961 1879 3027 Dei
1912 2963 2007 3030 dona.
2059 2965 2105 3030 Et

118 3047 287 3114 Israelitae
308 3047 458 3130 perpetui
478 3053 585 3110 terrae
607 3043 763 3109 haeredes
784 3065 886 3127 usque
907 3043 1084 3111 adOhristi
1135 3046 1215 3112 haee
1241 3045 1371 3129 quidem
1403 3046 1562 3113 confessio
1595 3047 1715 3128 passim
1743 3045 1862 3114 volitat
1889 3049 1925 3114 in
1956 3051 2103 3116 omnium

119 3132 311 3212 adventum,
341 3151 405 3216 quo
433 3139 610 3197 renovatus
638 3128 700 3195 fuit
729 3130 879 3196 mundus.
925 3130 1001 3196 Vox
1027 3131 1084 3196 he-
1134 3130 1273 3216 linguis:
1306 3131 1362 3197 sed
1390 3133 1482 3216 pauci
1511 3138 1588 3196 eunt
1614 3132 1669 3214 qui
1697 3154 1738 3196 ex
1760 3133 1869 3199 animo
1891 3154 2004 3200 semen
2026 3157 2046 3200 a
2068 3157 2103 3202 se

118 3218 226 3286 braioa
246 3204 334 3298 ntra,
357 3240 377 3284 a
398 3214 590 3300 quibusdam
617 3236 677 3300 pro
698 3214 852 3281 diuturno
874 3216 980 3282 solum
1001 3225 1083 3282 tem·
1135 3218 1282 3302 genitum
1293 3216 1365 3283 Deo
1387 3226 1552 3300 acceptum
1575 3216 1729 3282 referant.
1763 3218 1860 3285 Unde
1881 3221 1920 3286 tit
1941 3228 1980 3286 ut
2001 3221 2104 3287 maior

117 3325 208 3388 pore,
239 3306 281 3372 ab
312 3304 383 3370 aliis
412 3321 471 3386 pro
500 3302 693 3368 aeternitate
721 3302 895 3387 accipitur:
929 3301 986 3368 sed
1008 3303 1085 3386 quia
1135 3325 1212 3387 pare
1228 3303 1347 3370 sobolis
1357 3302 1494 3370 subinde
1512 3304 1616 3386 magis
1635 3302 1803 3386 magisque
1817 3303 2007 3388 degeneret:
2027 3307 2104 3391 quia

117 3391 256 3474 gratiam
278 3389 356 3454 olim
385 3387 530 3471 patribus
552 3385 785 3465 adumbratam,
809 3387 962 3454 Christus
983 3409 1085 3471 usque
1136 3390 1236 3474 digna
1264 3396 1313 3455 est
1341 3389 1458 3454 muudi
1486 3387 1687 3473 ingratitudo
1715 3409 1798 3472 qaae
1826 3390 1971 3458 fructum
2003 3393 2102 3457 bene·

117 3474 157 3540 ed
178 3478 281 3541 tinem
303 3473 417 3539 mundi
439 3472 625 3553 continuat,
658 3473 818 3555 possessio
843 3474 979 3552 saeculi,
1012 3495 1085 3539 meo
1135 3475 1314 3546 dictionum
1337 3474 1400 3540 Dei
1423 3495 1487 3539 non
1516 3475 1645 3540 sentiat.
1689 3474 1788 3540 Nunc
1815 3476 1959 3542 breviter
1985 3485 2101 3542 tenen·

115 3559 243 3642 iudicio,
266 3559 460 3625 tantundem
471 3557 559 3624 velet
580 3565 678 3641 etque
699 3566 840 3624 aeterna.
874 3559 959 3624 Nam
982 3558 1084 3627 veteri
1134 3560 1211 3626 dum
1224 3572 1274 3626 est
1285 3561 1387 3626 Mosis
1397 3559 1577 3639 consilium,
1597 3579 1714 3644 nempe
1728 3560 1861 3628 solenne
1873 3562 2101 3648 interpositum

115 3648 233 3729 populo
270 3666 373 3730 usque
402 3643 443 3709 ad
476 3644 718 3710 renovationem
744 3665 804 3728 per
833 3643 1004 3712 Christum
1032 3645 1083 3710 in·
1134 3647 1233 3712 fuisse
1265 3645 1448 3730 symbolum
1476 3666 1541 3728 qno
1568 3653 1640 3710 rata
1673 3653 1758 3712 esset
1790 3646 1928 3731 adoptio.
1981 3647 2101 3716 Manus

115 3729 262 3810 ductam,
292 3731 452 3815 promissa
478 3729 541 3794 fnit
568 3729 626 3794 illa
652 3737 759 3795 terrae
786 3731 903 3814 portio:
933 3753 1020 3797 nuno
1040 3753 1083 3796 ex
1134 3733 1306 3817 nepotibus
1327 3733 1396 3797 suis
1418 3732 1556 3813 imponit
1576 3731 1689 3796 Iaoob:
1718 3732 1896 3816 quorsum?
1926 3753 2043 3817 nempe
2065 3741 2103 3800 nt

114 3838 175 3900 quo
207 3825 316 3884 totum
351 3817 463 3882 orbem
497 3815 657 3881 Dominus
697 3816 816 3900 populo
854 3837 913 3882 suo
952 3815 1082 3898 dicavit,
1133 3819 1306 3884 confirmet
1327 3817 1432 3882 loenm
1455 3839 1489 3883 se
1511 3816 1578 3882 illis
1600 3816 1678 3882 dare
1700 3816 1786 3882 inter
1802 3817 1901 3884 filios:
1935 3827 2034 3903 atque
2055 3820 2102 3886 ita

111 3902 240 3986 plenior
263 3902 356 3968 nobis
377 3908 504 3968 constat
526 3900 737 3966 haereditatis
758 3901 878 3967 fruitio.
1133 3925 1219 3970 unus
1240 3902 1362 3987 Ioseph
1384 3903 1447 3968 duo
1473 3901 1580 3986 capita
1601 3902 1729 3969 efficiat.
1775 3902 1848 3968 Non
1877 3904 1965 3969 enim
1987 3915 2101 3971 votum

195 3989 227 4055 5.
265 3989 358 4054 Naue
386 3988 449 4053 dae
472 3986 537 4068 fitis·
562 3987 618 4051 tal.
662 3984 756 4052 Iacob
789 3986 949 4070 singulari
977 3988 1081 4070 privi-
1132 3990 1194 4056 hoo
1223 3989 1283 4059 tuit
1312 3989 1431 4071 privati
1459 3989 1616 4069 hominis,
1651 3987 1924 4071 quemadmodum
1959 3991 2099 4074 posteris

111 4071 195 4158 legio
216 4073 326 4140 filium
347 4093 442 4138 suum
463 4079 568 4151 ornat,
585 4077 624 4137 ut
645 4092 730 4138 unus
751 4071 849 4138 faciat
870 4072 936 4137 dno
958 4074 1081 4157 capita:
1133 4075 1202 4141 suis
1225 4075 1330 4140 fauste
1351 4074 1477 4158 precari
1498 4073 1604 4138 solent
1623 4075 1676 4138 avi
1701 4081 1735 4140 et
1755 4082 1880 4156 patres:
1908 4075 1965 4142 sed
1988 4076 2101 4142 diviua

111 4157 172 4225 boo
193 4167 266 4237 eet,
288 4167 325 4224 ut
346 4157 410 4223 duo
432 4159 503 4222 eius
525 4155 599 4236 filii,
628 4177 667 4224 ao
687 4157 894 4224 sihaeredes
915 4167 1026 4224 essent
1047 4160 1081 4224 in
1133 4160 1266 4226 suberat
1287 4160 1455 4237 autoritas,
1474 4158 1569 4225 sicuti
1587 4167 1707 4224 eventu
1721 4160 1964 4241 comprobatum
1987 4171 2099 4245 postea

134 4246 218 4312 rimo
251 4242 372 4328 gradu,
402 4263 505 4326 aequo
529 4243 600 4307 iure
633 4263 707 4309 cum
738 4243 867 4326 patruis
900 4243 1081 4311 succedant.
1133 4246 1203 4311 fuit.
1248 4244 1390 4328 Ideoque
1417 4265 1517 4329 prope
1543 4244 1604 4310 sibi
1635 4243 1752 4309 adduci
1779 4244 1884 4326 iubet,
1914 4253 1951 4310 ut
1973 4269 2097 4315 norum

110 4265 177 4396 ded
201 4329 367 4416 quidhoc
397 4336 448 4394 est
474 4327 561 4412 quod
591 4349 693 4393 senex
719 4327 901 4412 decrepitus
928 4339 1082 4414 tanquam
1133 4331 1199 4400 illis
1220 4329 1374 4397 honorem
1396 4331 1557 4408 conferat,
1585 4336 1741 4412 tauquam
1763 4328 1966 4414 dispensator
1988 4355 2007 4399 a
2029 4335 2098 4400 Do·

109 4417 222 4500 regale
246 4414 481 4499 patrimonium
502 4414 673 4497 nepotibus
699 4415 766 4480 suis
787 4415 933 4500 assignat
953 4428 1081 4482 sextam
1133 4419 1223 4484 mino
1256 4427 1401 4484 creatus:
1441 4423 1475 4481 et
1507 4415 1623 4500 Ioseph
1656 4415 1798 4482 vicissim
1834 4416 1875 4483 ab
1908 4417 2097 4486 adoratione

109 4502 179 4569 eius
202 4513 314 4568 terras
334 4511 462 4584 partem
484 4500 519 4564 in
542 4519 606 4583 qua
627 4501 751 4566 erravit
769 4501 963 4586 inquilinus,
986 4510 1020 4568 et
1040 4523 1082 4568 ex
1132 4503 1301 4570 exordium
1322 4501 1411 4582 facit,
1433 4502 1555 4586 gratias
1576 4522 1676 4586 agens
1699 4501 1777 4566 Deo.

109 4609 173 4670 qua
195 4608 291 4654 nunc
312 4585 433 4652 iterum
455 4583 612 4670 profugus
640 4585 710 4650 est?
744 4586 817 4668 quis
846 4608 914 4653 non
941 4587 1081 4655 fabulari
1219 4589 1268 4654 12.
1302 4587 1347 4654 Et
1366 4590 1459 4654 duait
1470 4586 1583 4669 Ioseph
1599 4607 1659 4653 eoa.
1693 4586 1810 4654 Latius
1832 4587 1974 4670 explicat
1985 4589 2096 4658 Moses

108 4673 219 4739 isum
243 4671 403 4738 dixisset?
439 4670 586 4756 Vulgare
608 4672 814 4755 proverbium
837 4681 894 4752 est,
915 4673 1079 4740 neminem
1131 4674 1216 4758 quod
1238 4693 1303 4739 uno
1326 4675 1423 4740 verbo
1445 4672 1689 4757 perstrinxerat.
1734 4671 1854 4755 Ioseph
1880 4681 1988 4738 autem
2011 4676 2096 4744 lilios

108 4693 188 4826 dire
208 4755 299 4842 quod
321 4777 388 4822 non
410 4757 517 4823 habet
551 4755 634 4834 Quid
653 4776 729 4842 ergo
748 4757 870 4841 profuit
886 4758 948 4840 ipsi
959 4759 1079 4844 Ioseph
1131 4783 1149 4826 e
1170 4760 1296 4844 gremio
1317 4780 1377 4824 suo
1394 4759 1525 4826 eductos
1547 4760 1588 4824 ad
1609 4759 1714 4842 patris
1731 4779 1838 4842 genua
1856 4757 2007 4838 admovit,
2031 4782 2096 4828 uon

107 4844 310 4930 imaginario
331 4842 428 4908 titulo
449 4842 602 4909 constitui
630 4844 699 4908 sius
728 4854 834 4908 terrae
855 4840 1023 4910 dominum
1044 4847 1079 4911 in
1130 4845 1225 4912 modo
1247 4846 1381 4911 honoris
1403 4865 1511 4924 eausa,
1540 4845 1596 4910 sed
1622 4853 1658 4909 ut
1680 4843 1744 4909 Dei
1766 4841 1942 4927 prophetae
1963 4843 2095 4912 benedi·

106 4951 173 5014 qua
196 4931 258 4998 vix
281 4929 430 4995 donatori
446 4928 640 5012 permissum
657 4928 720 4994 fuit
740 4948 856 5011 aquam
878 4949 998 5014 magno
1019 4951 1079 4997 sno
1129 4931 1248 4998 candos
1269 4931 1415 4996 offerret:
1438 4930 1513 5012 quia
1533 4937 1620 4996 certo
1634 4949 1811 5014 pemuasus
1833 4939 1913 5006 erat,
1935 4951 1999 4996 non
2021 4933 2096 4998 vul·

106 5015 220 5082 labore
243 5015 381 5080 effusam
401 5013 521 5094 bibere,
544 5021 635 5080 etex
653 5035 718 5097 qua
734 5013 866 5079 tandem
884 5035 959 5080 eum
975 5015 1079 5083 fames
1130 5019 1201 5102 gari
1218 5016 1386 5083 hominum
1403 5037 1493 5081 more
1503 5025 1653 5082 sanctum
1665 5013 1763 5080 Iacob
1774 5027 1927 5100 appetere
1939 5025 2094 5100 nepotum

105 5099 263 5186 expulit?
298 5098 364 5167 Sed
387 5100 463 5166 hine
485 5105 620 5185 apparet
640 5119 737 5182 quam
759 5099 867 5165 stabili
888 5099 952 5166 fide
972 5101 1078 5167 innixi
1128 5103 1351 5187 complexum:
1373 5100 1430 5168 sed
1451 5111 1610 5184 quatenus
1631 5109 1703 5166 eret
1718 5100 1784 5166 Dei
1805 5102 1975 5184 interpres,
1997 5100 2094 5188 depo·

104 5188 235 5255 fuerint
267 5187 370 5253 sancti
399 5195 508 5271 patres
531 5185 628 5253 verbo
650 5184 799 5264 Domini,
829 5187 946 5269 quibus
974 5188 1078 5254 satius
1128 5189 1226 5256 sitam
1248 5187 1334 5271 apud
1356 5209 1391 5252 se
1413 5187 1551 5271 gratiam
1574 5188 1652 5271 ipsis
1674 5185 1758 5252 velle
1779 5186 1934 5252 conferre.
1978 5184 2094 5268 Quan-

104 5273 168 5339 fuit
191 5295 238 5340 ex
262 5291 319 5336 ore
340 5271 409 5339 eius
428 5271 571 5356 pendere
588 5291 685 5354 qnam
707 5272 805 5336 tinem
827 5271 946 5338 babere
967 5272 1078 5338 sedem
1129 5294 1226 5358 quam
1256 5281 1366 5338 autem
1393 5274 1425 5338 in
1449 5271 1623 5338 dividenda
1648 5281 1737 5338 terra
1758 5271 1916 5337 Ohanaan
1939 5274 2094 5357 aequales

104 5360 140 5424 in
158 5367 266 5425 terre.
297 5355 394 5423 Iacob
406 5357 442 5423 in
454 5359 604 5442 Aegypto
621 5357 715 5422 exsul
732 5357 885 5423 moritur:
903 5365 936 5423 et
953 5358 1080 5426 interea
1127 5359 1194 5426 illis
1226 5360 1389 5444 portiones
1420 5378 1493 5424 cum
1534 5357 1608 5424 liliis
1647 5357 1812 5437 attribuit,
1853 5356 1950 5423 altius
1982 5365 2094 5430 tamen

1839 5459 1890 5514 87·
