4988 6192
403 399 466 464 sar
1054 397 1422 467 commaneamus
1443 398 1493 464 ιιι
1516 397 1728 466 eausam.
2320 395 2380 461 saa
2482 357 2483 436 l

402 587 501 654 Iacob
522 593 596 654 uter
617 587 660 653 sit
680 587 782 652 altero
801 586 937 671 dignior,
960 586 1016 653 sed
1033 593 1161 653 tantum
1177 585 1372 671 pronunciat
1421 606 1534 652 sumus
1556 585 1656 653 affixi.
1700 586 1772 652 Irno
1793 584 1894 651 donec
1919 604 2059 668 eousque
2080 589 2226 669 emergat
2245 581 2328 648 fides
2348 589 2381 649 ut

403 673 480 756 quid
503 672 594 739 Deus
616 671 703 755 apud
725 693 760 738 se
782 671 822 737 de
846 681 982 756 utroque
1012 672 1209 752 decreverit,
1239 671 1369 754 etquid
1422 672 1645 756 apprehendat
1673 691 1756 755 quae
1791 671 1903 754 procul
1933 677 2060 752 ιειιιοιε
2093 677 2186 749 ειιιιι,
2222 668 2382 735 nescimus

403 759 552 824 futurum
576 759 620 825 sit
638 761 733 842 longo
755 765 829 841 pest
857 760 1013 841 temporis
1042 779 1201 825 successu.
1245 757 1369 822 Causas
1421 758 1498 840 quid
1520 758 1564 823 sit
1584 758 1729 840 loquenti
1750 756 1822 822 Deo
1842 754 2052 822 subscribere.

403 864 481 928 ergo
504 865 567 908 non
590 843 720 909 aliunde
748 844 899 923 accersit,
927 845 984 909 sed
1013 843 1075 911 hac
1104 865 1169 909 una
1198 851 1369 908 contentus
1506 844 1557 909 22.
1591 843 1659 927 Epo
1682 844 1756 910 dedi
1784 841 1841 907 tibi
1861 847 1996 924 portem.
2038 839 2104 908 Hic
2129 839 2226 905 Iacob
2253 839 2382 924 utplus

403 939 469 1010 est,
497 929 581 1012 quod
613 928 884 1013 multiplicabitur
909 929 1068 1013 Ephraim
1097 951 1176 1012 prae
1203 929 1368 994 Manasse.
1422 930 1522 996 animi
1543 929 1642 995 faciat
1662 928 1729 994 filio
1750 927 1884 1011 Ioseph,
1913 935 2037 1010 partem
2065 947 2165 992 unam
2189 927 2219 991 ei
2240 926 2383 1012 assignat

403 1015 448 1081 Et
470 1024 555 1081 certe
578 1015 613 1080 in
636 1015 704 1079 solo
727 1016 789 1079 Dei
812 1013 945 1081 consilio
974 1016 1162 1082 abscondita
1184 1025 1234 1080 est
1257 1021 1370 1081 nostra
1420 1025 1516 1081 extra
1537 1025 1667 1082 sortem.
1712 1013 1816 1080 Secus
1839 1013 1895 1080 alii
1918 1019 2094 1095 exponunt,
2116 1010 2200 1095 qued
2223 1010 2383 1096 duplicem

403 1100 561 1184 dignitas,
593 1099 695 1166 donec
727 1101 895 1166 vocatione
927 1121 986 1165 sua
1022 1101 1130 1184 palam
1163 1101 1259 1167 faciat
1292 1099 1368 1183 quid
1420 1103 1528 1185 ipsum
1550 1100 1723 1165 haeredem
1746 1117 1936 1182 nuncupans
1966 1101 2000 1162 in
2018 1097 2143 1163 duobus
2164 1097 2258 1175 filiis,
2287 1117 2384 1180 supra

403 1187 497 1251 nobis
520 1187 591 1251 fieri
613 1186 702 1251 velit.
746 1185 885 1251 Interim
907 1186 1034 1252 tollitur
1062 1207 1164 1271 prava
1186 1186 1368 1265 aemulatio,
1421 1188 1500 1252 alios
1523 1206 1588 1251 una
1616 1187 1765 1270 portione
1788 1193 1888 1250 ornet.
1934 1182 2001 1250 Sed
2022 1183 2157 1248 minime
2179 1181 2312 1248 dubium
2336 1190 2385 1247 cst

403 1291 503 1354 quum
537 1271 689 1336 Mauasse
730 1291 790 1336 sua
827 1279 912 1336 sorte
945 1279 1134 1338 contemum
1168 1293 1238 1339 esse
1269 1271 1367 1336 iubet.
1420 1275 1501 1356 quin
1522 1279 1644 1337 certam
1663 1272 1828 1355 regionem
1847 1276 1945 1336 notet.
1978 1269 2024 1334 Et
2044 1269 2209 1334 Iohannes
2230 1289 2297 1351 cap.
2316 1267 2385 1343 4‚5

403 1357 543 1423 Prorsus
572 1357 681 1438 itaque
710 1355 882 1422 insaniunt
910 1358 964 1440 qui
994 1356 1102 1423 aridas
1131 1366 1163 1422 et
1189 1357 1369 1441 perforatas
1422 1356 1673 1423 controversiam
1707 1355 1845 1421 dirimit:
1879 1376 1955 1420 nam
1991 1354 2031 1420 ds
2064 1375 2142 1438 agro
2172 1353 2281 1420 vicino
2314 1353 2384 1420 urbi

403 1443 560 1509 cisternas
592 1441 764 1521 effodiunt,
805 1443 859 1507 ubi
898 1463 1012 1508 causas
1044 1443 1209 1528 reperiant
1238 1441 1369 1508 divinae
1422 1443 1549 1522 Sichar,
1572 1463 1654 1526 quae
1672 1441 1749 1507 olim
1760 1440 1906 1508 Siehima
1920 1442 2034 1518 iuerat,
2056 1440 2201 1523 loquens,
2222 1460 2296 1504 eum
2317 1459 2386 1505 esse

403 1529 600 1611 adoptionis,
630 1547 728 1612 quum
758 1528 877 1612 ubique
895 1548 960 1592 uuo
984 1529 1081 1594 verbo
1109 1530 1243 1594 definiat
1267 1529 1368 1612 scrip·
1422 1529 1502 1595 dicit
1528 1548 1625 1612 quem
1652 1526 1748 1594 Iacob
1784 1526 1918 1592 donavit
1946 1527 2012 1590 filio
2041 1525 2168 1608 Ioseph.
2219 1526 2265 1590 Et
2292 1525 2387 1590 Iosue

403 1623 488 1693 tura,
508 1613 620 1679 vocari
642 1616 675 1677 in
697 1612 835 1679 salutem
885 1634 943 1678 uos
963 1614 1054 1679 Deus
1080 1613 1195 1698 elegit:
1228 1613 1370 1698 primum
1422 1614 1540 1681 ultimo
1574 1613 1680 1697 eapite
1706 1612 1748 1677 32
1783 1612 1899 1678 dicitur
1931 1611 2059 1678 venisse
2087 1611 2123 1676 in
2156 1611 2387 1694 possessionem

402 1721 482 1767 vere
511 1699 677 1764 electionis
705 1700 841 1774 fontem,
863 1635 1011 1764 (iiberum
1038 1699 1107 1765 eius
1133 1699 1369 1783 beneplacitum
1423 1699 1548 1766 duobus
1577 1699 1654 1764 filiis
1675 1698 1803 1781 Ioseph.
1848 1697 2021 1763 Caeterum
2051 1697 2086 1763 in
2109 1717 2188 1764 voce
2209 1708 2282 1764 new
2304 1717 2388 1779 quac

404 1783 595 1870 esseOEom.
619 1785 648 1865 8,
669 1784 733 1849 29.
766 1784 888 1848 Forma
910 1783 1151 1864 benedictionis,
1172 1806 1254 1868 quae
1272 1785 1370 1868 paulo
1422 1794 1550 1871 partem
1580 1784 1741 1852 Hebraeis
1770 1783 1948 1868 signifieat,
1977 1782 2095 1850 allusio
2122 1790 2173 1848 est
2199 1781 2240 1847 ad
2268 1801 2389 1847 nemen

404 1880 477 1955 post
494 1871 642 1950 refertur,
660 1891 711 1934 me
726 1871 776 1934 ius
794 1871 964 1935 confirmat
981 1870 1067 1952 quod
1085 1871 1188 1955 attigi,
1209 1891 1370 1936 commen·
1421 1873 1588 1955 proprium
1607 1871 1679 1936 loci.
1725 1867 1790 1936 Sed
1812 1869 1866 1936 hie
1887 1869 2034 1934 exoritur
2054 1867 2209 1953 quaestio,
2231 1867 2389 1950 quemodo

404 1957 475 2021 dari
494 1957 530 2020 in
552 1964 689 2038 utroque
713 1955 775 2020 Dei
796 1956 955 2039 gratiam,
982 1968 1018 2019 ut
1042 1956 1190 2031 Manasse
1211 1957 1272 2022 sibi
1294 1957 1369 2039 plus
1422 1978 1538 2042 agrum
1560 1957 1655 2021 illum
1677 1954 1738 2021 sibi
1756 1965 1885 2038 partum
1903 1953 1989 2021 dieat
2011 1952 2117 2038 gladio
2134 1962 2169 2018 et
2185 1972 2270 2030 arou,
2291 1973 2388 2036 quem

405 2041 515 2106 datum
539 2061 609 2106 esse
631 2051 787 2124 reputans
809 2061 905 2122 quarn
928 2040 1027 2105 fuerit
1049 2043 1256 2124 promeritus,
1277 2043 1371 2108 fratri
1422 2045 1560 2127 pecunia
1588 2049 1726 2107 emerat:
1760 2041 1843 2106 sieut
1865 2039 1986 2105 dietum
2016 2039 2079 2104 fuit
2100 2057 2199 2122 supra
2219 2039 2270 2117 33,
2293 2039 2338 2104 19
2360 2049 2389 2104 ει

404 2148 464 2192 ειιο
493 2147 560 2191 nen
587 2127 744 2192 invideat.
794 2125 970 2191 Caeterum
999 2127 1085 2192 istud
1114 2127 1303 2194 benedicere
1334 2128 1370 2193 in
1422 2132 1541 2194 iterum
1569 2129 1709 2193 refertur
1735 2126 1901 2211 praedicto
1929 2125 2034 2209 capite
2054 2125 2181 2190 Ioeuae.
2225 2123 2290 2189 Sed
2315 2123 2389 2207 quia

404 2212 565 2296 Ephraim
588 2221 621 2276 et
642 2212 796 2276 Manasse
823 2233 889 2276 non
913 2212 1071 2294 accipitur
1097 2223 1134 2278 ut
1155 2214 1246 2296 prius
1268 2234 1370 2296 quum
1424 2215 1542 2298 exigua
1565 2219 1694 2278 tantum
1716 2213 1786 2297 agri
1809 2212 1927 2294 portio,
1954 2211 2008 2276 ubi
2031 2209 2238 2277 tabernacula
2259 2209 2389 2286 locaret,

404 2299 615 2375 dictumest,
647 2296 879 2362 benedicentur
908 2317 1022 2363 omues
1050 2307 1164 2382 gentes
1192 2299 1226 2363 in
1249 2299 1372 2364 semine
1423 2309 1532 2383 empta
1553 2299 1674 2376 fuerat,
1701 2319 1768 2364 non
1795 2295 1907 2362 dubito
1932 2297 2013 2380 quin
2042 2296 2097 2362 hie
2124 2295 2221 2380 longe
2249 2295 2389 2378 amplius

403 2395 477 2449 tuo:
501 2381 558 2448 sed
580 2383 719 2466 simplex
739 2403 853 2448 sensus
876 2391 934 2460 est,
957 2385 1166 2467 conspicuam
1188 2385 1222 2448 in
1245 2385 1371 2450 duobus
1423 2385 1564 2469 spatium
1581 2383 1768 2466 complexus
1786 2382 1894 2448 fuerit.
1928 2383 2015 2448 Nam
2036 2403 2078 2449 ex
2096 2382 2200 2465 pretio
2217 2381 2390 2446 aestimare

403 2469 480 2535 filiis
503 2467 621 2552 Ioseph
644 2468 706 2532 Dei
740 2469 880 2552 gratiam
914 2469 999 2548 fore,
1040 2479 1076 2534 ut
1108 2471 1247 2553 populus
1268 2470 1372 2536 Israel
1424 2480 1611 2555 promptum
1643 2475 1693 2536 est
1721 2468 1899 2554 quantulus
1933 2468 2032 2534 fuerit
2063 2467 2182 2534 fundus
2211 2467 2264 2531 ille
2291 2487 2390 2550 quem

404 2555 572 2636 exemplar
595 2553 675 2619 bens
696 2552 849 2636 precandi
870 2553 946 2620 iude
968 2563 1159 2638 sumpturus
1181 2557 1233 2621 sit.
1424 2566 1499 2622 ante
1533 2554 1697 2622 excidium
1727 2555 1816 2620 urbis
1845 2553 2016 2637 possideat.
2060 2553 2172 2618 Donat
2199 2571 2275 2636 ergo
2302 2573 2391 2617 nunc

489 2641 539 2705 21.
574 2639 618 2704 Er
645 2640 730 2705 dicit
750 2640 855 2704 Israel
882 2640 925 2704 ad
950 2639 1070 2722 Ioseph.
1115 2641 1248 2725 Repetit
1275 2642 1372 2707 Iacob
1424 2642 1491 2707 filio
1514 2640 1633 2724 Ioseph
1661 2661 1728 2706 nen
1756 2640 1852 2705 modo
1878 2640 1984 2706 locum
2014 2639 2064 2704 sui
2094 2635 2306 2713 tabernaculi,
2338 2637 2390 2720 qui

405 2726 490 2810 qued
503 2726 642 2790 dixerat.
671 2725 815 2790 Etoerte
827 2725 977 2790 omnibus
989 2727 1058 2792 eius
1076 2725 1161 2805 liliis,
1179 2727 1372 2812 praesertim
1424 2735 1555 2794 centum
1578 2727 1721 2792 nummis
1742 2725 1941 2803 constiterat,
1963 2723 2021 2792 sad
2039 2743 2154 2808 agrum
2173 2725 2227 2807 qui
2244 2722 2391 2806 publicus

403 2833 483 2879 vero
504 2811 568 2894 ipsi
590 2811 708 2894 Ioseph
732 2822 766 2875 et
787 2810 863 2875 filiis
884 2831 949 2876 nou
973 2831 1040 2876 uua
1061 2811 1112 2877 vel
1136 2812 1274 2896 simplici
1296 2834 1372 2880 con·
1425 2813 1533 2880 luerat
1553 2811 1643 2878 urhis
1666 2811 1838 2880 Sichimae.
1884 2813 1930 2876 At
1951 2809 2128 2876 videndum
2156 2819 2206 2874 est
2232 2808 2391 2892 quomodo

404 2900 588 2965 firmatione
610 2917 691 2978 opus
715 2895 790 2973 fuit,
821 2917 862 2960 ue
891 2897 1064 2962 stationem
1095 2898 1156 2963 sibi
1179 2900 1316 2982 figerent
1337 2899 1373 2962 in
1425 2896 1744 2984 partumsuogladio
1760 2897 1862 2963 luisse
1879 2896 1975 2976 dicat,
1997 2916 2100 2980 quum
2117 2894 2241 2962 incolae
2257 2893 2390 2960 eoeleste
2482 2911 2483 2976 J

406 2986 572 3069 Aegypto,
601 2980 657 3046 sed
680 2981 798 3047 animis
820 2982 1007 3048 habitarent
1036 2983 1071 3046 in
1094 2990 1182 3048 terra
1203 2985 1371 3051 (ihanaan.
1426 2994 1460 3050 et
1491 2983 1665 3051 crudeliter
1697 3004 1717 3049 a
1743 2981 1898 3050 Simeons
1930 2990 1963 3048 et
1995 2982 2078 3048 Levi
2112 2980 2207 3048 occisi
2239 2980 2389 3046 luissent:
2482 3033 2483 3042 ,

405 3070 524 3135 Μοιιιε
547 3088 625 3132 suec
647 3068 681 3131 in
702 3067 791 3134 hune
818 3067 916 3132 finem
946 3067 1110 3145 meminit,
1140 3079 1178 3134 ut
1206 3083 1373 3135 aeternam
1426 3069 1585 3155 quomodo
1613 3069 1714 3153 igitur
1742 3068 1783 3133 ab
1809 3068 1875 3133 illis
1901 3070 1973 3134 iure
1994 3067 2151 3134 victoriae
2178 3065 2260 3150 eripi
2285 3066 2389 3148 potuit

407 3155 470 3221 Dei
503 3153 672 3218 vamtatem
702 3154 836 3217 minime
870 3154 909 3218 ab
938 3153 1110 3218 hominum
1138 3155 1208 3220 vita
1232 3155 1373 3239 pendere
1425 3155 1543 3240 quibus
1571 3154 1692 3220 bellum
1724 3155 1843 3220 iniuste
1875 3153 2004 3219 illatum
2033 3151 2106 3218 est'l
2140 3151 2193 3218 vel
2223 3150 2333 3234 potius
2358 3150 2391 3214 iu
2482 3141 2483 3184 ³

406 3239 593 3305 admoneat:
617 3259 654 3303 ae
672 3238 700 3302 si
719 3239 863 3318 dixisset,
884 3238 954 3303 vita
972 3237 1102 3321 quidem
1120 3259 1201 3320 mea,
1218 3241 1374 3307 utbrevis
1426 3263 1506 3326 quoe
1527 3242 1598 3306 sine
1621 3240 1704 3307 bello
1726 3238 1848 3323 perfide
1870 3239 2031 3305 saevitum
2053 3237 2136 3303 tuit?
2169 3237 2392 3322 Hieronymus
2482 3233 2483 3258 ¹

407 3333 440 3391 et
462 3325 583 3391 caduca
604 3325 681 3402 suit,
709 3322 876 3389 dilabitur:
906 3324 962 3388 eed
991 3325 1164 3406 promissio
1186 3325 1265 3407 Dei,
1292 3348 1374 3410 quae
1426 3327 1467 3394 ud
1485 3326 1673 3411 allegoriam
1691 3325 1845 3412 confugit,
1864 3325 1948 3408 quod
1960 3324 2013 3389 vel
2030 3323 2177 3408 pecunia,
2194 3344 2278 3406 quae
2296 3323 2392 3387 robur
2482 3309 2483 3336 ¹

406 3409 535 3475 nudum
565 3409 663 3474 habet
696 3411 811 3485 tinem,
844 3429 897 3474 me
929 3429 1056 3493 quoque
1086 3418 1213 3476 mortue
1243 3411 1372 3497 vigebit.
1427 3421 1575 3492 vocatur,
1604 3411 1655 3480 vel
1685 3412 1810 3478 iustitia
1838 3419 1951 3494 partus
1979 3411 2087 3476 fuerit.
2132 3407 2201 3474 Alii
2229 3407 2392 3491 prolepsin
2482 3461 2483 3480 ,

405 3496 507 3561 Nulla
528 3495 603 3560 liliis
623 3495 703 3560 visio
725 3503 854 3561 ostensa
876 3495 991 3574 fuerat,
1014 3493 1072 3562 sed
1092 3505 1240 3563 sanctum
1262 3518 1373 3564 senem
1426 3520 1496 3566 esse
1514 3499 1712 3576 existimant,
1731 3498 1822 3580 quasi
1841 3497 1880 3561 de
1898 3497 2007 3563 futura
2017 3495 2229 3578 acquisitione
2242 3493 2392 3577 loquatur
2482 3487 2483 3546 l

406 3583 497 3647 Deus
519 3579 748 3645 intermedium
773 3580 911 3646 foederis
938 3582 990 3645 sui
1019 3601 1210 3664 sponsorem
1243 3583 1374 3648 ordina·
1426 3585 1539 3651 Iacob:
1569 3583 1654 3668 quod
1678 3584 1738 3649 etsi
1762 3604 1826 3648 nen
1849 3582 2001 3664 repudio,
2030 3580 2160 3646 videtur
2179 3588 2291 3645 tamen
2313 3599 2392 3643 non·
2482 3573 2483 3660 Ϊ

405 3677 506 3732 verat.
541 3665 663 3733 Sedulo
681 3667 789 3748 itaque
806 3667 990 3733 iniunctum
1009 3667 1070 3733 sibi
1089 3689 1211 3734 munus
1228 3669 1375 3752 exsequi·
1426 3671 1510 3736 nihil
1541 3678 1697 3736 coactum.
1742 3669 1814 3754 Ego
1847 3669 1913 3734 huc
1943 3667 2054 3752 potius
2081 3666 2219 3731 incline:
2251 3665 2392 3749 primurn
2482 3677 2483 3752 l

406 3760 476 3832 tur,
511 3762 638 3816 mature
670 3771 884 3835 praecavens,
917 3775 958 3816 ne
987 3773 1046 3818 suo
1080 3753 1213 3820 interitu
1242 3755 1375 3821 vacillet
1427 3754 1511 3840 quod
1534 3755 1613 3820 velit
1633 3755 1762 3834 testari,
1791 3753 1876 3818 nihil
1898 3773 1934 3819 se
1961 3751 2086 3818 duobus
2107 3751 2184 3818 filiis
2206 3749 2342 3817 Simeon
2362 3755 2394 3812 st
2482 3767 2483 3828 ι

406 3859 518 3902 eorum
540 3837 630 3902 fides.
664 3835 721 3902 Sic
742 3858 843 3921 quum
858 3836 1021 3903 Dominus
1044 3859 1102 3921 per
1119 3839 1265 3906 homines
1288 3861 1374 3906 mor·
1426 3842 1513 3908 Levi
1534 3842 1669 3924 eripere,
1691 3840 1746 3924 qui
1766 3838 1929 3904 latronum
1953 3857 2042 3904 mere
2059 3837 2211 3920 'grassati
2237 3856 2302 3901 non
2322 3835 2393 3900 fue-

406 3925 488 3989 tales
511 3923 645 3988 verbum
668 3941 765 3988 suum
795 3923 915 3988 mundo
944 3922 1126 4002 tradiderit,
1156 3926 1304 4008 quamvis
1326 3926 1374 3991 illi
1426 3937 1503 3994 rant
1523 3927 1658 4008 legitimi
1681 3927 1827 4004 victores,
1850 3945 1955 4008 neque
1975 3944 2118 4006 unquam
2140 3922 2238 4006 potiti
2259 3922 2396 3987 fuissent
2482 3975 2483 3988 ,

406 4017 538 4093 ρειεειο
564 4009 654 4074 vitae
681 4009 840 4074 curriculo
877 4009 1056 4074 secundum
1089 4030 1221 4076 carnem
1254 4013 1375 4078 mortui
1427 4035 1492 4078 uuo
1522 4013 1591 4096 agri
1618 4009 1699 4097 pede
1727 4018 1803 4096 post
1830 4018 1975 4094 stragem
2003 4009 2133 4075 editam.
2185 4006 2277 4074 Adeo
2306 4007 2393 4071 enim

407 4096 489 4173 siut,
519 4115 583 4158 non
611 4103 719 4158 tamen
751 4093 848 4160 simul
877 4095 1039 4160 exstincta
1065 4101 1116 4161 est
1143 4117 1208 4162 vox
1230 4097 1374 4178 Domini,
1427 4099 1492 4164 illis
1514 4098 1598 4164 nihil
1620 4099 1763 4177 accessit,
1786 4103 1824 4161 ut
1844 4103 1970 4180 patrem
1992 4096 2104 4180 lugere
2124 4094 2304 4178 coegerint:
2333 4111 2394 4156 nec
2482 4123 2483 4144 ι

408 4179 465 4247 sed
496 4200 554 4244 nos
585 4178 682 4243 hodie
710 4179 870 4245 vivificat:
903 4179 976 4246 ideo
1005 4181 1124 4245 Petrus
1154 4200 1189 4246 ee
1222 4181 1374 4248 daturum
1426 4188 1586 4270 patuisset
1617 4185 1773 4267 effugium
1812 4183 1874 4248 nisi
1914 4180 2071 4248 mhaoulo
2109 4180 2250 4246 fuissent
2280 4177 2393 4261 erepti
2482 4197 2483 4260 ι

408 4285 540 4350 operam
568 4265 681 4330 scribit
711 4273 747 4329 ut
775 4274 850 4348 pest
881 4286 977 4331 suum
1005 4265 1182 4332 discessum
1209 4266 1375 4334 doetrinae
1427 4271 1601 4338 caeterum
1623 4269 1680 4336 ubi
1702 4267 1792 4334 inani
1810 4268 1905 4333 titulo
1928 4288 1983 4334 eos
2006 4266 2097 4333 exuit
2118 4265 2232 4343 Iacob,
2253 4265 2304 4329 ius
2327 4263 2393 4331 vio-
2482 4271 2483 4356 ι

409 4351 471 4418 eibi
493 4350 684 4416 commissae
705 4351 841 4416 ecclesia
868 4351 912 4416 sit
933 4371 1057 4416 memor
1078 4350 1121 4503 ξ.
1145 4353 1233 4418 Ρειι.
1258 4355 1286 4432 1,
1312 4353 1374 4441 15).
1427 4359 1527 4422 toriae
1546 4353 1586 4421 ad
1604 4376 1639 4422 se
1656 4353 1819 4432 transfert,
1839 4353 1932 4436 quasi
1944 4352 2103 4420 divinitus
2113 4350 2174 4417 sibi
2192 4367 2394 4417 eoncessum.
2482 4361 2483 4366 ’

495 4436 550 4501 Aa
571 4441 687 4501 ιειιαιιι
704 4441 836 4516 potrum
857 4441 1035 4502 εεεινοιιιιιι.
1113 4460 1154 4504 on
1178 4440 1235 4505 aba
1257 4462 1292 4506 re
1314 4441 1376 4506 sibi
1427 4443 1500 4508 Etsi
1522 4441 1609 4507 enim
1632 4442 1672 4507 ab
1702 4461 1812 4506 eorum
1842 4439 1964 4505 scelere
1992 4457 2120 4521 semper
2147 4435 2333 4513 abhorruit,
2363 4440 2395 4498 et

409 4527 442 4586 et
460 4521 607 4605 patribus
626 4521 776 4587 vendicat
793 4531 898 4587 terrae
917 4522 1105 4602 dominium,
1124 4525 1159 4588 in
1170 4545 1234 4606 qua
1248 4546 1376 4608 semper
1427 4526 1506 4592 illud
1525 4528 1675 4610 proximo
1691 4527 1796 4611 capite
1814 4523 2042 4591 detestabitur:
2065 4523 2142 4607 quia
2159 4529 2270 4587 tamen
2287 4541 2394 4585 arma·

409 4607 520 4689 vagati
547 4607 677 4670 fuerant
707 4613 859 4689 tanquam
896 4609 1015 4673 exteri:
1054 4629 1129 4672 nam
1163 4611 1239 4693 quia
1272 4611 1376 4677 videri
1428 4622 1542 4679 verant
1565 4620 1667 4678 totam
1688 4613 1759 4677 eius
1781 4612 1926 4689 domum,
1956 4611 2049 4694 quasi
2068 4609 2128 4676 sub
2150 4608 2220 4674 eine
2242 4605 2395 4689 auspiciis

410 4701 537 4774 poterat
577 4691 813 4774 quodammodo
852 4692 1054 4760 intercidisse
1091 4694 1153 4759 Dei
1193 4697 1375 4779 promissio,
1428 4698 1620 4766 militarunt.
1671 4697 1766 4780 Quod
1800 4696 1940 4764 libenter
1972 4695 2115 4771 fecisset,
2150 4693 2301 4776 consequi
2330 4712 2395 4756 nou

409 4777 494 4842 filios
516 4777 614 4861 erigit
634 4778 669 4840 in
693 4776 810 4843 bonam
832 4799 937 4861 spem,
968 4788 1000 4844 et
1026 4780 1153 4846 heroico
1176 4783 1282 4847 animo
1303 4803 1377 4865 pro·
1427 4786 1548 4867 potuit,
1588 4793 1625 4850 ut
1659 4784 1742 4849 salvi
1782 4789 1890 4848 essent
1924 4780 2012 4848 cives
2052 4778 2235 4848 Sichinrae:
2277 4797 2395 4862 agrum
2482 4785 2483 4844 l

410 4862 546 4928 nunciat
562 4876 683 4927 terram
701 4884 771 4929 esse
788 4885 890 4944 suam,
911 4864 947 4929 in
965 4885 1029 4948 qua
1047 4866 1103 4931 vix
1119 4863 1252 4932 tandem
1269 4867 1376 4951 sepul·
1428 4881 1539 4936 tamen
1570 4891 1681 4936 eorum
1710 4869 1847 4934 interitu
1876 4887 2015 4934 vacuum
2044 4872 2079 4932 et
2110 4864 2291 4944 desertum,
2323 4862 2396 4927 ideo
2482 4853 2483 4944 l

409 4969 503 5014 erum
536 4947 672 5031 adeptus
703 4956 767 5027 eet,
802 4948 899 5032 idque
933 4951 1087 5033 precario.
1137 4951 1233 5018 Unde
1266 4960 1375 5018 autem
1428 4977 1523 5021 suum
1553 4956 1646 5036 facit,
1674 4957 1750 5040 quis
1776 4955 1811 5020 in
1839 4954 1909 5020 eius
1938 4952 2079 5040 gratiam
2105 4949 2276 5018 homicidia
2304 4949 2396 5014 Deus
2482 4979 2483 5008 ι

409 5041 502 5099 tanta
519 5033 645 5112 fiducia,
668 5034 731 5099 nisi
753 5042 790 5100 ut
811 5033 851 5100 ad
874 5034 971 5100 fidem
995 5037 1175 5102 verboDeo
1193 5037 1375 5104 habendam
1425 5051 1623 5126 pepercerat.

410 5139 468 5184 suo
490 5119 638 5202 exemplo
660 5118 852 5186 assuefaciat
873 5119 979 5186 filios?
1022 5122 1115 5188 Haec
1144 5133 1254 5188 autem
1282 5124 1374 5190 uobis

411 5205 510 5268 stiam
532 5205 712 5279 eommunis
734 5214 785 5270 est
806 5205 964 5272 doctrina:
998 5207 1076 5290 quia
1104 5229 1274 5290 nunquam
1295 5211 1375 5278 sat-is

412 5289 514 5354 solide
525 5289 697 5355 innitimur
708 5291 771 5355 Dei
793 5290 893 5357 verbo
914 5291 1068 5376 quamdiu
1086 5293 1235 5360 sensibus
1256 5297 1376 5362 nestris
