4988 6192
392 440 459 508 403
1053 435 1425 506 contutabimus
1445 438 1497 505 IN
1519 435 1734 506 annuant.
2130 427 2137 438 ⁸
2326 437 2385 504 404

394 629 533 714 longum
572 637 700 710 tempus
738 626 903 710 patienter
932 635 965 691 et
998 626 1107 710 quieto
1139 625 1248 691 animo
1280 626 1368 690 inter
1417 626 1521 692 vortit
1547 626 1649 693 etiam
1676 625 1786 691 omnia
1817 631 1954 690 naturae
1981 624 2072 706 iura,
2105 624 2185 691 dum
2215 645 2387 711 germanas
2482 679 2483 704 ,

393 714 544 782 assiduos
555 712 681 779 labores
692 712 860 797 transegit.
889 711 939 778 Ac
956 712 1077 778 iterum
1094 711 1234 796 refulget
1247 709 1369 778 saeculi
1418 713 1539 778 scrofis
1559 712 1595 777 in
1618 711 1739 779 lectum
1760 731 1866 776 unum
1886 710 2033 790 coniicit,
2060 716 2098 777 ut
2119 711 2224 777 altera
2244 710 2289 776 sit
2310 710 2386 776 altc-

254 798 259 829 ¹
395 801 484 866 illius
500 797 675 884 integritas
693 805 729 863 et
745 799 953 876 continentia,
973 796 1170 882 quodquam
1182 797 1242 862 sub
1254 795 1368 863 eodem
1417 799 1488 863 rius
1509 797 1626 881 pellex.
1672 796 1785 897 Quum
1806 794 1887 862 haec
1907 795 2035 880 flagitia
2051 796 2210 864 Israelitis
2230 817 2291 883 pro
2334 805 2387 863 nat

394 884 583 951 habitarent
612 891 713 962 tecto,
753 892 787 950 ιι
819 883 989 949 familiaris
1021 903 1101 949 usus
1139 882 1368 959 intercederet,
1419 883 1529 949 Moses
1550 885 1587 948 in
1608 903 1739 968 generis
1760 881 1812 948 sui
1833 880 2035 964 primordiis,
2064 902 2134 948 non
2154 890 2205 949 est
2226 903 2272 966 qu
2335 902 2386 949 ecs

394 969 512 1054 pudice
533 977 644 1036 tamen
666 990 702 1036 se
723 969 862 1055 gesserit
882 967 996 1049 Iacob,
1019 976 1052 1034 et
1073 967 1114 1037 ab
1135 969 1225 1034 omni
1242 967 1369 1054 flagitio
1418 968 1512 1034 inflet
1544 989 1604 1036 sua
1634 968 1803 1048 nobilitas,
1834 973 1873 1034 ut
1904 967 2045 1046 nimium
2078 967 2260 1053 glorientur
2287 987 2323 1033 sc
2350 988 2387 1033 ex

394 1055 599 1123 abstinuerit.
643 1053 722 1121 Ideo
747 1063 821 1140 post
849 1063 1001 1122 exactum
1030 1061 1160 1138 tempus
1190 1052 1284 1119 dicit:
1313 1051 1370 1118 Do
1419 1055 1568 1138 patribus
1600 1053 1722 1121 sanctis
1752 1073 1824 1120 osse
1856 1053 1993 1137 genitos.
2047 1052 2271 1134 Quantumvis
2303 1053 2387 1119 enim

395 1141 475 1207 mibi
505 1161 634 1206 uuum
665 1145 700 1206 ct
729 1140 893 1225 ingredior
924 1141 967 1206 ad
998 1160 1082 1206 eam:
1114 1158 1178 1223 qao
1207 1140 1371 1226 significat
1419 1139 1560 1206 excellat
1580 1140 1695 1219 Iacob,
1717 1159 1785 1204 non
1808 1145 1920 1204 tomen
1941 1138 1991 1203 illi
2012 1139 2160 1206 nascitur
2181 1137 2308 1206 soboles
2328 1139 2388 1204 nisi

395 1227 554 1293 intentam
576 1225 683 1294 adhuc
704 1247 775 1293 esse
796 1225 970 1310 virginem.
1419 1247 1460 1293 cx
1477 1227 1607 1311 impura
1623 1225 1771 1306 colluvie,
1796 1223 1875 1290 dum
1896 1232 2028 1307 praeter
2043 1233 2197 1291 naturam
2213 1224 2387 1290 miscentur

482 1312 534 1379 22.
557 1310 601 1377 Et
621 1312 814 1397 congregavit
831 1311 952 1378 Lobma
987 1311 1062 1378 Non
1084 1311 1242 1396 intelligit
1259 1312 1369 1378 Moses
1420 1332 1486 1378 uno
1508 1311 1542 1377 in
1565 1311 1650 1380 lecto
1673 1311 1757 1376 duae
1779 1328 1923 1389 sorores,
1949 1311 2043 1393 quasi
2065 1311 2210 1378 belluino
2231 1330 2338 1388 more,
2359 1318 2387 1375 ct

395 1397 591 1464 instructam
613 1397 714 1463 fuisse
736 1416 869 1463 coenam
891 1397 954 1463 toti
973 1396 1108 1481 populo,
1133 1395 1190 1463 sed
1210 1394 1370 1480 plurimos
1420 1397 1503 1464 duae
1524 1405 1639 1481 postea
1659 1394 1859 1464 concubinae
1876 1395 1970 1461 velat
1985 1395 2020 1460 in
2039 1397 2206 1462 cumulum
2224 1394 2386 1462 accedunt.

397 1492 530 1550 vocatos
562 1484 663 1549 luisse
694 1482 867 1564 convivas,
898 1491 936 1548 ut
964 1484 1000 1549 in
1033 1481 1213 1567 splendidis
1244 1482 1370 1565 nuptiis
1420 1483 1575 1548 Vidimus
1597 1482 1728 1568 quidem
1750 1502 1849 1564 supra
1871 1480 1957 1547 hanc
1978 1480 2145 1548 licentiam
2174 1481 2272 1548 nimis
2293 1482 2388 1548 fuisse

397 1569 470 1635 fieri
501 1568 591 1635 solet.
642 1568 711 1634 Neo
744 1567 879 1635 dubium
911 1575 963 1634 est
993 1570 1074 1652 quin
1107 1569 1231 1634 maiore
1262 1565 1369 1633 studio
1420 1569 1591 1653 vulgarem
1609 1569 1697 1633 inter
1713 1565 1905 1633 orientales:
1927 1566 1984 1632 sed
2001 1586 2068 1632 non
2086 1567 2150 1633 fuit
2168 1566 2387 1632 inhominem

396 1654 582 1722 incubuerit
599 1653 642 1720 ad
662 1654 853 1721 convivium
870 1654 952 1720 illud
974 1653 1169 1733 ornandum,
1190 1663 1228 1718 ut
1245 1654 1369 1738 pudore
1420 1653 1570 1734 arbitrio,
1594 1655 1700 1740 legem
1717 1651 1863 1736 coniugii
1879 1650 2037 1719 divinitas
2053 1652 2095 1719 ab
2111 1653 2206 1718 initio
2223 1653 2387 1731 sancitam,

397 1741 590 1807 obstrictum
627 1745 757 1806 teneret
787 1739 901 1807 Iacob:
940 1761 981 1806 ne
1020 1741 1207 1824 coniugium
1239 1740 1275 1804 in
1307 1758 1370 1822 quo
1419 1760 1524 1824 prava
1544 1737 1779 1806 consuetudine
1796 1745 1953 1804 evertere.
1988 1737 2105 1822 Itaque
2121 1737 2228 1804 modis
2241 1738 2388 1805 omnibus

399 1825 553 1909 deceptus
583 1835 669 1906 erat,
702 1845 761 1910 pro
794 1825 898 1891 nihilo
931 1835 1042 1892 tamen
1075 1825 1193 1892 ducere
1225 1825 1369 1891 auderet.
1420 1824 1652 1892 inexcusabilis
1674 1837 1725 1889 cst
1745 1824 1871 1890 Laban.
1916 1822 1991 1889 litei
2013 1833 2124 1892 autem
2144 1824 2275 1907 culpam
2296 1822 2388 1890 Iacob

398 1911 487 1978 Hinc
516 1918 626 1976 autem
654 1911 853 1996 colligimus,
884 1921 1007 1996 quanta
1035 1912 1133 1977 fuerit
1161 1920 1239 1977 tunc
1260 1911 1370 1977 ooniu·
1421 1911 1627 1995 aliquatenus
1665 1917 1800 1976 excusat
1838 1909 2030 1987 necessitas,
2071 1929 2138 1974 non
2177 1916 2288 1975 temen
2319 1929 2388 1974 eum

399 1997 483 2084 galis
509 1997 573 2062 tori
601 1994 659 2062 rel'
687 1997 727 2063 ⁸0.
770 1996 864 2064 Haeo
892 1999 980 2062 enim
1007 1997 1133 2064 occasio
1160 1995 1295 2062 fallendi
1316 1995 1371 2060 Ia-
1420 2017 1554 2081 prorsus
1586 1995 1735 2062 absolvit.
1789 1995 1928 2061 Poterat
1958 1994 2047 2062 enim
2079 1995 2185 2060 Lcam
2217 1993 2388 2073 dimittere,

399 2083 458 2150 cob
486 2081 566 2160 fuit,
598 2104 642 2168 qu
712 2089 750 2148 ut
780 2102 972 2165 sponsarum
1004 2082 1122 2168 pudori
1155 2083 1371 2158 consulerent,
1421 2082 1507 2166 quod
1535 2103 1620 2148 uxor
1648 2102 1715 2147 non
1747 2088 1833 2147 esset
1863 2079 2020 2164 legitima.
2072 2079 2273 2165 Coniugium
2307 2081 2389 2145 enim

398 2167 525 2234 velatas
547 2166 709 2235 ducebant
730 2168 766 2232 in
786 2168 987 2234 cubiculum:
1015 2187 1106 2233 nunc
1126 2169 1246 2234 reiecta
1267 2166 1371 2232 veteri
1420 2169 1515 2248 facit,
1539 2176 1654 2233 mutua
1675 2167 1776 2233 marie
1804 2173 1838 2232 ιι
1865 2165 2007 2232 leminea
2027 2164 2182 2232 voluntas
2203 2175 2237 2232 et
2257 2185 2389 2232 consen·

400 2253 573 2336 disciplina
592 2252 743 2319 homines
763 2253 840 2318 facti
861 2261 941 2319 sunt
963 2255 1054 2338 quasi
1077 2253 1291 2321 semibestiae.
1421 2274 1493 2319 stis:
1526 2254 1579 2321 cui
1611 2253 1694 2319 nihil
1722 2252 1828 2336 magis
1856 2251 2056 2317 contrarium
2083 2261 2134 2317 est
2162 2271 2261 2335 quam
2293 2271 2388 2316 error.
2482 2247 2483 2256 ’

485 2337 537 2405 25.
561 2334 606 2404 Et
626 2339 710 2404 dicit
732 2339 777 2404 ud
798 2337 918 2404 Lobca
962 2339 1040 2404 Iure
1069 2340 1254 2422 expostulat
1274 2337 1371 2404 Iacob
1420 2337 1519 2404 Iacob
1539 2345 1649 2405 autem
1665 2338 1712 2404 sic
1729 2358 1802 2404 eam
1824 2356 1971 2416 uxorem,
1994 2356 2013 2401 a
2034 2356 2099 2488 gua
2119 2337 2247 2404 sobitus
2268 2344 2390 2402 cratae

400 2424 441 2489 de
462 2422 576 2490 haudo
597 2423 660 2490 sibi
680 2424 776 2490 iacta.
819 2425 865 2489 Et
892 2425 1060 2508 responsio
1081 2425 1213 2506 Laban,
1241 2422 1373 2489 tametsi
1421 2425 1514 2503 libcr,
1535 2425 1659 2491 invitos
1679 2423 1809 2500 retinet,
1830 2430 1868 2488 ut
1888 2421 2014 2487 malum
2059 2421 2180 2507 uplicet
2200 2421 2392 2508 polygamia,

399 2508 499 2575 habet
512 2507 634 2597 aliquid
652 2509 776 2588 coloris,
794 2509 943 2575 fraudem
954 2518 1067 2576 ιιιιιιιιι
1078 2511 1214 2575 minime
1227 2516 1371 2574 excusat.
1421 2510 1565 2595 triplicet
1580 2530 1660 2576 vero
1676 2507 1871 2574 incestuosis
1889 2509 2023 2592 nuptiis.
2058 2508 2112 2574 Ita
2128 2508 2279 2575 videmus
2300 2507 2391 2573 effer·

400 2594 475 2660 Non
497 2603 568 2660 eret
588 2595 689 2660 moris
710 2595 835 2662 elocare
856 2595 940 2662 filias
961 2603 1044 2662 natu
1071 2597 1214 2662 minores
1240 2594 1372 2659 maiori·
1422 2596 1533 2663 baisse
1560 2593 1771 2660 immodicum
1792 2613 1936 2659 amorem
1957 2593 2131 2674 Rachelis,
2157 2595 2214 2677 qui
2237 2593 2338 2660 semel
2358 2594 2392 2658 in
2482 2631 2483 2640 .

399 2679 462 2746 bus
494 2680 694 2764 praeteritis:
727 2688 760 2746 ot
791 2681 945 2746 iniuriam
978 2680 1109 2748 fecisset
1135 2681 1372 2765 primogenitae
1423 2683 1493 2749 eius
1525 2682 1633 2747 animo
1666 2699 1820 2746 accensus
1852 2678 1975 2760 iuerat,
2007 2691 2046 2745 ut
2077 2699 2185 2763 neque
2216 2679 2393 2744 moderatio

400 2774 592 2833 consuetum
621 2765 769 2831 ordinem
790 2764 970 2846 turbando,
998 2765 1055 2832 scd
1079 2786 1144 2833 non
1166 2765 1239 2832 ideo
1261 2764 1373 2831 debuit
1423 2787 1529 2850 neque
1562 2766 1731 2834 consilium
1763 2765 1901 2850 rigeret.
1949 2763 2047 2846 Quod
2074 2763 2116 2830 ad
2142 2763 2244 2830 verba
2272 2771 2394 2848 spectet

400 2851 510 2918 dolose
531 2850 692 2935 spondere
712 2850 908 2930 Rachelem,
935 2859 968 2918 et
989 2852 1153 2919 inlocum
1175 2852 1247 2918 eius
1268 2851 1372 2916 Iream
1424 2852 1569 2919 diversos
1593 2872 1710 2919 sensus
1737 2852 1880 2916 afferunt
1905 2849 2113 2934 interpretes.
2156 2849 2302 2932 Quidam
2324 2869 2395 2933 pro·

401 2957 594 3021 supponere.
629 2936 744 3003 Potius
765 2936 876 3003 debuit
892 2939 930 3004 in
946 2945 1092 3022 tempore
1109 2958 1242 3003 monere
1263 2936 1372 3020 ipsum
1424 2959 1544 3005 nomen
1573 2937 1867 3003 demonstrativum
1894 2935 1936 3001 od
1963 2934 2200 3002 hebdomadem
2233 2937 2395 3002 referunt:
2482 2933 2483 2948 ¹

352 3053 358 3064 ·
400 3021 499 3122 Iacob
517 3031 554 3122 ut
570 3023 716 3122 animum
739 3023 893 3089 adiiceret
909 3022 951 3124 ιιι
968 3023 1083 3124 Leam,
1106 3023 1160 3090 vel
1177 3021 1218 3124 ab
1236 3028 1374 3105 utroque
1426 3024 1481 3089 olii
1502 3045 1581 3091 vero
1602 3022 1644 3089 ad
1665 3023 1785 3089 Ireem:
1808 3021 1901 3105 quasi
1922 3020 2050 3123 dictum
2066 3029 2169 3102 esset,
2191 3042 2260 3087 non
2283 3020 2398 3087 ductu·

401 3106 1375 3296 ιιιιιιιιιιιιιιιιῖιιιιιι
1425 3131 1500 3297 ιι
1518 3106 2167 3294 ιιιιιιιιιιιιιι
2185 3125 2399 3293 urae:

402 3277 1375 3450 atti.‚fi:ttusstttttttttttmffiotttt
1425 3277 2297 3450 :titt,ttttttttffitttt‘tttttt
2314 3276 2400 3462 tt

402 3460 514 3536 egerat
531 3469 606 3517 cum
623 3460 749 3535 nepote,
771 3459 895 3536 septem
914 3472 1078 3520 annorum
1099 3473 1215 3537 operas
1223 3472 1290 3604 Kc
1306 3450 1377 3516 filia
1425 3453 1515 3539 poris
1536 3451 1699 3518 distulerit
1719 3449 1861 3534 nuptias,
1882 3449 1939 3516 sed
1959 3449 2036 3533 quia
2056 3450 2093 3515 in
2113 3469 2236 3516 novam
2257 3457 2403 3517 sermin-

402 3536 579 3622 exigendo:
619 3537 740 3604 iniuste
772 3539 842 3605 sine
875 3537 949 3605 dcto
980 3538 1083 3608 filiam
1114 3539 1254 3606 merce'
1305 3536 1376 3604 loco
1425 3535 1721 3622 tem-ceaddioere
1742 3542 1872 3602 coactus
1893 3544 1944 3601 est
1962 3535 2070 3602 Iacob.

402 3623 632 3708 prostituerat:
672 3622 734 3690 hcc
765 3643 851 3691 vcro·
874 3624 973 3710 longe
1003 3624 1189 3711 indignius,
1222 3641 1376 3707 sponsam
1511 3624 1563 3690 30.
1592 3622 1637 3688 Et
1663 3621 1774 3688 deleat
1800 3621 1894 3686 ιιιαιιι
1923 3619 2043 3687 Rocbel
2068 3622 2172 3706 magio
2199 3637 2297 3705 quom
2326 3619 2403 3686 Leo.

402 3709 527 3794 perfide
544 3709 656 3793 nepoti
673 3708 787 3790 iurari,
804 3723 992 3793 pervertere
1004 3711 1218 3778 sacrasconiu
1245 3711 1264 3725 ''
1277 3709 1376 3795 leges,
1425 3710 1500 3777 Non
1521 3708 1655 3775 dubium
1676 3714 1728 3774 est
1746 3705 1826 3790 quin
1847 3706 1952 3774 Mcsis
1971 3707 2144 3774 consilium
2165 3706 2268 3775 fuerit
2288 3706 2405 3772 hodu-

403 3794 488 3860 nihil
520 3796 687 3880 integrum
719 3795 771 3861 vel
803 3795 933 3863 salvum
969 3796 1163 3880 relinquere.
1217 3731 1378 3862 &demus
1426 3811 1500 3864 cere
1520 3802 1654 3879 peccato
1674 3793 1787 3860 Iacob:
1814 3799 1853 3858 ut
1873 3791 1969 3858 nobis
1989 3794 2107 3858 timere
2129 3791 2312 3872 discamus,
2335 3811 2406 3858 om·

402 3888 516 3947 tamon
545 3888 583 3947 ιιι
608 3881 736 3946 tlrmum
762 3901 922 3966 spargens
955 3882 1127 3948 honestam
1155 3880 1378 3947 defensionem
1426 3902 1549 3965 nosque
1570 3887 1699 3946 nocuas
1721 3879 1866 3946 actiones
1894 3878 1937 3944 ad
1964 3879 2097 3945 unicam
2125 3878 2220 3945 verbi
2241 3878 2309 3945 Dei
2330 3898 2407 3943 nor·

404 3987 439 4033 se
456 3966 578 4032 habere
594 3974 697 4050 putet,
719 3967 796 4050 qnia
812 3987 882 4032 mos
904 3969 1046 4052 regionis
1063 3989 1129 4034 non
1148 3976 1219 4033 erat
1235 3968 1378 4033 minores
1427 3987 1517 4033 mam
1549 3966 1690 4050 exigere.
1741 3963 1827 4029 Nam
1857 3964 1885 4030 si
1911 3965 1960 4030 ita
1991 3965 2164 4048 prolapsus
2191 3971 2244 4030 cst
2269 3973 2409 4030 sanetus

403 4053 570 4137 praeferre
591 4050 777 4118 maioribus.
1427 4051 1623 4138 patriarcha,
1645 4051 1717 4134 quis
1733 4059 1884 4116 nostmm
1901 4070 1921 4114 a
1938 4048 2040 4116 simili
2055 4049 2154 4116 ruina
2174 4069 2314 4117 securus
2338 4050 2410 4124 erit,

490 4137 542 4203 27.
574 4136 699 4220 Uorapte
723 4137 946 4204 bebrimodum
974 4137 1078 4204 tate.
1122 4138 1196 4204 Iam
1227 4137 1379 4204 occalluit
1428 4139 1495 4205 nisi
1512 4137 1576 4205 Dei
1597 4134 1760 4221 praesidio
1781 4135 1952 4201 servetur?
1971 4135 2018 4202 lit
2034 4135 2132 4202 sinim
2150 4145 2290 4219 apparet
2308 4153 2410 4219 quam

405 4223 523 4289 Laban
542 4223 598 4289 ‘ad
630 4223 806 4290 maleficia:
843 4223 964 4290 alteros
996 4226 1084 4288 enim
1117 4231 1240 4307 septem
1275 4243 1379 4289 annos
1428 4223 1610 4309 periculosa
1632 4223 1675 4288 sit
1695 4229 1827 4304 patrum
1848 4221 2006 4301 imitatio,
2034 4220 2221 4305 posthabita
2240 4219 2321 4306 lege
2342 4219 2411 4285 Do-

405 4310 518 4392 nepoti
539 4316 713 4394 extorquet
729 4318 768 4374 ut
784 4307 834 4374 illi
850 4307 954 4375 nubat
975 4308 1078 4374 altera
1099 4309 1175 4375 filie.
1210 4307 1248 4376 Si
1266 4308 1378 4375 decem
1429 4310 1520 4376 mini.
1563 4309 1610 4374 lit
1630 4315 1743 4374 tamen
1764 4308 1800 4372 in
1821 4328 1861 4373 ea
1881 4305 1944 4373 sibi
1964 4314 2134 4390 tantopere
2157 4307 2293 4390 plaoent
2316 4305 2412 4373 stulti

406 4395 489 4460 alias
507 4392 683 4474 habuisset,
702 4401 836 4480 paratus
853 4394 971 4461 fuisset
984 4415 1098 4461 omnes
1115 4413 1295 4479 exponere:
1312 4395 1379 4460 imo
1429 4395 1590 4480 papistae,
1630 4403 1669 4459 ut
1699 4411 1759 4477 pro
1795 4393 1868 4477 lego
1907 4392 2108 4458 servandum
2146 4412 2215 4458 non
2252 4392 2413 4459 dubitent

405 4481 509 4546 filiam
536 4481 624 4547 ultro
651 4481 746 4566 quasi
773 4479 926 4546 νιιιιιιιιιι
946 4479 1109 4559 obtrudit,
1136 4480 1380 4565 susquedeque
1429 4479 1588 4566 quidquid
1610 4477 1797 4562 apotribus
1818 4479 1941 4545 lactum
1962 4476 2085 4564 legunt.
2121 4477 2216 4544 Adde
2238 4477 2335 4560 quod
2354 4475 2414 4543 sibi

405 4566 530 4633 faciens
562 4565 676 4634 illicite
707 4565 955 4632 nundinationis
988 4564 1141 4647 dedecus,
1172 4565 1270 4632 modo
1301 4565 1380 4632 inde
1428 4573 1539 4651 patres
1556 4566 1719 4632 asciscunt
1736 4563 1859 4630 talibus
1880 4563 1958 4629 liliis
1978 4562 2112 4648 dignos:
2135 4572 2173 4628 ιιι
2192 4562 2326 4630 delirus
2346 4563 2415 4646 qui·
2482 4547 2483 4610 Ῐ

406 4652 535 4718 lucrum
551 4658 704 4735 reportet
744 4651 786 4717 In
804 4671 843 4717 eo
860 4661 970 4717 ιιιιιιι
987 4653 1132 4736 graviter
1148 4658 1269 4736 peccat,
1292 4649 1380 4736 quod
1429 4652 1511 4719 libet
1537 4649 1717 4718 monachus
1749 4649 1855 4733 pluris
1882 4649 1927 4715 sit
1958 4649 2045 4733 apud
2073 4669 2130 4716 cos
2158 4669 2258 4732 quam
2297 4669 2416 4715 omnes
2482 4683 2483 4736 4

405 4758 473 4803 non
493 4744 622 4803 tantum
643 4737 832 4823 polygamia
852 4737 1000 4821 implicat
1021 4745 1172 4820 nepotem
1194 4759 1300 4816 suum,
1322 4736 1380 4804 sed
1429 4735 1645 4822 patriarchae.
1695 4734 1791 4817 Quod
1824 4735 1991 4819 spernitur
2018 4735 2089 4801 Lea
2117 4756 2138 4801 a
2169 4735 2314 4814 marito,
2351 4754 2417 4800 non

404 4823 539 4889 incestis
570 4825 730 4908 coniugiis
761 4823 870 4973 iguem
899 4829 933 4888 et
957 4823 1044 4889 filios
1072 4823 1198 4906 polluit.
1248 4822 1288 4890 Si
1316 4844 1381 4908 qua
1430 4824 1500 4890 sine
1533 4823 1604 4888 eius
1638 4819 1735 4904 culpa
1765 4821 1898 4900 accidit,
1930 4821 2110 4904 meritoque
2142 4839 2215 4886 cam
2242 4820 2418 4887 Dominus
2482 4883 2483 4892 ,

799 4907 932 4993 iligitur,
953 4929 1026 4974 eam
1048 4909 1217 4992 repudiari
1237 4914 1382 4992 praestat
1430 4908 1578 5009 castigat,
1601 4907 1690 4991 quod
1705 4907 1777 4990 ipsa
1794 4927 1923 5006 quoquc
1943 4913 2100 4990 paternae
2121 4903 2247 4972 nouus
2270 4906 2417 4983 conscia,

405 4928 528 4974 uxore
550 4909 667 4975 marito
687 4930 754 4975 non

406 5015 506 5079 quam
527 4993 632 5060 altera
653 4992 789 5060 inducta
809 4995 916 5060 teneri
933 4995 1025 5060 velut
1045 4995 1220 5078 captivam,
1243 5002 1277 5060 et
1295 5015 1381 5061 moe·
1431 5014 1533 5061 sorori
1554 4994 1710 5060 maritum
1739 4991 1875 5077 indigne
1903 4991 2100 5058 abduxerat:
2135 4989 2194 5058 sed
2217 4991 2297 5058 eius
2322 4993 2419 5075 culpa

405 5100 480 5146 rore
508 5081 635 5146 confici.
679 5080 796 5164 Itaque
816 5078 979 5146 Dominus
1006 5101 1066 5230 {er
1087 5079 1302 5159 Malachiam,
1333 5079 1381 5145 di·
1430 5101 1499 5147 non
1520 5086 1656 5146 excusat
1674 5076 1844 5144 libidinem
1864 5077 1972 5145 Iacob.

406 5167 548 5231 vortium
571 5164 648 5252 poly
691 5167 758 5231 mia
779 5165 885 5249 magis
905 5165 1010 5231 tolera
1032 5165 1074 5232 ile
1096 5185 1166 5232 esse
1187 5167 1384 5250 pronunciat
1516 5164 1568 5230 31.
1592 5163 1637 5230 Et
1654 5164 1734 5230 aut
1750 5159 1918 5232 Dominae.
1951 5163 2025 5230 Hoc
2041 5161 2112 5229 loco
2135 5161 2286 5229 ostendit
2306 5164 2420 5230 Moses

406 5247 680 5334 (Malac.2,14.
725 5250 842 5316 haban
864 5251 1004 5316 avaritia
1025 5271 1156 5330 caecus,
1186 5251 1271 5320 filias
1295 5253 1383 5317 inter
1455 5259 1679 5334 raeposterom
1719 5269 1864 5315 amorem
1895 5249 1995 5317 Iacob
2033 5247 2136 5315 fuisse
2174 5255 2373 5316 correctum
2402 5267 2421 5311 a

408 5357 443 5402 se
465 5337 649 5416 committit,
671 5346 709 5401 ut
728 5335 893 5401 hostiliter
910 5343 979 5402 tota
997 5337 1064 5402 vita
1082 5335 1268 5404 dissideant.
1302 5338 1382 5403 Per·
1466 5337 1591 5414 omino,
1624 5344 1664 5401 ut
1699 5334 1782 5402 solet
1808 5335 1955 5401 fidelium
1984 5334 2136 5414 affectus,
2169 5354 2280 5418 quum
2320 5333 2422 5401 nimis
