4988 6192
380 409 448 476 483
1041 399 1413 469 COMMENTARIUS
1431 403 1480 468 IN
1503 401 1716 471 GENESIN.
2319 399 2378 464 484

385 593 487 664 cende
505 612 571 656 non
590 591 689 656 luisse
707 589 901 673 appositum.
925 588 1055 655 Scimus
1073 589 1240 672 pecuarios
1258 588 1358 655 luisse
1411 589 1522 659 debuit
1550 591 1613 674 ipsi
1640 590 1755 669 Iacob,
1781 589 1933 673 quamvis
1962 587 2032 654 eius
2065 587 2202 671 imperio
2235 587 2376 654 subesset

385 702 451 747 non
480 687 624 743 aratores
650 675 736 741 filios
766 675 871 740 Iacob.
918 673 1030 755 Quum
1060 673 1153 739 nulla
1174 674 1240 740 illis
1262 675 1360 740 fuerit
1409 676 1529 760 Ioseph
1546 677 1771 762 propheticam
1785 684 1895 741 tamen
1913 695 2085 758 personam
2103 676 2273 740 sustinere.
2302 672 2376 739 Cre-

385 765 500 832 messis
530 783 627 846 quam
656 761 863 844 colligerent,
893 758 1023 826 videtur
1048 759 1108 827 hoc
1138 782 1254 844 parum
1283 783 1359 828 cou-
1411 762 1510 828 dibile
1539 772 1603 842 est,
1632 763 1709 847 quia
1738 762 1821 827 filios
1849 759 2003 828 cernebat
2030 767 2098 824 tam
2128 759 2315 836 malevolos,
2346 769 2376 824 ut

384 869 504 938 gruere
532 846 617 932 quod
646 847 797 912 adoretur
826 847 896 911 eius
924 847 1121 929 manipulus.
1178 844 1244 911 Sed
1276 848 1360 913 forts
1410 858 1596 916 occurreret
1612 847 1766 932 periculo,
1790 846 1960 914 simulasse
1979 846 2066 929 quod
2084 855 2240 910 nouerat.
2267 844 2376 927 Neque
2476 857 2477 884 ι

385 937 533 1005 consulto
555 933 641 1000 hano
664 931 909 998 similitudinem
932 933 1031 1017 elegit
1048 931 1148 1009 Deus,
1172 940 1210 997 ut
1231 932 1361 999 doceret
1411 936 1499 1000 enim
1520 935 1591 1019 ipse
1613 934 1740 1001 somnio
1761 932 1825 998 fuit
1846 933 2003 998 offensus:
2035 930 2092 998 sed
2112 931 2304 1014 exasperari
2325 952 2377 995 no·

385 1022 579 1090 vaticinium
612 1020 674 1086 hoc
707 1040 773 1084 uon
809 1019 844 1082 in
882 1019 1049 1103 praesenti
1081 1017 1214 1083 fortuna
1243 1017 1359 1103 loseph
1410 1021 1472 1085 luit
1492 1041 1605 1086 eorum
1628 1020 1764 1099 animos,
1792 1018 1909 1102 quibus
1938 1026 2069 1102 propter
2090 1015 2279 1100 superbiam
2303 1017 2376 1081 tolc-

385 1108 558 1176 lnndatum
589 1127 676 1183 esse,
707 1126 767 1172 uec
794 1103 924 1187 imperii
946 1105 1118 1170 materiam
1141 1105 1208 1169 fore
1238 1126 1278 1169 ex
1307 1105 1359 1169 his
1410 1107 1522 1173 rabilis
1543 1128 1607 1171 ncu
1627 1113 1699 1171 erat
1716 1104 1884 1172 subiectio.
1915 1103 1987 1188 Ego
2005 1111 2092 1168 certe
2111 1102 2290 1186 placandae
2307 1122 2377 1167 ccu-

386 1215 469 1280 quae
491 1192 532 1258 ad
554 1213 688 1257 manum
711 1198 940 1274 suppeterent,
972 1190 1028 1256 sed
1050 1190 1118 1256 fore
1141 1189 1358 1255 adventitium
1411 1193 1550 1258 tentioui
1572 1192 1769 1269 studentem,
1792 1190 1897 1255 filium
1919 1197 2025 1256 astute
2047 1187 2294 1272 reprehendisse
2316 1209 2376 1252 nou

386 1283 518 1359 bouum,
537 1279 629 1344 euius
647 1297 745 1342 causa
763 1276 841 1341 alibi
860 1296 957 1359 quam
970 1275 1055 1341 domi
1067 1276 1255 1359 quaerenda
1265 1277 1357 1342 foret.
1410 1278 1531 1344 dubito.
1562 1277 1759 1360 Quanquam
1778 1275 1858 1341 haee
1876 1275 1960 1340 ratio
1977 1274 2113 1342 minime
2124 1272 2197 1338 Deo
2215 1274 2376 1357 probatur,

472 1365 503 1432 8.
527 1363 616 1428 Num
635 1363 793 1446 regnando
814 1360 958 1445 regnabis
979 1383 1074 1444 super
1092 1381 1159 1428 cos.
1189 1361 1254 1426 Hic
1271 1362 1359 1428 clare
1410 1373 1447 1429 ut
1469 1366 1633 1449 fingamus
1656 1385 1715 1430 nos
1738 1361 1868 1428 veritati
1890 1381 1962 1428 esse
1984 1359 2148 1438 adversos,
2171 1358 2249 1424 dum
2271 1358 2376 1424 stude·

386 1452 480 1519 nobis
502 1448 685 1515 ostenditur
707 1456 746 1512 ut
766 1457 923 1531 paternus
940 1446 1004 1512 Dei
1026 1449 1119 1515 favor
1140 1469 1219 1532 erga
1241 1448 1359 1514 electos
1410 1471 1484 1514 mus
1506 1471 1618 1516 eorum
1636 1448 1840 1514 iracundiam
1862 1446 1977 1512 sedare
1998 1447 2054 1528 qui
2072 1461 2186 1512 contra
2201 1445 2379 1510 insaniunt.

407 1537 480 1604 nasi
489 1536 654 1602 flabellum
678 1535 721 1599 sit
732 1532 913 1600 excitandis
935 1543 1047 1599 contra
1070 1554 1124 1598 cos
1136 1532 1249 1598 mundi
1267 1533 1358 1598 odiis.
1411 1534 1561 1602 Debebat
1582 1535 1691 1619 potius
1715 1534 1859 1618 ingenus
1888 1532 2011 1600 hortari
2040 1532 2125 1597 filios
2153 1552 2195 1602 ne
2224 1531 2377 1596 advorsus

385 1561 516 1707 llorrigi
538 1622 598 1687 hoo
618 1619 713 1685 modo
730 1619 890 1685 iniustum
911 1617 1020 1684 odium
1040 1618 1156 1697 decuit,
1178 1640 1280 1702 quum
1303 1640 1360 1684 au·
1411 1623 1580 1687 stimulum
1603 1621 1820 1686 calcitrarent.
1854 1617 1918 1683 Vel
1939 1627 2027 1683 certe
2048 1618 2129 1684 haec
2151 1615 2297 1682 tenenda
2315 1629 2377 1680 erat

387 1710 494 1776 direut
527 1707 586 1772 filii
613 1706 711 1772 Iacob
744 1727 779 1770 se
811 1704 934 1770 frustra
956 1705 1028 1770 Deo
1057 1705 1170 1771 obniti.
1218 1705 1360 1771 Perinde
1411 1706 1599 1775 moderatio.
1633 1704 1671 1772 Si
1694 1706 1831 1790 vulgare
1853 1704 2015 1770 somnium
2038 1714 2097 1783 est,
2120 1704 2192 1770 sius
2213 1702 2378 1768 stomacho

386 1797 474 1862 enim
504 1803 553 1858 est
581 1813 618 1858 ao
648 1793 676 1858 si
704 1792 796 1857 Deus
817 1813 851 1856 se
873 1789 1015 1856 medium
1043 1811 1221 1875 opponens,
1248 1812 1361 1856 eorum
1412 1791 1572 1858 rideatur:
1603 1792 1633 1858 si
1663 1800 1770 1858 autem
1794 1812 1813 1854 a
1836 1791 1907 1855 Deo
1929 1788 2091 1868 manavit,
2113 1789 2205 1854 nefas
2223 1797 2275 1854 est
2297 1788 2377 1853 oblo-

387 1883 531 1947 furorem
560 1885 778 1960 compesceret
806 1876 856 1942 his
887 1878 1008 1943 verbis:
1051 1876 1184 1942 Oarebit
1216 1877 1362 1961 profectu
1412 1879 1477 1962 qui.
1521 1880 1637 1944 Potest
1658 1879 1754 1942 etiam
1776 1877 1846 1941 fieri
1871 1885 1906 1940 ut
1930 1875 2018 1941 senis
2040 1875 2185 1941 animum
2207 1876 2379 1958 pupugerit

387 1967 488 2050 impia
517 1976 625 2031 vestra
647 1963 857 2047 conspiratio:
889 1984 966 2028 nam
994 1963 1133 2047 crepetis
1160 1963 1244 2040 licet,
1273 1963 1361 2028 huno
1412 1965 1604 2030 absurditas.
1651 1961 1780 2030 Scimus
1803 1961 1890 2026 euim
1913 1981 2010 2043 quam
2033 1960 2165 2026 difficile
2187 1961 2231 2025 sit
2252 1981 2378 2026 omnem
2478 1975 2479 2000 ³

387 2074 447 2138 ego
469 2050 652 2135 prinoipem
669 2049 832 2122 constitui.
856 2047 896 2114 ad
919 2048 1011 2114 cuius
1033 2048 1208 2131 perniciem
1232 2070 1291 2114 vos
1309 2069 1361 2113 ra·
1412 2049 1620 2116 altitudinem
1650 2049 1800 2133 protinus
1829 2067 1957 2113 exuere.
2010 2045 2079 2112 Sed
2106 2047 2196 2129 prior
2224 2047 2380 2128 expositio

386 2141 436 2224 pit
457 2136 595 2204 scelesta
617 2134 750 2199 invidia.
790 2135 890 2200 Forte
912 2135 1012 2199 etiam
1034 2135 1096 2200 hoc
1118 2133 1233 2199 solatio
1256 2135 1361 2200 sancti
1411 2136 1528 2202 melius
1550 2155 1728 2220 congruere
1746 2132 1886 2199 ridetur.
1920 2133 2019 2198 Oerte
2041 2133 2192 2216 quamvis
2213 2131 2379 2215 paululum

386 2222 602 2290 adolescentis
631 2220 813 2285 molestiam
842 2219 951 2284 lavaro
981 2218 1093 2285 voluit.
1149 2221 1250 2304 Atqui
1282 2220 1362 2286 lecit
1412 2232 1542 2288 aresta
1569 2221 1657 2287 linea
1678 2219 1819 2286 declinet
1839 2218 1953 2295 Iacob,
1980 2218 2016 2283 iu
2044 2239 2082 2284 eo
2112 2226 2224 2282 tamen
2250 2227 2381 2300 apparet

385 2311 520 2377 illorum
541 2307 714 2372 obstinatio
735 2315 773 2370 ut
794 2307 898 2389 magis
920 2305 1189 2372 inflammaretur.
1244 2305 1361 2372 Disca-
1412 2329 1479 2374 ncu
1502 2307 1649 2390 vulgaris
1671 2307 1790 2389 pietas,
1819 2302 1906 2388 quod
1934 2303 2029 2370 facile
2051 2303 2239 2387 praevaluit
2261 2302 2380 2368 oraculi

387 2417 461 2462 mus
472 2395 575 2478 igitur
587 2414 651 2457 non
670 2412 767 2475 aegre
790 2391 883 2470 ferre,
906 2392 934 2456 si
952 2391 1083 2474 quando
1096 2392 1187 2458 uobis
1200 2391 1361 2476 affulgens
1412 2395 1605 2460 reverentia.
1642 2391 1750 2476 Impia
1773 2411 1850 2457 vero
1871 2391 2075 2456 contumacia
2096 2391 2131 2454 in
2154 2389 2232 2454 filiis
2253 2409 2291 2454 sc
2314 2410 2380 2472 pro·

388 2482 453 2549 Dei
474 2480 590 2566 gratia,
614 2477 708 2543 nobis
729 2476 887 2542 invidiam
908 2478 1038 2542 conflet.
1091 2477 1264 2543 Caeterum
1285 2477 1360 2561 plus
1412 2479 1469 2557 dit,
1493 2481 1571 2544 dum
1594 2479 1629 2542 in
1651 2478 1757 2546 maius
1778 2476 1887 2541 odium
1906 2485 2133 2560 prorumpunt.
2164 2475 2249 2540 Nam
2273 2496 2380 2557 quam·

388 2567 468 2636 satis
496 2565 583 2631 acuti
611 2572 689 2629 sunt
718 2563 835 2628 somnii
862 2561 1058 2646 interpretes
1082 2563 1140 2628 filii
1163 2562 1271 2629 Iacob:
1302 2563 1361 2628 sed
1413 2566 1464 2631 vis
1482 2565 1645 2631 somnium
1658 2570 1824 2648 spernant,
1843 2581 1907 2627 non
1927 2571 2036 2627 tamen
2056 2562 2095 2626 de
2113 2559 2215 2626 nihilo
2233 2570 2381 2626 uruntur.
2479 2567 2480 2574 ’

389 2652 481 2737 qnasi
503 2649 646 2735 fabulam
669 2647 828 2726 derident,
851 2649 926 2733 quia
948 2657 1110 2733 repugnat
1132 2669 1243 2714 eorum
1265 2651 1360 2718 votis.
1413 2651 1571 2718 Libenter
1594 2648 1786 2716 habuissent
1807 2648 1941 2714 fratrem
1964 2647 2121 2713 ludibrIo:
2145 2646 2202 2712 sed
2224 2649 2382 2712 constrin-
2479 2645 2480 2658 ²

387 2739 441 2806 Ita
463 2757 559 2820 saepe
581 2734 740 2818 contingit
768 2756 823 2800 ecs
853 2735 909 2818 qui
937 2735 1022 2799 male
1044 2734 1151 2801 affecti
1172 2745 1258 2816 suut,
1287 2757 1362 2819 pro·
1413 2739 1462 2822 git
1488 2758 1543 2804 eos
1570 2735 1716 2803 occultus
1739 2733 1872 2817 qnidam
1902 2732 2083 2800 divinitatis
2110 2753 2236 2810 seusus,
2267 2743 2307 2796 ut
2332 2732 2383 2796 ali·

389 2827 480 2890 tinus
502 2843 619 2907 capere
641 2819 719 2903 quid
742 2819 821 2885 velit
843 2819 951 2885 Deus:
978 2819 1035 2886 sed
1057 2821 1135 2904 quia
1156 2820 1248 2886 nulla
1270 2842 1362 2887 reve·
1414 2821 1491 2906 quid
1503 2822 1738 2899 authenticum,
1757 2819 1862 2886 velint
1873 2819 1988 2898 nolint,
2006 2819 2130 2885 sentire
2140 2831 2310 2902 cogantur.
2331 2818 2383 2884 In·

389 2909 496 2977 rentia
517 2916 708 2992 tanguntur,
730 2914 946 2971 contemnere.
983 2905 1070 2972 Huic
1093 2926 1172 2974 vero
1194 2915 1361 2972 coutuma-
1414 2915 1504 2974 teres
1535 2908 1675 2992 impellit
1706 2927 1762 2972 eos
1794 2925 1890 2972 caeca
1922 2904 2051 2982 ferocia,
2087 2917 2127 2969 ιιι
2156 2905 2231 2971 Deo
2257 2913 2384 2988 praeter

390 2997 459 3064 ciae
480 2992 625 3062 succedit
642 3001 766 3074 stupor,
789 2991 844 3074 qui
862 2993 1003 3075 priorem
1021 2993 1110 3058 illam
1129 2993 1362 3076 perspicaciam
1415 2995 1516 3059 animi
1549 2993 1754 3077 propositum
1787 2991 1950 3058 resistant.
2006 2991 2095 3072 Ergo
2131 2997 2169 3056 nt
2201 2991 2297 3058 Deus
2328 3011 2385 3056 nos

394 3081 490 3148 delet.
1415 3082 1593 3164 morigeros
1615 3080 1677 3146 sibi
1699 3077 1828 3157 habeat,
1850 3076 2014 3144 discamus
2036 3075 2174 3144 abiicere
2191 3077 2277 3142 altos
2294 3076 2385 3160 epiri·

477 3165 507 3232 9.
531 3163 575 3230 Ει
610 3163 780 3230 sancierit
818 3162 919 3228 adbuc
956 3163 1121 3229 somnium.
1182 3163 1274 3230 Idem
1314 3172 1364 3232 est
1415 3177 1483 3232 tus:
1508 3167 1585 3250 quia
1607 3164 1780 3232 docilitatis
1801 3163 1933 3229 initium
1957 3171 2016 3242 est,
2040 3161 2117 3228 dum
2143 3163 2311 3230 sustinent
2331 3162 2385 3227 ho·
2480 3199 2481 3204 κ

391 3253 490 3320 huius
518 3251 635 3318 somnii
668 3268 794 3332 scopus.
836 3248 948 3315 Unum
981 3258 1032 3315 est
1060 3249 1246 3330 discrimen,
1279 3250 1363 3334 quod
1416 3254 1520 3318 mices
1542 3273 1577 3317 se
1598 3252 1669 3336 cogi
1692 3251 1726 3314 in
1749 3249 1905 3316 ordinem.
1947 3249 2154 3314 Damnabilis
2171 3250 2235 3315 luit
2256 3249 2292 3314 in
2316 3248 2388 3312 filiis

391 3341 495 3418 Deus,
517 3336 645 3420 utplus
662 3333 738 3400 fidei
759 3335 907 3401 conciliet
925 3335 1063 3414 oraculo,
1082 3337 1221 3420 figuram
1240 3357 1258 3402 e
1276 3337 1365 3404 coelo
1417 3338 1514 3404 Iaoob
1536 3337 1617 3403 haec
1639 3336 1858 3416 contumacia,
1880 3335 1966 3418 quod
1988 3333 2198 3402 subiectionis
2226 3334 2302 3400 odic
2323 3354 2385 3398 non

392 3424 553 3510 proponit.
596 3419 796 3505 Sprevcraut
817 3420 936 3486 fratres
955 3421 1070 3504 loseph
1092 3420 1177 3505 quod
1200 3421 1239 3488 de
1261 3423 1364 3488 mani·
1416 3423 1512 3490 modo
1534 3423 1725 3506 repulerunt
1747 3422 1809 3487 Dei
1831 3417 2016 3500 oraculum,
2043 3421 2100 3486 sed
2122 3422 2192 3486 eius
2215 3421 2337 3486 nuncio
2357 3425 2388 3482 et

392 3510 480 3596 pulis
499 3508 624 3575 dictum
645 3507 769 3586 fuerat,
799 3527 887 3571 nune
910 3506 1070 3574 Dominus
1099 3507 1141 3572 ad
1162 3507 1244 3574 coeli
1265 3509 1365 3573 iutui-
1415 3509 1568 3593 praeconi
1589 3509 1699 3574 infesti
1727 3508 1868 3573 suerunt.
1919 3507 2018 3573 Nunc
2044 3515 2167 3589 quanto
2193 3508 2307 3572 minus
2335 3528 2388 3572 ex-

392 3607 464 3664 tum
487 3599 674 3672 eosevooat
698 3592 753 3657 ubi
775 3592 898 3658 relucet
919 3600 1059 3676 augusta
1070 3594 1232 3660 maiestas.
1256 3591 1366 3674 Quae·
1416 3595 1570 3663 cusabilis
1593 3594 1656 3660 erit
1677 3601 1789 3660 nostra
1811 3592 1958 3672 durities,
1981 3592 2045 3658 nisi
2067 3593 2195 3677 placide
2212 3593 2299 3660 colla
2316 3591 2389 3657 sub-

392 3682 478 3748 ritur
499 3693 609 3746 tamen
631 3677 790 3761 quomodo
813 3677 873 3745 boo
895 3679 1077 3758 conveniat,
1100 3688 1274 3746 venturam
1296 3700 1367 3746 esse
1417 3681 1547 3746 iicimus
1569 3680 1646 3765 iugo
1665 3679 1807 3757 Domini,
1826 3689 1997 3762 postquam
2016 3678 2211 3744 humilitatis
2233 3679 2388 3751 doctrina,

394 3777 534 3834 matrem
562 3774 598 3831 ut
627 3765 754 3843 adoret,
782 3783 865 3846 quae
894 3763 960 3828 iam
989 3775 1120 3830 mortua
1141 3773 1221 3832 erat.
1269 3764 1367 3847 Quod
1417 3788 1499 3850 quae
1522 3787 1581 3832 nos
1602 3765 1732 3849 subigit,
1756 3764 1900 3848 adeoque
1917 3764 2101 3842 mortificat,
2125 3785 2191 3830 non
2210 3766 2310 3830 modo
2328 3763 2391 3830 cla·

394 3852 539 3920 Hebraei
562 3849 693 3934 quidam
716 3849 913 3933 interpretes
939 3850 979 3914 ad
1001 3849 1102 3916 Bilha
1123 3851 1287 3929 referunt,
1311 3852 1367 3916 fri·
1418 3854 1486 3918 rins
1508 3851 1602 3918 nohis
1620 3859 1737 3918 testata
1759 3862 1818 3929 est,
1837 3849 1895 3916 sed
1916 3850 2058 3934 pretioso
2081 3851 2206 3917 Christi
2230 3849 2392 3936 sanguine

395 3941 509 4026 gidum
539 3947 602 4017 est,
632 3946 665 4001 st
693 3937 763 4000 sine
787 3934 906 4000 talibus
928 3935 1058 4017 effugiis
1079 3936 1217 4020 simplex
1241 3946 1369 4004 constat
1418 3937 1565 4005 sancita?
1590 3937 1764 4005 Caeterum
1786 3938 1814 4002 si
1837 3937 1957 4002 multos
1979 3933 2128 4003 videmus
2151 3936 2248 4002 hodie
2271 3938 2390 4002 refrac-

396 4045 526 4094 sensus:
557 4043 633 4088 nam
663 4021 712 4086 sol
742 4029 774 4086 et
795 4021 875 4085 luna
904 4030 1079 4105 utrumque
1102 4031 1200 4105 eaput
1227 4023 1369 4088 familiae
1419 4025 1529 4100 turios,
1550 4024 1606 4107 qui
1626 4030 1765 4088 renuant
1787 4023 1995 4106 evangelium
2013 4023 2174 4105 amplecti,
2198 4023 2256 4090 sed
2278 4031 2394 4090 contra

396 4113 584 4195 designant:
614 4108 662 4172 ita
689 4108 724 4171 in
754 4107 816 4172 hac
837 4107 943 4191 effigie
965 4109 1070 4172 cernit
1092 4107 1212 4191 loseph
1234 4131 1268 4174 se
1291 4107 1368 4174 ado·
1418 4118 1569 4194 proterve
1598 4110 1786 4193 insurgant,
1820 4130 1886 4174 non
1916 4106 2087 4174 turbemur
2113 4110 2206 4192 quasi
2229 4131 2265 4175 re
2297 4127 2390 4184 nova,

397 4199 464 4264 rari
487 4217 506 4260 a
528 4202 595 4260 tcta
618 4203 754 4275 paterna
776 4191 881 4258 domo.
1419 4217 1518 4280 quum
1534 4193 1703 4278 superbiae
1725 4192 1836 4259 morbo
1858 4194 1983 4260 laboret
2005 4202 2109 4259 totum
2131 4195 2317 4260 humanum
2342 4215 2393 4278 ge·

485 4282 535 4346 11.
559 4279 603 4344 Et
623 4279 794 4360 increpavit
814 4299 884 4342 cam
899 4283 1002 4358 pater.
1053 4277 1090 4344 Si
1112 4278 1296 4363 suspicatus
1319 4301 1369 4345 es·
1419 4303 1492 4348 uus.
1543 4280 1728 4366 Evangelio
1754 4289 1865 4347 autem
1894 4279 1930 4344 in
1959 4279 2102 4346 nihilum
2129 4280 2302 4365 redigatur
2326 4289 2393 4344 tcta

398 4376 449 4434 set
470 4367 567 4434 Iacob
596 4387 638 4430 cx
662 4385 749 4430 vana
771 4363 947 4430 ambitione
970 4373 1160 4448 conceptum
1191 4386 1261 4431 esse
1283 4387 1369 4432 scm·
1419 4369 1527 4434 caruis
1549 4368 1769 4452 gloria,·qu1n
1791 4377 1897 4449 potrus
1924 4386 2065 4432 seramus
2094 4368 2296 4450 praefractos
2329 4387 2396 4430 ma·

397 4455 499 4532 nium,
533 4455 605 4515 iure
643 4451 746 4515 filium
781 4451 980 4533 increparet:
1014 4471 1129 4516 verum
1162 4451 1190 4516 si
1223 4455 1370 4536 agnoscit
1421 4475 1499 4518 nere
1528 4474 1650 4533 omnes,
1684 4453 1747 4520 nisi
1775 4453 1831 4536 qui
1860 4474 1880 4518 a
1906 4454 2024 4535 spiritu
2049 4453 2112 4518 Dei
2142 4453 2270 4520 subacti
2302 4473 2395 4516 man-

396 4541 507 4606 Deum
529 4558 600 4604 esso
623 4537 740 4601 somnii
763 4545 920 4614 autorem,
947 4557 1013 4601 non
1037 4544 1087 4602 est
1108 4536 1194 4620 quod
1215 4547 1369 4621 expostu-
1421 4550 1583 4606 suescunt.

395 4627 443 4690 let
465 4645 539 4690 oum
561 4623 636 4688 lilio.
667 4619 764 4702 Quod
787 4633 895 4688 autem
914 4621 1095 4706 agnoverit,
1118 4624 1195 4688 hinc
1217 4624 1370 4708 colligere
1507 4626 1557 4690 12.
1581 4624 1624 4690 Et
1639 4624 1773 4706 profecti
1793 4629 1867 4689 eant
1886 4623 2004 4705 [ratres
2025 4625 2104 4689 eius
2146 4624 2340 4708 Antequam
2361 4623 2398 4686 de

396 4711 490 4776 licet:
521 4711 598 4792 quia
626 4728 694 4773 rcm
726 4709 811 4772 serio
842 4707 1064 4774 considerasse
1098 4717 1210 4792 postea
1241 4709 1368 4776 dicitur.
1421 4711 1561 4777 nefando
1573 4710 1739 4794 parricidii
1750 4709 1883 4775 consilio
1894 4719 2012 4776 tractet
2024 4711 2143 4789 Moses,
2162 4711 2397 4795 profectionem

397 4797 509 4862 Moses
542 4795 628 4858 enim
663 4794 771 4875 ipsum
805 4793 993 4858 discernens
1026 4815 1045 4858 a
1073 4794 1163 4874 filiis,
1198 4795 1258 4860 bos
1288 4797 1371 4862 nihil
1421 4798 1540 4881 Ioseph
1562 4795 1757 4873 describens,
1780 4796 1892 4860 multis
1914 4795 2168 4862 circumstantiis
2191 4799 2398 4862 atrocitatem

399 4891 529 4966 praeter
550 4879 695 4944 invidiae
714 4880 805 4943 virus
829 4881 970 4962 spirasse
989 4880 1082 4945 dicit:
1106 4881 1199 4945 illum
1221 4903 1300 4947 vero
1323 4905 1371 4947 se·
1422 4883 1553 4949 sceleris
1580 4883 1765 4964 arrrplificat.
1828 4881 1964 4948 Accedit
2001 4881 2042 4945 ad
2075 4904 2130 4948 eos
2165 4884 2264 4947 frater
2301 4881 2399 4946 officii

400 4989 474 5034 oum
497 4977 667 5049 reputasse
689 4966 845 5047 quidnam
875 4965 935 5030 hcc
958 4965 1072 5030 vellet:
1104 4967 1189 5049 quod
1213 4969 1283 5033 lieri
1306 4991 1371 5034 non
1422 4971 1538 5053 gratia,
1557 4979 1593 5033 ut
1617 4969 1761 5032 fraterne
1784 4965 1823 5032 de
1845 4969 1991 5050 ipsorum
2009 4976 2096 5032 statu
2114 4969 2269 5051 inquirat.
2298 4968 2402 5032 Venit

399 5057 508 5139 potuit
525 5053 588 5116 nisi
613 5061 718 5116 tactus
741 5052 854 5115 luisset
876 5053 1070 5116 reverentia.
1102 5051 1167 5119 Sed
1186 5074 1285 5134 quum
1304 5057 1373 5120 eius
1423 5057 1525 5138 patris
1552 5053 1723 5120 mandato:
1753 5075 1857 5136 neque
1885 5061 1996 5118 tamen
2038 5054 2163 5118 invitus
2194 5055 2399 5137 obsequitur.

400 5141 511 5206 animo
528 5136 669 5203 insideat
691 5136 848 5219 quaedam
867 5138 991 5221 religio,
1014 5139 1173 5220 quomodo
1191 5140 1294 5206 filium
1317 5141 1373 5206 ob·
1425 5142 1519 5206 sicuti
1555 5162 1595 5204 ex
1626 5159 1781 5223 responso
1811 5140 1881 5205 eius
1910 5147 2010 5222 patet.
2074 5141 2184 5205 Anxie
2219 5139 2297 5205 illos
2331 5161 2403 5224 per-

400 5223 533 5310 iurgat?
557 5224 619 5288 hoe
642 5236 728 5287 corte
747 5245 811 5288 non
835 5235 885 5286 cet
903 5245 998 5288 suum
1017 5225 1086 5289 Deo
1109 5225 1264 5290 honorem
1287 5227 1373 5292 eius·
1424 5229 1532 5310 quirit,
1552 5238 1583 5291 et
1601 5227 1751 5312 quamvis
1773 5233 1953 5292 mutassent
1971 5227 2087 5304 locum,
2107 5247 2174 5290 non
2193 5235 2309 5292 umen
2333 5247 2402 5307 par-

400 5332 465 5394 que
488 5309 587 5380 verbo
610 5309 754 5374 reddere.
807 5309 929 5374 Venire
958 5311 1045 5374 enim
1076 5311 1136 5378 hcc
1166 5313 1200 5376 in
1229 5325 1374 5378 mentem
1425 5315 1468 5378 cit
1496 5313 1597 5378 labori
1628 5333 1664 5378 ac
1694 5312 1869 5389 molestiae,
1900 5310 2002 5378 donec
2031 5333 2085 5380 eos
2115 5312 2266 5396 reperiat.
2315 5313 2407 5396 Ergo
