4988 6192
256 437 259 446 ι
368 407 433 472 543
1029 399 1398 482 COMMENTARIUS
1421 401 1472 466 IN
1494 400 1708 468 GENESIN.
2292 402 2343 470 544

370 595 428 662 sed
453 595 538 678 patri
565 615 677 659 eorum
707 593 904 676 peculiarem
934 595 1042 660 Deum
1070 591 1225 676 assignat.
1271 590 1344 674 Ego
1397 589 1511 656 morbo
1540 589 1666 656 laborat
1694 589 1899 674 superstitio,
1930 588 2014 672 quod
2045 589 2167 656 scilicet
2195 590 2281 672 plena
2301 601 2341 660 est

368 683 481 764 itaque
503 701 568 746 non
592 678 703 744 dubito
723 677 802 760 quin
825 678 955 763 Ioseph,
978 679 1054 744 licet
1074 678 1183 761 palam
1205 676 1345 759 receptis
1396 673 1516 756 fastus,
1548 684 1586 740 ut
1607 683 1740 742 cunctos
1762 675 1913 741 homines
1938 675 2092 740 vitiorum
2115 685 2279 758 praetextu
2297 679 2341 744 de·

370 763 656 850 superstitionibus
679 764 763 828 nihil
786 766 947 850 corrigere
969 765 1092 842 liceret,
1116 763 1203 828 domi
1226 761 1343 826 saltem
1396 761 1523 844 spiciat.
1569 760 1748 843 Quaeritur
1769 769 1879 826 tamen
1910 782 1953 827 an
1974 760 2047 826 ideo
2075 762 2217 844 separati
2242 763 2344 828 luerint

371 859 507 919 conatus
536 852 578 916 sit
608 851 732 935 erigere
762 872 878 915 verum
911 851 1010 915 unius
1039 851 1104 916 Dei
1136 848 1275 926 cultum,
1309 867 1345 912 ac
1397 846 1552 932 Aegyptii
1575 869 1594 912 a
1616 845 1736 929 Ioseph
1758 846 1845 930 quod
1867 867 1943 912 cum
1970 866 2098 930 quoque
2127 846 2277 930 pollutum
2296 850 2344 916 du·

371 958 502 1022 semper
523 938 664 1002 infixum
687 936 832 1001 tenuerit
853 934 967 1002 foedus
989 935 1087 1013 illud,
1116 933 1156 1000 de
1178 953 1243 1018 quo
1265 953 1346 1017 puer
1396 942 1524 998 carent:
1547 932 1608 1000 hoc
1630 936 1718 998 enim
1740 932 1894 998 videntur
1912 931 2015 998 Mosis
2033 932 2132 998 verba
2149 934 2285 999 innuere.
2314 933 2343 1002 Si

371 1033 507 1108 epatre
535 1021 714 1088 audiverat.
759 1020 855 1102 Quod
877 1043 915 1087 eo
945 1022 1050 1107 magis
1076 1019 1255 1086 notandum
1285 1027 1346 1098 est,
1397 1018 1457 1084 hoc
1480 1019 1650 1102 recipitur,
1680 1018 1765 1084 tanti
1788 1017 1849 1084 fuit
1870 1017 1936 1084 illis
1958 1017 2042 1084 falsa
2063 1018 2195 1102 religio,
2218 1033 2251 1082 ut
2269 1041 2342 1102 prae-

371 1113 447 1194 quia
476 1109 548 1174 sine
577 1107 652 1172 odio
679 1109 715 1171 in
742 1115 839 1191 gente
869 1114 936 1173 tam
967 1106 1109 1192 superba
1141 1127 1207 1170 non
1241 1105 1346 1188 potuit
1396 1104 1519 1170 iactum
1537 1104 1745 1171 contumeliis
1763 1105 1893 1172 allicere
1910 1125 1975 1170 non
1992 1103 2223 1170 dubitaverint
2251 1105 2345 1174 Potius

371 1203 504 1267 sanctus
522 1193 576 1260 vir
599 1192 651 1258 vel
670 1193 843 1258 minimum
861 1215 881 1257 a
898 1195 1067 1259 communi·
1083 1213 1146 1257 usu
1165 1192 1344 1257 deflectere.
1396 1197 1507 1256 tamen
1536 1191 1684 1257 coniicio:
1714 1189 1834 1273 Ioseph
1865 1191 1998 1256 honoris
2025 1209 2122 1256 causa
2154 1211 2287 1256 seorsum
2311 1193 2344 1258 ab

372 1283 462 1365 Ergo
484 1281 517 1344 in
540 1299 682 1363 persona
711 1279 879 1343 oeconomi
907 1279 1060 1344 laudatur
1089 1278 1195 1344 virtus
1217 1275 1346 1358 Ioseph,
1396 1275 1462 1340 illis
1485 1275 1689 1355 accubuisse,
1712 1276 1866 1358 quoniam
1888 1275 2066 1342 absurdum
2089 1286 2173 1342 esset
2196 1279 2294 1343 vocari
2311 1279 2345 1344 ab

372 1369 450 1452 quia
472 1364 635 1450 publicam
657 1364 815 1430 invidiam
838 1387 903 1430 non
928 1365 1067 1446 veritus,
1092 1364 1178 1428 intra
1201 1363 1345 1446 privatos
1397 1381 1435 1426 eo
1464 1363 1635 1440 convivas,
1670 1362 1725 1445 qui
1755 1381 1962 1428 communem
1991 1382 2138 1427 mensam
2167 1373 2346 1444 respuerent.

371 1452 514 1538 parietes
536 1471 613 1516 vcro
636 1449 708 1515 Deo
738 1451 894 1516 honorem
921 1450 1044 1516 tribuit.
1090 1449 1129 1515 Si
1151 1449 1222 1531 quis
1244 1455 1345 1532 roget,
1396 1446 1512 1530 Itaque
1533 1447 1701 1531 probabile
1723 1455 1788 1528 est,
1818 1448 2009 1513 distinctum
2035 1447 2098 1530 ipsi
2121 1447 2241 1532 Ioseph
2265 1447 2347 1515 fuisse

371 1538 460 1605 unde
499 1535 634 1602 sciverit
665 1535 762 1601 Iacob
797 1557 866 1602 esse
905 1537 974 1601 veri
1005 1536 1068 1600 Dei
1101 1534 1276 1600 cultorem:
1309 1534 1346 1597 in
1397 1531 1554 1616 ordinem,
1573 1533 1726 1617 quoniam
1738 1533 1785 1598 ita
1796 1532 1922 1600 ferebat
1933 1534 2003 1598 eius
2018 1531 2176 1618 dignitas:
2198 1535 2347 1618 Aegyptiis

371 1633 527 1708 promptu
545 1629 594 1688 est
612 1623 793 1704 responsio:
812 1620 932 1707 Ioseph
946 1643 1010 1686 non
1030 1642 1131 1704 usquc
1149 1619 1229 1685 adeo
1247 1619 1345 1684 fuisse
1398 1627 1507 1684 aumm
1530 1641 1596 1685 non
1616 1619 1718 1686 fuisse
1746 1619 1929 1702 permixtos
1957 1619 2043 1684 filios
2065 1618 2178 1700 Iacob,
2213 1622 2280 1702 quia
2296 1621 2346 1685 illis

372 1708 553 1786 crudelem,
581 1709 659 1790 quin
683 1706 869 1774 Simeonem
892 1708 1057 1790 captivum
1080 1707 1257 1773 clementer
1278 1706 1345 1770 ius·
1398 1713 1507 1770 essent
1546 1703 1790 1771 abominabiles.
1845 1705 1932 1770 Nam
1965 1705 2026 1770 etsi
2060 1715 2138 1770 nota
2169 1715 2240 1770 erat
2275 1706 2348 1790 origo

373 1797 452 1862 sarit
474 1795 616 1859 tractari.
662 1792 860 1876 Quanquam
883 1815 940 1876 pro
963 1792 1075 1858 obside
1108 1792 1241 1858 relictus
1268 1799 1345 1869 erat,
1398 1789 1533 1873 Ioseph,
1573 1792 1747 1857 transierat
1782 1801 1894 1856 tamen
1926 1790 1967 1856 ad
2002 1792 2184 1876 Aegyptios
2216 1799 2252 1856 ut
2280 1799 2348 1857 assat

373 1881 403 1948 si
431 1891 541 1945 tamen
569 1878 711 1945 creditus
740 1878 855 1944 fuisset
881 1879 1082 1962 explorator,
1117 1877 1242 1944 duriter
1271 1898 1346 1941 eum
1398 1878 1490 1959 quasi
1520 1899 1604 1942 unus
1627 1898 1644 1942 e
1667 1896 1812 1962 corpore.
1856 1875 1932 1957 Quo
1960 1877 2058 1943 etiam
2086 1876 2223 1942 consilio
2251 1898 2349 1942 noman

372 1973 546 2032 tractasset
569 1975 677 2030 custos
706 1966 854 2030 carceris.
899 1963 1093 2030 Mandatum
1115 1985 1193 2047 ergo
1215 1960 1347 2044 aliquod
1398 1961 1618 2046 imposituma
1635 1983 1711 2046 rege
1728 1963 1844 2039 fuerat,
1863 1983 1963 2046 quum
1982 1983 2131 2028 summae
2148 1963 2350 2045 praefecturae

374 2053 444 2118 dari
483 2051 628 2135 oportuit
667 2049 830 2116 humanae
869 2049 923 2115 vel
965 2049 1092 2115 mediae
1132 2047 1345 2114 tractationis.
1398 2047 1584 2132 insignibus
1609 2068 1684 2114 eum
1714 2055 1855 2113 ornaret.
1902 2047 2079 2118 Caeterum
2100 2069 2203 2131 quum
2226 2047 2351 2114 videmus

373 2137 471 2204 Unde
504 2134 679 2220 probabilis
709 2135 838 2202 elicitur
867 2133 1067 2213 coniectura,
1091 2134 1209 2218 Ioseph
1232 2134 1347 2199 domus
1399 2135 1568 2200 ecclesiam
1599 2134 1663 2200 Dei
1693 2154 1713 2199 a
1745 2132 1891 2217 profanis
1935 2134 2123 2199 hominibus
2167 2142 2247 2200 tunc
2287 2133 2351 2199 adeo

373 2245 450 2289 suae
483 2224 661 2305 praefecto,
694 2222 750 2304 qui
779 2243 798 2286 a
827 2221 967 2288 consiliis
995 2222 1131 2286 interior
1160 2227 1244 2298 erat,
1277 2240 1345 2284 rem
1399 2221 1537 2302 superbe
1568 2220 1667 2285 tuisse
1697 2216 1898 2302 despectam,
1929 2238 1995 2285 nou
2025 2227 2075 2285 cst
2102 2219 2190 2303 quod
2216 2221 2351 2285 miremur

373 2309 548 2392 aperuisse.
1398 2304 1519 2370 talibus
1546 2305 1642 2370 hodie
1672 2304 1799 2388 probris
1819 2324 1880 2371 nos
1909 2325 2037 2389 quoque
2065 2305 2189 2372 subiici.
2233 2306 2351 2370 Interim

459 2394 511 2460 25.
535 2392 640 2459 Donec
661 2393 776 2458 vendet
797 2391 908 2475 Ioseph
932 2392 1072 2458 meldis.
1116 2389 1264 2456 Dubium
1286 2398 1345 2468 est,
1398 2389 1506 2456 danda
1534 2410 1632 2474 opera
1661 2399 1711 2456 est
1737 2398 1776 2455 ut
1804 2413 1863 2457 nos
1893 2411 1913 2455 a
1942 2390 2091 2457 sordibus
2123 2391 2242 2456 mandi
2268 2411 2352 2474 puros

373 2481 514 2546 fueritne
544 2478 711 2542 ordinaria
740 2478 820 2544 haec
849 2477 1032 2561 prandendi
1059 2478 1142 2545 hora
1163 2476 1346 2560 Aegyptiis,
1399 2477 1542 2543 Domino
1574 2497 1766 2543 servemus:
1796 2485 1829 2542 et
1857 2477 1904 2541 ita
1932 2475 2078 2542 studium
2101 2477 2164 2541 hoc
2186 2485 2353 2560 temperan-

375 2587 417 2632 an
439 2565 535 2630 citius
556 2565 651 2630 solito
673 2573 806 2648 propter
827 2565 983 2630 convivas
1005 2564 1193 2628 accubuerit
1214 2562 1271 2626 illo
1293 2560 1346 2627 die
1398 2561 1475 2626 dum
1499 2573 1536 2627 ut
1557 2563 1659 2628 simus
1678 2584 1698 2628 a
1719 2562 1809 2628 vitiis
1831 2561 1939 2646 potius
1961 2562 2059 2627 aliani
2081 2584 2179 2646 quam
2204 2562 2243 2628 ab
2264 2562 2351 2626 homi-

374 2651 504 2734 Ioseph.
557 2649 743 2715 Verisimile
770 2657 881 2714 tamen
915 2657 980 2728 cst,
1014 2649 1120 2714 notari
1152 2655 1345 2715 consuetum
1397 2647 1503 2714 nibus.
1548 2648 1636 2714 Nam
1658 2656 1691 2713 et
1711 2647 1783 2713 ideo
1812 2649 1995 2714 sanctificat
2016 2648 2101 2715 filios
2123 2669 2201 2716 suos
2223 2649 2307 2715 Deus
2324 2657 2354 2712 ut

373 2734 556 2822 prandendi
580 2756 712 2801 morem.
753 2733 951 2818 Quanquam
979 2734 1192 2812 orientalibus
1219 2754 1346 2817 quoque
1399 2734 1524 2798 avitiis
1542 2733 1697 2810 fidelium,
1720 2734 1903 2816 intorques
1924 2743 2110 2812 versantur,
2131 2735 2352 2800 albicaverat:

373 2821 502 2906 populis
530 2819 660 2886 diversa
687 2841 757 2886 esse
787 2821 893 2903 potuit
921 2822 1027 2886 victus
1055 2821 1154 2885 ratio:
1188 2841 1255 2884 non
1285 2818 1345 2884 soli
1397 2819 1612 2888 nihilominus
1625 2819 1999 2903 insocietatempietatis
2016 2819 2171 2902 alliciant,
2189 2822 2355 2904 quicunque

373 2918 483 2974 tamen
501 2909 653 2991 Aegypto
670 2906 705 2970 in
723 2928 785 2972 usu
807 2906 940 2971 fuerunt
961 2904 1108 2989 prandia,
1131 2905 1187 2973 sed
1204 2904 1345 2971 Iudaeae
1398 2913 1476 2970 sunt
1514 2905 1685 2972 sanabiles.
1741 2905 1818 2970 Duc
1857 2913 1967 2970 autom
2001 2904 2056 2972 hic
2094 2906 2240 2972 videnda
2276 2913 2354 2971 eunt:

373 3003 408 3058 et
440 2993 513 3058 aliis
546 2992 662 3058 vicinis
696 2991 894 3077 regionibus.
945 2991 1110 3058 Credibile
1143 3000 1252 3057 tamen
1286 2998 1344 3069 est,
1397 3010 1515 3074 nempe
1537 2999 1573 3056 ut
1595 2991 1689 3057 nobis
1709 2992 1811 3074 probe
1832 2998 1959 3058 constet
1978 2991 2056 3058 fidei
2077 3002 2210 3059 nostrae
2238 2993 2354 3058 veritas:

371 3080 472 3145 fuisse
493 3077 559 3142 illie
581 3097 756 3144 coenarum
783 3077 867 3154 loco,
901 3077 985 3160 quod
1009 3085 1042 3142 et
1069 3078 1185 3162 longae
1212 3097 1345 3142 mensae
1398 3075 1515 3142 deinde
1532 3099 1574 3142 ne
1591 3077 1763 3143 morositas
1781 3085 1895 3143 nostra
1914 3077 2017 3142 nimia
2034 3078 2104 3144 siue
2122 3079 2233 3144 fructu
2251 3077 2355 3142 multoe

372 3163 491 3242 forent,
514 3184 575 3229 uec
597 3161 710 3228 calidis
732 3164 884 3248 gentibus
902 3162 1079 3229 tolerabilis
1097 3164 1212 3230 fuisset
1233 3170 1346 3227 nostra
1398 3184 1416 3228 a
1446 3162 1590 3228 Domino
1628 3184 1762 3246 prorsus
1803 3163 1938 3242 alienet,
1973 3163 2028 3247 qui
2063 3165 2185 3248 alioqui
2217 3159 2356 3229 lucrifieri

373 3249 531 3316 edacitas:
561 3249 753 3332 praesertim
793 3270 870 3314 uum
890 3249 984 3315 solito
1014 3249 1137 3315 lautius
1158 3249 1346 3331 exciperent
1397 3257 1557 3332 poterant.
1602 3249 1716 3333 Neque
1737 3250 1824 3315 enim
1846 3250 1991 3332 praecise
2013 3249 2162 3315 iubemur
2191 3246 2356 3315 abominari

374 3336 533 3420 hospites:
574 3271 848 3417 quemadmodum
881 3343 959 3401 tunc
991 3335 1113 3400 iactum
1145 3355 1216 3401 esse
1249 3334 1345 3417 paulo
1398 3335 1532 3417 impios,
1556 3341 1592 3400 ut
1613 3357 1687 3401 cum
1709 3335 1774 3401 illis
1796 3356 1861 3399 non
1884 3355 2072 3400 vescamur:
2104 3334 2162 3402 sed
2184 3336 2355 3403 societatem

396 3430 449 3488 ost
480 3419 650 3487 constabit.
701 3420 798 3486 Lotio
830 3419 948 3503 pedum
977 3418 1028 3506 (ut
1059 3430 1156 3485 autea
1189 3417 1345 3506 vidimus)
1396 3421 1510 3503 fugere
1539 3442 1622 3503 quae
1649 3442 1708 3488 uos
1737 3419 1851 3487 eodem
1879 3421 1957 3506 iugo
1986 3421 2139 3504 implicet.
2191 3421 2357 3487 Confirmat

372 3443 542 3592 hospitalis
562 3506 704 3572 officium
725 3507 796 3585 fuit,
819 3505 1021 3572 lassitudinis
1043 3505 1207 3573 sanandae
1230 3525 1344 3572 causa:
1396 3517 1567 3589 praeterea
1599 3506 1654 3573 hic
1687 3508 1777 3572 locus
1808 3505 1895 3590 quod
1929 3506 2021 3590 prius
2054 3506 2169 3574 docui:
2205 3507 2358 3573 Hebraeos

373 3603 406 3658 et
428 3592 514 3676 quod
536 3593 570 3657 in
593 3591 658 3657 illis
686 3592 834 3674 partibus
860 3591 953 3658 facile
975 3602 1047 3657 erat
1077 3591 1245 3658 uredinem
1269 3613 1345 3658 con·
1397 3613 1463 3657 non
1483 3613 1502 3656 a
1519 3593 1662 3658 transitu
1683 3593 1829 3658 fluminis
1852 3590 1902 3680 (ut
1923 3593 2003 3658 falso
2026 3592 2158 3676 quidam
2181 3587 2358 3677 opinantur)

372 3679 517 3764 trahere,
549 3679 673 3761 quoties
700 3679 763 3742 iter
789 3677 930 3760 pedibus
952 3678 1105 3744 facerent.
1150 3678 1224 3743 Hoc
1246 3679 1344 3744 etiam
1396 3679 1453 3743 sed
1476 3677 1517 3743 ab
1540 3685 1636 3744 atavo
1658 3701 1717 3745 suo
1738 3678 1851 3744 Heber
1873 3679 1920 3745 sic
1944 3678 2044 3744 fuisse
2071 3687 2214 3747 vocatos.
2259 3679 2358 3760 Neque

372 3766 506 3847 antiquo
528 3785 617 3828 more
638 3763 702 3828 fuit
730 3764 835 3846 magis
863 3763 1095 3841 honorificum,
1124 3764 1250 3830 fercula
1277 3764 1345 3829 sin·
1395 3763 1485 3829 enim
1513 3763 1655 3829 familiae
1683 3765 1781 3830 unius
1809 3765 1917 3830 tenuis
1938 3771 1972 3828 et
1992 3765 2105 3848 procul
2136 3764 2271 3832 dissitas
2291 3762 2358 3828 adeo

372 3849 459 3936 gulis
499 3849 585 3914 mitti
619 3869 638 3913 a
674 3849 807 3930 Ioseph,
848 3869 944 3932 quam
985 3870 1004 3914 a
1043 3871 1144 3934 coquo
1184 3849 1343 3916 distribui.
1396 3850 1533 3915 celebris
1560 3859 1632 3916 erat
1659 3851 1747 3916 fama
1773 3852 1810 3918 in
1833 3854 2002 3936 Aegypto,
2031 3857 2069 3915 ut
2096 3850 2218 3934 publici
2247 3847 2357 3916 dissidii

373 3937 501 4002 Verum
523 3935 604 4000 haec
626 3935 703 4017 quia
728 3933 815 4000 levia
836 3943 931 4013 sunt,
962 3943 994 4001 et
1020 3936 1103 4000 nihil
1127 3933 1168 4000 ad
1191 3935 1344 4018 pietatem
1395 3957 1494 4002 cansa
1514 3936 1607 4001 forst.

371 4021 560 4098 conferunt,
587 4019 704 4084 leviter
733 4027 861 4085 tantum
886 4019 1004 4085 delibo:
1039 4022 1223 4087 omitterem
1246 4022 1344 4086 etiam
1481 4021 1533 4088 33.
1552 4019 1960 4106 Primoqentasseaacam
1971 4021 2258 4106 primogenituram
2268 4040 2357 4088 mom.

371 4127 521 4192 prorsus,
552 4105 615 4169 uisi
645 4106 730 4188 quod
759 4106 950 4188 scrupulum
980 4107 1163 4189 exprimere
1185 4107 1345 4190 imperitis
1397 4105 1597 4191 Quanquam
1625 4109 1712 4174 inter
1740 4108 1824 4174 filios
1845 4106 1945 4173 Iacob
1972 4117 2111 4191 quatuor
2132 4119 2231 4175 erant
2251 4129 2291 4174 ex
2311 4127 2360 4170 an·

371 4191 538 4258 interdum
572 4190 649 4256 utile
671 4203 736 4268 est,
768 4190 861 4257 modo
883 4191 916 4257 id
938 4213 1036 4276 parce
1059 4204 1092 4257 et
1113 4193 1256 4259 breviter
1277 4195 1343 4260 fiat.
1396 4192 1479 4259 cillis
1509 4195 1591 4260 nati:
1622 4195 1698 4277 quia
1727 4202 1837 4259 tamen
1867 4202 1947 4257 natu
1978 4193 2117 4260 maiores
2139 4202 2237 4273 sunt,
2262 4192 2361 4259 ordine

458 4277 509 4342 32.
542 4275 616 4341 Noa
647 4278 730 4341 calm
756 4283 901 4358 poteraut
929 4279 1088 4361 Aegyptii.
1137 4280 1246 4344 Moses
1278 4300 1344 4345 uon
1396 4279 1596 4362 praecedunt
1624 4279 1743 4345 fratres
1770 4301 1845 4346 euos
1871 4279 2030 4358 minores,
2061 4279 2180 4362 quiex
2211 4279 2360 4346 matribus

370 4382 465 4447 posse
484 4361 571 4441 dicit,
590 4362 676 4445 quod
695 4377 851 4446 tanquam
868 4363 1019 4430 illicitum
1038 4364 1224 4430 horrebant.
1258 4363 1345 4446 Quia
1395 4366 1547 4450 ingenuis
1581 4364 1825 4433 descenderant.
1875 4363 1971 4430 Unde
2004 4373 2139 4449 apparet
2171 4367 2361 4433 assuefactos

371 4450 460 4515 enim
483 4447 634 4514 obstabat
655 4447 780 4531 religio,
803 4451 972 4516 constricti
993 4451 1127 4515 fuerunt
1148 4472 1189 4516 ne
1211 4461 1344 4534 possent
1395 4471 1465 4516 esse
1483 4473 1502 4516 a
1523 4459 1617 4535 patre
1639 4450 1680 4515 ad
1702 4451 1789 4518 huuc
1810 4449 1957 4516 ordinem
1976 4451 2165 4518 tenendum.
2204 4452 2272 4519 Ubi
2294 4469 2360 4532 crgo

371 4535 457 4619 quod
479 4554 545 4600 nou
567 4533 740 4600 audebant.
778 4533 884 4600 Docet
906 4544 1014 4601 autem
1037 4536 1090 4602 hic
1111 4536 1200 4602 locus
1222 4545 1345 4619 quanta
1394 4535 1487 4616 illud,
1510 4535 1595 4604 dicet
1615 4537 1786 4621 quispiam,
1809 4556 1875 4601 non
1898 4539 1960 4601 erit
1981 4537 2097 4604 haeres
2119 4538 2208 4604 filius
2232 4538 2360 4606 ancillae

370 4620 471 4686 fuerit
493 4620 600 4704 gentis
622 4619 709 4684 illius
732 4621 899 4703 superbia:
934 4619 1020 4687 uude
1041 4621 1129 4688 enim
1151 4623 1272 4688 factum
1295 4629 1345 4689 est
1395 4642 1471 4687 cum
1493 4623 1561 4688 filio
1579 4623 1693 4688 matris
1715 4620 1877 4688 familias?
1900 4622 2061 4706 Equidem
2080 4625 2246 4704 existimo,
2268 4643 2360 4708 quum

371 4714 409 4770 ut
420 4714 589 4788 tantopere
601 4705 843 4772 detestarentur
853 4708 1032 4786 Hebraeos,
1045 4707 1110 4774 uisi
1122 4709 1198 4792 quia
1209 4729 1244 4774 se
1256 4708 1343 4774 solos
1395 4707 1525 4774 coelesti
1545 4707 1674 4774 oraculo
1691 4730 1750 4793 per
1768 4731 1803 4776 os
1816 4708 1918 4775 Sarae
1936 4708 2103 4776 abdicatus
2121 4711 2224 4776 fuerit
2242 4707 2362 4790 Ismael,

370 4793 408 4857 in
441 4791 564 4856 mundo
597 4812 696 4874 puros
730 4802 762 4855 et
794 4803 936 4874 sanctos,
971 4793 1094 4877 deoque
1129 4803 1239 4878 gratos
1273 4815 1343 4860 esse
1394 4796 1488 4860 sicuti
1519 4805 1631 4878 postea
1660 4795 1763 4860 Esau:
1792 4792 1890 4862 Iacob
1918 4803 2046 4860 mature
2078 4793 2233 4864 edoctum
2261 4799 2360 4872 fuisse,

371 4875 524 4961 fingunt?
548 4877 713 4960 Praecipit
741 4879 872 4962 quidem
896 4880 986 4944 Deus
1009 4881 1076 4946 suis
1105 4880 1284 4946 cultoribus
1307 4889 1345 4946 ut
1393 4902 1601 4964 quoscunque
1623 4881 1790 4965 genuisset
1811 4880 1911 4958 filios,
1939 4879 2073 4947 totidem
2096 4881 2159 4947 sibi
2181 4884 2359 4967 promiscue

371 4985 408 5030 se
437 4963 477 5026 ab
507 4963 657 5028 omuibus
684 4965 831 5048 gentium
861 4965 1116 5048 inquinamentis
1149 4966 1343 5032 abstineant.
1390 4989 1462 5033 esse
1487 4966 1653 5032 haeredes.
1700 4966 1787 5033 Hinc
1811 4967 1876 5032 ista
1904 4967 2117 5050 aequabilitas
2146 4976 2184 5033 ut
2217 4970 2356 5052 quisque,

372 5051 500 5115 Verum
523 5057 560 5116 ut
582 5049 655 5131 quis
677 5069 711 5114 se
734 5049 774 5114 ab
803 5051 875 5117 aliis
904 5060 1049 5135 separet,
1082 5073 1183 5134 purus
1211 5051 1254 5118 eit
1275 5053 1344 5136 ipse
1394 5074 1453 5135 pro
1475 5053 1592 5118 aetatis
1614 5051 1734 5136 gradu,
1766 5052 1819 5118 vel
1847 5053 2007 5135 primum,
2038 5053 2089 5120 vel
2121 5053 2287 5132 medium,
2317 5049 2360 5118 vel

372 5144 502 5219 oportet
519 5157 556 5201 ac
573 5135 709 5219 integer.
744 5137 922 5220 Perperam
940 5158 1018 5222 ergo
1035 5137 1068 5202 id
1087 5137 1128 5203 ad
1152 5160 1185 5204 se
1209 5139 1344 5203 trahunt
1398 5138 1551 5203 ultimum
1579 5137 1687 5206 locum
1715 5146 1851 5203 teneret.
1895 5137 1973 5204 Huc
2001 5147 2110 5204 autem
2140 5149 2270 5223 spectat
2295 5160 2365 5206 con·

373 5221 605 5304 superstitiosi,
634 5222 690 5306 qui
713 5224 800 5288 intus
823 5232 955 5306 gestant
977 5244 1070 5289 suam
1092 5223 1343 5306 immunditiem,
1396 5225 1504 5290 silium
1528 5223 1643 5300 Musis,
1666 5224 1743 5288 licet
1764 5223 1899 5290 ultimus
1920 5233 2009 5292 esset
2030 5226 2224 5306 Beniamin,
2249 5226 2364 5290 honore

373 5319 407 5371 et
435 5308 551 5391 quibus
580 5307 672 5372 nulla
701 5315 828 5374 constat
855 5308 1033 5377 sinceritas.
1079 5310 1195 5376 Altero
1217 5331 1344 5395 quoque
1396 5317 1507 5376 tamen
1530 5309 1602 5376 aliis
1622 5310 1772 5376 omnibus
1793 5309 1895 5378 fuisse
1915 5312 2112 5394 praelatum:
2146 5312 2229 5396 quia
2250 5333 2287 5379 se
2307 5331 2366 5377 nou
