4988 6192
394 433 459 515 583
1050 442 1420 514 COMMENTARIUS
1441 446 1491 512 IN
1514 443 1727 514 GENESIN.
2315 447 2380 513 584
2486 479 2487 492 ι

394 628 556 715 spectavit
577 650 733 696 manuum
755 629 936 714 impositio:
964 652 1080 714 nempe
1109 641 1146 697 ut
1168 631 1233 700 duc
1255 649 1363 700 essent
1413 653 1451 700 ac
1473 634 1502 700 ai
1524 632 1661 712 dicaret,
1685 655 1753 702 non
1775 634 1866 701 inani
1888 632 2062 701 verborum
2088 633 2195 700 sonitu
2224 654 2260 700 se
2279 631 2378 699 bene·

393 737 435 782 ex
458 715 611 782 eeclesiae
640 715 850 798 patriarchis,
881 725 913 781 et
942 715 1156 784 honorificum
1186 720 1361 802 primatum
1413 719 1587 787 dictionem
1619 720 1803 802 effundere,
1836 718 1893 786 sed
1921 719 2013 786 cuius
2041 719 2184 786 fructum
2212 727 2281 784 totu
2311 719 2380 786 rita

394 813 543 868 tenerent
566 801 601 865 in
624 800 786 883 spirituali
807 800 872 866 Dei
894 823 929 867 re
977 824 1006 867 o.
1413 817 1609 890 perceperat.
1644 806 1804 889 Quamvis
1826 813 1934 872 autem
1957 803 2139 887 promiscue
2160 804 2261 872 selem
2283 825 2379 872 suum

482 885 531 952 14
565 883 610 952 Et
630 887 765 952 mandit
786 886 892 954 Israel
919 824 1078 954 ὣιοναιιι
1106 908 1206 955 auam
1252 888 1363 971 Quum
1413 891 1626 976 superbonus
1649 902 1681 958 et
1699 892 1801 958 malos
1819 891 1897 957 oriri
1914 889 2123 972 laciatDeue,
2145 899 2178 958 et
2195 889 2380 956 incredulos

394 972 529 1040 hebetes
551 971 641 1038 senio
662 979 773 1038 essent
799 972 897 1052 oculi,
927 982 962 1038 ut
989 983 1118 1058 aspectu
1149 997 1214 1040 non
1244 976 1362 1042 discer-
1411 999 1477 1042 non
1505 978 1615 1044 minus
1641 984 1768 1061 pascat,
1797 998 1895 1061 quam
1923 975 2050 1042 fideles:
2084 975 2160 1060 quia
2187 985 2299 1041 tamen
2328 975 2380 1042 his

393 1067 491 1124 neret
510 1067 583 1122 uter
606 1067 684 1122 natu
707 1058 810 1123 maior
831 1066 926 1138 esset,
947 1059 1092 1126 consultu
1114 1069 1225 1125 tamen
1247 1081 1364 1126 manus
1413 1063 1492 1128 solis
1513 1063 1711 1146 peculiarem
1740 1063 1868 1147 paterni
1890 1062 2010 1128 amoris
2031 1060 2084 1126 sui
2105 1082 2238 1128 sensum
2260 1061 2295 1126 in
2318 1081 2380 1126 usu

394 1159 472 1210 suas
504 1152 709 1210 transversas
745 1144 864 1227 posuit.
916 1143 993 1210 Ideo
1028 1144 1105 1212 dicit
1137 1146 1246 1212 Moses
1279 1145 1364 1231 quod
1415 1149 1573 1215 donorum
1606 1171 1740 1215 suorum
1769 1147 1920 1233 praebet,
1953 1147 2069 1214 merito
2100 1147 2198 1213 Iacob
2229 1144 2271 1212 ad
2304 1145 2381 1212 fidei

394 1229 563 1312 mitigare
582 1229 689 1312 fecerit
714 1249 828 1295 moneas
847 1250 937 1310 saca,
967 1231 1043 1313 quia
1072 1251 1138 1297 nun
1166 1239 1287 1298 temere
1309 1253 1364 1298 eos
1413 1255 1492 1300 suae
1502 1236 1783 1301 confirmationem
1793 1233 1854 1301 hac
1869 1235 1995 1299 ratione
2009 1233 2120 1312 utitur,
2144 1232 2229 1315 quod
2251 1253 2380 1316 semper

394 1314 540 1399 proiecit,
563 1335 623 1381 nec
646 1314 800 1398 palpandi
817 1334 914 1381 causa
932 1314 997 1382 huc
1016 1315 1066 1382 rel
1085 1317 1163 1384 illue
1179 1316 1364 1384 transtulit:
1414 1321 1478 1386 Dei
1500 1319 1622 1387 auxilio
1645 1329 1808 1405 protectus
1829 1320 1935 1386 fuerit.
1970 1318 2156 1385 Pascuntur
2178 1319 2242 1384 Dei
2263 1317 2379 1384 libera·

394 1398 452 1466 sed
476 1399 601 1466 delectu
623 1399 777 1476 adhibito,
800 1401 906 1467 sciens
928 1421 966 1468 uc
989 1401 1112 1482 voleus,
1134 1424 1266 1468 manum
1286 1401 1364 1468 dex·
1414 1405 1513 1486 litate,
1535 1406 1602 1472 imo
1623 1406 1817 1490 saginantur
1844 1403 2020 1470 inereduli:
2050 1403 2108 1470 sed
2134 1423 2200 1469 non
2228 1423 2324 1470 secus
2346 1425 2380 1470 se

395 1493 500 1550 teram
530 1484 653 1551 direxit
681 1483 723 1552 ad
752 1486 912 1570 Ephraim
946 1488 1001 1571 qui
1027 1489 1134 1553 minor
1165 1503 1235 1554 erat
1267 1503 1362 1554 natu:
1414 1491 1618 1577 ingurgitant
1649 1512 1686 1558 ac
1708 1490 1814 1576 porci,
1848 1492 1964 1574 quibus
1996 1488 2125 1555 tametsi
2145 1509 2188 1554 ex
2209 1488 2379 1556 arboribus

396 1571 566 1637 sinistram
593 1579 702 1636 autem
722 1572 940 1656 primogenito
968 1573 1136 1657 imposuit:
1160 1573 1245 1640 unde
1273 1574 1363 1640 colli·
1414 1575 1568 1643 decidunt
1600 1577 1749 1664 glandes,
1788 1593 1930 1643 rostrum
1968 1583 2079 1640 tamen
2119 1573 2241 1640 habent
2274 1587 2379 1640 terrae

396 1659 503 1743 gimtu
526 1657 677 1740 spiritum
689 1655 752 1721 Dei
775 1657 873 1724 huius
894 1656 1031 1726 actionis
1051 1659 1152 1726 fuisse
1171 1659 1363 1743 praesidem,
1413 1661 1559 1729 affixum.
1604 1664 1708 1747 Atqui
1734 1661 1795 1728 hoc
1823 1663 1859 1729 in
1887 1662 1951 1728 Dei
1979 1661 2143 1728 beneficiis
2170 1661 2378 1744 praecipuum

395 1743 451 1826 qui
471 1763 592 1808 arcana
613 1762 672 1808 sua
699 1742 771 1808 luce
800 1744 904 1808 sancti
925 1745 991 1810 viri
1020 1756 1162 1811 mentem
1191 1744 1362 1823 irradians,
1414 1756 1473 1827 est,
1497 1757 1533 1814 ut
1555 1750 1646 1816 nobis
1666 1749 1804 1833 pignora
1825 1748 1900 1828 sint,
1922 1746 1976 1812 rel
1998 1753 2139 1813 tesserae
2160 1747 2289 1829 paterni
2310 1746 2380 1812 eius

395 1829 524 1894 acutius
555 1849 631 1893 eum
664 1826 777 1893 ridere
815 1829 893 1894 fecit
924 1850 1023 1912 quam
1055 1831 1110 1915 qui
1143 1831 1238 1898 valde
1268 1842 1364 1897 erant
1414 1855 1493 1919 erga
1525 1853 1584 1901 nos
1616 1836 1744 1901 amoris.
1795 1833 1893 1900 Iacob
1921 1853 1998 1917 ergo
2030 1853 2071 1898 ex
2104 1831 2236 1915 pietatis
2269 1853 2378 1911 sensa,

395 1915 608 2014 perspicaces:
652 1914 710 2012 De·
724 1912 874 1999 symbolo
898 1914 997 2015 pluro
1025 1914 1131 1984 dicere
1160 1917 1363 2001 supersedeo,
1414 1941 1478 2004 quc
1496 1919 1635 2005 praediti
1653 1931 1731 1987 sunt
1752 1919 1811 1985 filii
1822 1918 1895 2000 Dei,
1917 1918 1980 1984 rite
1998 1916 2038 1983 ad
2057 1917 2180 2016 gratiae
2202 1918 2381 2000 promissae

395 2020 472 2084 ‘³¹¹¹‘
483 2020 534 2149 1⁰5¹?
555 1999 1013 2168 “ltdtttttltllt
1059 2087 1133 2153 aas
1153 2087 1250 2155 aaa
1276 2109 1363 2154 aa.
1413 2001 2380 2170 tillut:ttttttdttttttsttt::toltit

394 2170 528 2237 missam
548 2169 611 2236 sibi
629 2171 753 2255 gratiae
765 2171 829 2236 Dei
840 2171 1111 2254 dispensationem
1130 2194 1201 2240 esse
1219 2183 1363 2254 noverat,
1413 2199 1484 2243 osee
1506 2198 1602 2262 quam
1622 2197 1698 2243 vere
1720 2185 1753 2242 et
1775 2175 1859 2241 bena
1879 2175 1944 2241 fide
1966 2173 2142 2258 pepigisset
2159 2172 2325 2239 Dominus
2347 2193 2380 2240 sc

393 2264 433 2321 ut
454 2277 528 2322 curn
547 2256 663 2322 effectu
680 2255 885 2322 benediceret
903 2269 1051 2341 nepotes:
1073 2257 1157 2324 nihil
1176 2271 1284 2326 tamen
1302 2258 1363 2325 sibi
1413 2261 1568 2329 Abrahae
1599 2262 1675 2329 filiis
1706 2260 1776 2328 lore
1803 2261 1837 2326 in
1866 2268 2002 2344 patrem.
2054 2259 2122 2325 Nos
2150 2279 2275 2342 quoque
2304 2258 2381 2325 hinc

395 2349 545 2426 arrogat,
575 2342 632 2406 sed
662 2341 802 2426 supplex
831 2341 873 2408 ad
901 2363 1013 2427 preces
1033 2342 1217 2424 descendit,
1244 2366 1286 2412 ne
1308 2345 1363 2411 rel
1413 2347 1577 2416 discanms
1598 2347 1697 2432 probe
1727 2346 1909 2431 expendere
1938 2353 1970 2412 et
1999 2345 2150 2411 meditari
2171 2365 2380 2429 quaecunque

394 2427 571 2492 minimum
604 2426 683 2510 quid
711 2449 753 2492 ex
774 2425 840 2493 Dei
862 2427 968 2528 gloria
988 2429 1115 2496 delibet.
1159 2431 1244 2498 Nam
1266 2431 1363 2497 sicuti
1412 2456 1454 2501 ex
1475 2433 1539 2499 Dei
1562 2455 1664 2500 manu
1684 2433 1882 2517 percipimus
1904 2430 2074 2508 beneficia,
2104 2437 2141 2496 nt
2169 2430 2306 2496 totidem
2326 2431 2380 2496 ad·

394 2511 464 2596 ipse
485 2512 651 2597 legitimus
671 2521 742 2578 erat
762 2511 994 2581 benedictionis
1015 2515 1173 2594 minister,
1195 2517 1362 2582 itaDeum
1413 2519 1569 2587 minicula
1608 2521 1676 2586 sint
1714 2517 1756 2584 ad
1794 2516 2049 2584 confirmandam
2088 2515 2185 2582 tidem
2226 2525 2380 2582 noemam.

395 2618 498 2664 unum
521 2600 654 2682 agnosci
684 2608 829 2664 autorem
856 2620 875 2664 o
918 2600 1009 2666 rtuit.
1045 2604 1155 2686 Atque
1181 2602 1258 2668 hinc
1275 2624 1361 2670 corn·
1413 2605 1505 2671 Hace
1526 2605 1649 2689 optima
1671 2611 1721 2670 eet
1742 2605 1826 2670 ratio
1854 2601 2032 2686 quaerendi
2054 2600 2134 2678 Dei,
2162 2601 2218 2666 ubi
2240 2622 2261 2666 a
2284 2602 2380 2668 verbo

395 2684 504 2750 munis
533 2681 692 2750 sumenda
720 2694 770 2751 est
797 2705 857 2771 reg
893 2707 913 2751 a
940 2687 1091 2753 omnibus
1120 2687 1275 2756 ecclesiae
1300 2688 1361 2752 mi·
1413 2691 1604 2776 incipimus:
1642 2689 1759 2758 deinde
1799 2688 1923 2756 accedit
1954 2687 2221 2772 experimentalis
2253 2685 2305 2773 (ut
2336 2689 2380 2754 ita

394 2769 509 2836 nietris
540 2789 577 2836 ac
605 2770 800 2853 pastoribus.
850 2769 1012 2853 Quamvis
1039 2773 1128 2838 enim
1160 2793 1227 2839 non
1256 2774 1362 2840 sulum
1413 2775 1538 2864 loquar)
1563 2777 1715 2861 cognitio.
1769 2773 1879 2857 Quum
1915 2781 2025 2841 autem
2054 2773 2201 2840 hicnon
2235 2773 2381 2856 vulgaris
2486 2781 2487 2832 ι

393 2867 552 2922 vocentur
574 2855 722 2922 coelestis
743 2855 868 2940 gratiae
890 2869 1006 2938 testes,
1039 2858 1182 2926 sediliis
1204 2859 1360 2928 denorum
1413 2863 1518 2930 sancti
1546 2863 1608 2930 viri
1628 2859 1792 2948 gratitudo
1812 2859 1987 2945 refulgeat,
2014 2859 2085 2924 eins
2113 2865 2224 2924 tamen
2252 2857 2380 2924 laudam

396 2941 615 3024 spiritualium
637 2940 787 3008 iniuncta
807 2941 852 3008 sit
873 2942 1086 3027 dispensatio:
1110 2945 1165 3011 ubi
1188 2954 1298 3010 mmen
1320 2945 1362 3011 ad
1414 2957 1513 3034 auget
1544 2947 1624 3014 haec
1656 2946 1918 3024 circumstantia,
1948 2943 2033 3028 quod
2065 2945 2151 3010 inter
2183 2943 2381 3028 multiplices

394 3026 460 3093 Dei
488 3027 761 3110 comparationem
788 3037 926 3094 rentum
954 3037 1019 3108 est,
1051 3029 1133 3095 nihil
1165 3039 1255 3112 sunt,
1286 3031 1362 3115 quia
1414 3055 1661 3114 aerumnarum,
1690 3032 1807 3117 quibus
1826 3051 1927 3116 prope
1948 3050 2123 3115 oppressus
2143 3029 2267 3109 fuerat,
2293 3049 2382 3096 ccm-

395 3131 482 3178 unus
503 3111 558 3177 ille
580 3113 689 3178 omnia
717 3113 753 3178 in
783 3133 818 3178 se
847 3115 1009 3182 continet:
1042 3136 1141 3199 quare
1170 3115 1297 3183 discant
1326 3138 1362 3184 se
1413 3121 1528 3204 plexus
1546 3118 1708 3186 assiduam
1720 3117 1785 3184 Dei
1802 3116 1981 3184 bonitatem
1999 3115 2149 3182 celebrat.
2184 3113 2381 3198 Quanquam

395 3197 483 3264 ultro
505 3197 540 3262 in
562 3197 709 3264 ordinem
731 3219 860 3284 cogere,
889 3221 931 3265 ne
952 3201 1015 3266 Dei
1037 3222 1157 3267 nomen
1178 3203 1361 3268 obscurent.
1414 3207 1501 3272 anim
1523 3226 1598 3271 rara
1619 3213 1653 3270 et
1673 3204 1812 3271 mirifica
1834 3203 1896 3268 Dei
1922 3202 2039 3268 virtute
2068 3211 2197 3286 praeter
2223 3201 2382 3266 usitatum
2486 3209 2487 3214 ’

395 3283 443 3348 Dt
470 3289 556 3348 certe
586 3283 748 3349 Dominus
775 3285 910 3350 minime
938 3307 977 3351 ea
1005 3285 1077 3372 lege
1104 3285 1166 3353 sibi
1196 3288 1362 3354 ministros
1414 3313 1539 3357 morem
1569 3298 1698 3374 ereptus
1727 3291 1834 3356 luerat
1868 3309 1909 3353 ex
1937 3284 2086 3372 pluribus
2115 3284 2285 3370 periculis,
2319 3285 2382 3350 fuit

396 3368 565 3435 constituit
583 3378 621 3434 ut
640 3370 701 3436 sibi
719 3369 896 3454 quidquam
913 3371 1063 3457 abroget:
1084 3372 1194 3457 itaque
1211 3394 1277 3439 non
1291 3374 1362 3441 siue
1413 3385 1524 3444 tamen
1545 3376 1665 3443 excelsi
1687 3375 1843 3458 fortisque
1871 3373 1970 3438 animi
2000 3392 2155 3456 superare
2183 3377 2231 3437 tot
2255 3391 2292 3438 ac
2315 3378 2382 3437 tam

393 3453 564 3538 sucrssegic
585 3455 709 3539 appetit
737 3455 885 3522 mortalis
907 3456 1005 3523 homo
1032 3479 1180 3525 seorsum
1200 3459 1363 3543 aliquida
1413 3462 1515 3528 ardua
1548 3461 1731 3540 obstacula,
1766 3468 1803 3526 ut
1835 3458 1876 3525 ad
1905 3457 1970 3524 Dei
2002 3456 2182 3523 bonitatem
2211 3455 2288 3522 fidei
2322 3457 2382 3522 alis

395 3541 468 3606 Deo
493 3538 607 3606 videri.
659 3539 701 3606 In
729 3541 840 3608 verbis
866 3542 928 3610 hoc
959 3544 1065 3627 primo
1092 3544 1271 3610 notandum
1301 3554 1361 3625 est,
1413 3550 1550 3614 volaret:
1573 3567 1633 3614 nec
1654 3547 1813 3613 malcrum
1835 3545 1986 3629 congerie
2007 3541 2117 3621 obrui,
2141 3543 2219 3626 quin
2242 3543 2382 3608 eandem
2486 3581 2487 3606 ι

395 3624 481 3710 quod
513 3626 622 3694 Deum
654 3627 789 3692 invocat
818 3627 856 3693 in
886 3628 978 3694 cuius
1010 3639 1184 3713 conspeetu
1216 3631 1362 3696 ambula·
1413 3634 1591 3700 bonitatem
1614 3640 1763 3699 cerneret
1784 3633 1817 3696 in
1838 3628 1948 3696 densis
1969 3629 2122 3695 tenebris.

393 3719 515 3780 rerunt
536 3720 645 3794 patres
659 3711 824 3779 Abraham
836 3720 870 3778 et
880 3713 990 3782 Isaac:
1011 3737 1087 3780 nam
1105 3715 1182 3799 quia
1199 3736 1218 3781 a
1235 3714 1363 3783 loedere
1499 3719 1639 3804 Angelus
1660 3719 1715 3801 qai
1735 3717 1863 3784 redeat:
1883 3735 1940 3781 ma
1976 3713 2032 3781 Sic
2055 3713 2210 3797 angelum
2232 3711 2383 3797 adiungit
2486 3765 2487 3788 ,

393 3818 468 3865 cum
484 3797 564 3880 ipsis
582 3817 734 3881 percusso
751 3798 934 3867 benedictio
946 3798 1118 3883 pendedat,
1136 3801 1233 3867 fidem
1251 3823 1362 3868 eorum
1411 3807 1494 3886 Deo,
1517 3815 1554 3870 ut
1576 3824 1651 3870 eum
1671 3823 1785 3887 parem
1805 3802 1913 3870 faeiat.
1953 3799 2051 3867 Certa
2073 3798 2223 3866 divinum
2244 3798 2291 3864 illi
2312 3798 2384 3865 cul-

392 3883 595 3949 intervenire
617 3904 747 3950 necesse
768 3883 840 3950 fuit.
872 3885 967 3951 Deus
988 3885 1061 3952 illos
1083 3887 1196 3953 sibiet
1217 3894 1363 3971 posterae
1413 3900 1484 3958 tum
1506 3890 1635 3970 tribuit,
1665 3887 1779 3954 eadem
1807 3887 1847 3953 ab
1876 3908 1914 3952 eo
1935 3906 2018 3970 quae
2040 3889 2060 3951 a
2081 3883 2153 3952 Deo
2174 3894 2297 3969 petens.
2345 3882 2384 3950 Si
2486 3943 2487 3980 ,

393 3968 539 4069 elegerat
559 3969 787 4068 inpupulnm:
818 3968 876 4035 sed
897 3971 969 4037 idco
991 3973 1107 4039 efficax
1126 3972 1189 4038 fuit
1209 3973 1267 4038 illa
1288 3995 1361 4057 pre·
1413 3977 1453 4043 de
1481 3977 1598 4061 angelo
1626 3973 1770 4061 quolibet
1797 3972 2021 4039 indifferenter
2051 3971 2206 4055 accipias,
2240 3969 2385 4036 absurda

393 4075 522 4132 mrssre,
556 4074 633 4137 quia
660 4053 724 4120 fide
753 4057 958 4140 apprehensa
983 4057 1092 4124 vivam
1120 4057 1263 4124 radicem
1285 4061 1361 4144 egit.
1413 4063 1476 4129 erit
1497 4061 1659 4145 loquutic:
1693 4061 1771 4144 quin
1793 4059 1901 4142 potius
1923 4057 1986 4123 Dei
2007 4076 2127 4122 nornen
2149 4077 2186 4123 ac
2208 4075 2385 4140 personam
2486 4083 2487 4090 ι

394 4141 504 4223 Atque
525 4140 572 4205 ita
593 4140 715 4206 factum
737 4150 801 4220 est,
825 4153 862 4207 ut
884 4144 935 4207 ius
958 4143 1170 4210 successionis
1193 4143 1362 4228 adipsum
1412 4147 1580 4214 sustinens
1601 4148 1636 4212 in
1660 4143 1878 4212 benedicendo
1899 4143 1974 4222 filio,
1998 4143 2060 4209 hac
2076 4149 2170 4225 parte
2188 4162 2231 4207 an
2254 4142 2312 4208 elis
2333 4147 2387 4206 est

393 4225 492 4292 Iacob
526 4226 776 4292 transmiserint.
832 4225 993 4293 Videmus
1030 4249 1118 4296 nuuc
1156 4238 1193 4294 ut
1228 4241 1359 4314 patrum
1413 4235 1569 4318 superior.
1604 4233 1715 4314 Quare
1737 4251 1868 4298 necesse
1890 4237 1940 4295 est
1961 4228 2132 4295 Christum
2154 4228 2223 4292 inte
2250 4228 2303 4312 gi,
2326 4226 2386 4310 qui

392 4311 492 4376 fidem
514 4331 580 4376 ncn
602 4310 725 4379 frustra
743 4333 802 4380 nec
823 4313 1053 4396 intempestive
1071 4315 1105 4380 in
1122 4314 1265 4381 medium
1286 4337 1362 4400 pro·
1413 4320 1521 4404 angeli
1543 4317 1640 4384 titulo
1660 4337 1727 4383 non
1750 4327 1871 4382 temere
1889 4315 2076 4400 insignitur,
2097 4333 2136 4380 eo
2159 4312 2245 4396 quod
2266 4333 2386 4396 perpe·
2486 4329 2487 4344 ³

392 4404 509 4481 ponat,
538 4397 608 4462 sine
635 4419 700 4480 qua
728 4419 793 4463 non
819 4399 1123 4484 fuisset‘legitimus
1143 4401 1267 4485 gratiae
1289 4423 1362 4469 suc·
1414 4415 1492 4472 tuus
1513 4404 1612 4470 fuerit
1635 4403 1802 4469 mediator.
1846 4401 1892 4466 Et
1913 4401 2037 4468 Paulus
2059 4399 2177 4482 prioris
2199 4397 2240 4464 ad
2263 4399 2386 4465 Corin·

393 4503 504 4549 caesor
525 4504 566 4548 ex
584 4484 648 4548 Dei
670 4482 816 4549 foedere:
839 4505 904 4550 ncn
927 4484 1192 4568 quodAbraham
1214 4497 1247 4552 et
1268 4486 1362 4555 Isam
1413 4490 1500 4557 thies
1537 4489 1643 4575 capito
1676 4489 1727 4568 10,
1759 4488 1945 4554 4testatur
1974 4485 2075 4552 fuisse
2103 4484 2255 4569 angelum
2287 4483 2386 4548 illum

394 4569 458 4635 sibi
481 4581 514 4634 et
534 4570 673 4651 pesteris
695 4570 906 4652 acquisierint
928 4579 1058 4636 tantum
1080 4572 1246 4652 honorem,
1269 4573 1364 4640 vela
1413 4576 1470 4661 qui
1511 4576 1578 4641 dux
1618 4584 1651 4641 et
1690 4594 1820 4658 praeses
1858 4571 1984 4640 itineris
2016 4570 2078 4636 fuit
2111 4571 2218 4638 reteri
2251 4568 2385 4654 populo.
2486 4609 2487 4680 l

394 4675 429 4720 se
453 4655 533 4736 ipsis
555 4654 783 4721 excelluerint:
817 4656 874 4721 sed
902 4657 977 4739 quia
1003 4655 1166 4724 Dominus
1196 4660 1259 4725 lide
1287 4681 1363 4726 con·
1413 4662 1567 4728 Nondum
1590 4660 1719 4746 quidem
1742 4660 1861 4726 missus
1891 4667 2031 4740 epatre
2059 4668 2144 4736 erat,
2174 4665 2212 4721 ut
2233 4665 2387 4738 suscepta

393 4740 504 4822 signat
533 4760 571 4806 ac
592 4741 698 4806 saucit
719 4760 801 4824 quae
822 4739 916 4808 nobis
940 4743 1101 4825 promittit
1122 4743 1291 4824 beneficia,
1321 4767 1363 4811 ne
1413 4769 1511 4816 carne
1539 4761 1650 4813 nostra
1679 4746 1810 4829 propius
1840 4743 1879 4810 ad
1910 4765 1968 4809 noe
2002 4742 2182 4808 accederet:
2215 4741 2272 4808 sed
2304 4741 2388 4824 quia
2486 4783 2487 4798 ι

394 4825 540 4892 flffllfflnl·
1413 4853 1542 4917 semper
1563 4830 1734 4898 vinculum
1756 4829 1819 4896 fuit
1839 4828 2075 4895 coniunctionis
2103 4826 2274 4892 hominum
2303 4846 2386 4892 cum

480 4911 572 4976 Deus
592 4912 647 4992 qui
665 4913 766 4993 cased
784 4933 842 4978 me.
881 4912 954 4978 Iam
977 4913 1017 4979 ad
1040 4916 1208 4998 proprium
1229 4937 1363 4983 sensum
1414 4921 1501 4998 Deo,
1536 4939 1595 4983 nec
1627 4918 1721 4982 aliter
1753 4936 1850 4998 quam
1883 4935 1942 4998 per
1973 4915 2081 4997 ipsum
2110 4912 2203 4980 Deus
2235 4935 2270 4978 se
2300 4911 2386 4978 olim

394 4996 561 5062 descendit
574 4996 680 5074 Iacob,
704 4999 788 5081 quod
809 4999 934 5073 scilicet
956 5020 1058 5083 usque
1081 5023 1100 5066 a
1122 5001 1262 5084 pueritia
1284 5002 1365 5069 divi·
1413 5003 1574 5090 patefecit,
1593 5004 1853 5069 meritcvocatur
1871 4999 2024 5084 angelus:
2048 4997 2130 5064 adde
2148 4999 2234 5082 qued
2252 5003 2386 5082 patrum

393 5103 474 5148 num
497 5103 575 5167 erga
596 5105 631 5148 ss
652 5083 800 5149 favorem
822 5087 923 5150 variis
952 5086 1057 5152 modis
1086 5084 1216 5152 assidue
1244 5089 1286 5153 sit
1306 5110 1363 5154 ex·
1413 5090 1494 5157 fides
1514 5089 1551 5154 iu
1571 5088 1712 5154 futuram
1735 5087 1805 5154 eius
1828 5087 2014 5153 missionem
2037 5085 2164 5150 intentu
2187 5094 2265 5150 erat.
2312 5087 2386 5149 An-

393 5178 517 5250 pertus.
550 5167 665 5250 Nuper
687 5168 944 5236 benedictionem
967 5192 1059 5238 suam
1081 5171 1232 5237 fundarit
1254 5173 1289 5239 in
1299 5173 1363 5241 Dei
1413 5178 1506 5261 gelus
1526 5196 1603 5259 orgo
1624 5173 1697 5252 fuit,
1718 5171 1802 5256 quod
1820 5173 1886 5237 iam
1904 5181 1984 5237 tunc
2001 5169 2108 5236 radios
2125 5191 2203 5237 euos
2221 5168 2386 5245 funderet,

396 5255 511 5318 notitia
528 5275 570 5318 ex
588 5256 686 5320 verbo
704 5255 774 5321 cius
791 5265 954 5338 concepta,
974 5270 1008 5320 ct
1024 5265 1157 5340 patrum
1174 5258 1254 5324 fide:
1274 5281 1363 5327 nunc
1414 5274 1451 5329 ut
1489 5261 1560 5344 ipsc
1600 5258 1776 5325 mediatore
1815 5258 1919 5324 sancti
1960 5257 2029 5322 Dec
2069 5257 2385 5339 appropinquarent

395 5338 533 5406 alteram
545 5341 823 5407 confirmationem
835 5339 983 5426 adiungit
1000 5343 1039 5408 ab
1056 5344 1129 5428 ipsa
1147 5345 1361 5428 experientia:
1413 5348 1554 5431 Semper
1575 5346 1663 5411 enim
1684 5345 1815 5429 longius
1836 5345 1922 5410 inter
1936 5341 2038 5410 Deum
2061 5351 2094 5408 et
2116 5343 2262 5407 homines
2283 5341 2387 5406 dissi·
