4988 6192
128 437 189 502 665
783 431 1154 502 COMMENTARIUS
1176 431 1227 498 IN
1250 431 1464 498 GENESIN.
2060 429 2124 496 566

127 630 170 693 est
190 641 296 688 annus
319 623 401 704 ipae,
424 623 681 688 6666666166
703 643 772 688 eum
802 642 882 687 anno
903 622 1049 701 seeundo,
1072 625 1099 686 et
1150 620 1283 685 trahere
1305 627 1470 702 poterant:
1498 639 1560 685 nee
1583 617 1695 684 relieto
1716 637 1848 702 peoora,
1871 618 1986 685 venire
2008 619 2050 684 66
2072 641 2125 686 re·

126 713 274 777 diaenmt
295 709 341 772 ei:
369 706 443 772 Non
470 708 689 773 absmndemus
709 729 731 774 a
757 707 882 775 dontino
910 727 990 784 meo,
1018 707 1099 789 quod
1129 725 1226 790 ¹gem
1248 705 1476 784 salutandum,
1507 704 1609 770 donee
1639 703 1799 770 attributa
1821 704 1885 770 illis
1908 713 1995 770 esset
2017 707 2124 786 statio,

126 799 248 878 integra
271 794 424 874 poeonia,
443 798 472 858 et
495 813 573 878 prem
594 795 803 860 bumannum
830 794 919 876 apud
939 794 1100 858 66616666
1150 793 1207 858 ubi
1225 792 1301 857 fixis
1319 791 1538 857 tabernaoulis
1555 810 1608 857 res
1626 800 1956 873 suasoomponerent.
1991 791 2126 858 Fuisset

126 879 496 948 hemmerannum
516 898 620 945 eoram
645 879 770 945 domino
798 899 863 945 meo
880 884 1101 964 praeterquam
1151 880 1237 942 enim
1259 898 1376 961 parum
1397 876 1510 952 616116,
1542 875 1687 941 nondum
1711 876 1822 942 audito
1845 877 1932 961 regis
1954 879 2125 960 permissu,

126 987 238 1049 eorpus
259 970 407 1042 nostrum,
431 969 564 1030 etterra
585 969 700 1030 matra.
748 965 797 1031 19.
829 961 869 1031 Ut
889 965 967 1047 quid
987 965 1100 1030 morie·
1151 964 1258 1030 losum
1280 962 1370 1028 velut
1392 961 1453 1028 sibi
1476 961 1642 1027 addietum
1663 981 1829 1044 aucupare.
1865 962 2026 1046 Suspensi
2048 983 2126 1048 ergo

126 1073 197 1119 mur
213 1052 250 1116 in
266 1051 364 1117 666116
385 1051 457 1130 tuis,
476 1051 569 1115 etiam
586 1052 762 1131 mosoliam
779 1057 864 1116 terra
881 1051 1013 1115 nostra?
1036 1069 1101 1115 anre
1151 1050 1186 1114 in
1208 1049 1342 1134 regione
1365 1048 1421 1113 1116
1443 1049 1593 1128 haerent,
1623 1047 1725 1113 donee
1747 1048 1877 1132 eognita
1898 1049 1986 1134 regis
2009 1048 2127 1114 volun·

126 1159 190 1217 nos,
213 1142 242 1202 et
267 1141 386 1201 666666
411 1141 550 1201 neuram
573 1156 634 1218 pro
650 1157 751 1218 parm,
774 1141 803 1202 et
829 1137 969 1202 alumnus
993 1139 1101 1201 noset
1151 1141 1228 1214 tate,
1247 1135 1369 1199 oertius
1386 1134 1588 1199 constituant
1604 1132 1738 1198 domum
1757 1153 1859 1199 suam.
1893 1133 1992 1215 Quod
2004 1135 2126 1219 Ioseph

126 1231 212 1290 terra
232 1227 342 1287 nostra
357 1223 440 1286 serui
454 1221 650 1288 Pharaonis:
667 1223 709 1288 du
726 1241 835 1301 semen,
858 1223 1102 1299 doleamuset
1151 1222 1287 1303 quinque
1316 1240 1355 1285 eu
1381 1221 1519 1302 fratrum
1548 1219 1740 1286 extremitate
1770 1219 1921 1300 adduait,
1951 1220 2053 1305 vulgo
2080 1221 2128 1286 ita

125 1330 187 1375 non
209 1308 387 1384 6666166666,
410 1313 439 1373 et
458 1311 627 1373 16666666
650 1307 847 1374 desolabitur.
892 1307 944 1372 20.
966 1306 1009 1372 Et
1028 1308 1100 1371 unit
1151 1314 1330 1390 exponunt,
1356 1307 1410 1388 qui
1432 1306 1542 1370 minus
1564 1324 1718 1387 procerae
1741 1312 1888 1370 staturae
1910 1317 2005 1371 erant
2026 1306 2128 1374 fuisse

128 1394 242 1477 Ioseph
267 1413 385 1458 omnem
406 1399 523 1458 brram
544 1395 758 1477 Aegyptique
784 1393 964 1468 Pharaone:
995 1393 1100 1458 66661-
1151 1391 1308 1458 66666666
1330 1393 1365 1455 16
1387 1399 1596 1474 eonspeatum
1619 1390 1721 1475 regis:
1753 1392 1828 1475 quia
1852 1389 2033 1457 timendum
2057 1400 2127 1457 erat

126 1483 238 1547 derum
258 1479 341 1544 enim
362 1479 511 1563 Aegyptii
531 1480 745 1562 unusquisque
767 1499 877 1564 aprum
897 1498 1000 1558 suum
1023 1478 1100 1560 quia
1151 1499 1194 1542 ue
1215 1477 1414 1544 robustiores
1435 1477 1470 1541 in
1500 1477 1652 1541 militiam
1680 1477 1836 1542 traheret.
1883 1476 2126 1561 sedquoniam

125 1566 304 1632 iaaalumat
330 1585 425 1647 super
452 1585 502 1630 eos
528 1565 646 1646 fames:
672 1571 700 1629 et
723 1564 787 1646 suit
813 1569 901 1629 terra
926 1565 991 1645 ipsi
1015 1563 1100 1628 Pha·
1150 1562 1312 1629 Hebraeis
1323 1577 1397 1640 667,
1413 1571 1587 1647 utramque
1598 1563 1838 1628 extremitatem
1851 1571 1954 1642 sonat,
1973 1565 2128 1648 prineipii

125 1653 227 1718 raoni.
279 1652 331 1716 21.
362 1650 406 1715 Et
432 1651 584 1734 66661666
612 1651 750 1715 transm
772 1651 845 1733 sem
873 1649 916 1715 ad
942 1648 1034 1714 urbes
1060 1648 1100 1712 ab
1151 1649 1275 1715 seilieet
1296 1669 1334 1715 ao
1363 1607 1452 1729 bnis,
1482 1656 1666 1730 assumptos
1694 1649 1794 1715 fuisse
1823 1649 1966 1715 arbitror
1995 1672 2061 1716 666
2084 1672 2127 1716 ex

123 1739 315 1804 extremitate
345 1737 474 1802 termim
505 1736 640 1820 Aegypti
671 1755 768 1817 usque
798 1736 841 1800 ad
880 1736 1100 1800 6666666166
1150 1734 1265 1819 primis
1293 1743 1328 1800 et
1353 1734 1492 1813 ultimis,
1525 1743 1562 1798 ut
1593 1734 1722 1798 illorum
1755 1733 1881 1800 intuitu
1910 1733 1951 1799 de
1979 1737 2125 1802 omnium

123 1826 201 1889 eins.
247 1823 299 1888 22.
323 1823 549 1888 Tantummodo
570 1827 687 1887 terram
715 1821 910 1888 sacerdotum
933 1841 996 1885 non
1017 1821 1097 1899 unit,
1151 1829 1258 1886 aetate
1279 1819 1437 1886 iudioium
1458 1842 1518 1884 rex
1542 1819 1671 1886 1666666.

122 1911 200 1993 qnia
214 1929 298 1990 pars
315 1908 524 1974 sacerdotibus
541 1913 608 1972 erat
625 1927 646 1972 a
665 1906 838 1984 Pharaone,
861 1911 888 1972 et
908 1905 1101 1972 amnedebaut
1236 1905 1266 1971 3.
1303 1905 1450 1972 Pastores
1470 1907 1582 1971 onium.
1622 1905 1702 1970 Fuit
1723 1904 1804 1971 haee
1827 1906 1987 1973 oonfessio
2009 1927 2126 1990 parum

117 2001 245 2078 partun
266 2013 360 2059 sumn
387 2013 484 2075 quam
504 1993 631 2059 dederat
652 1994 699 2058 eis
722 1991 869 2058 Pharao:
896 1993 1012 2058 ideireo
1037 2011 1099 2057 non
1151 1991 1329 2059 honorilioa
1354 1992 1434 2058 liliis
1463 1990 1576 2072 lebab,
1604 2011 1642 2057 ae
1670 1990 1862 2075 praesertim
1898 1993 1960 2075 ipsi
1989 1991 2125 2077 Ioseph:

121 2081 330 2147 uendiderunt
349 2084 466 2144 6666666
487 2099 587 2144 suam
631 2079 683 2144 23.
711 2077 798 2144 Tune
819 2077 900 2144 dimit
923 2076 1034 2160 Ioseph
1055 2077 1100 2143 ad
1150 2079 1242 2144 euius
1265 2097 1394 2143 summa
1416 2085 1448 2142 66
1470 2097 1571 2162 prope
1595 2077 1686 2160 regia
1715 2077 1859 2161 dignitas
1888 2077 1976 2160 turpi
1999 2079 2128 2146 macula

116 2167 291 2250 papalum:
323 2165 417 2243 Eece,
450 2165 511 2230 emi
540 2184 594 2228 aas
627 2164 731 2242 hodie,
765 2169 936 2228 etterram
966 2168 1098 2228 uestram
1151 2163 1335 2229 notabatur.
1369 2163 1455 2228 Erat
1478 2164 1565 2229 enim
1585 2162 1671 2245 apud
1695 2163 1875 2248 Aegyptios
1897 2161 1949 2249 (ut
1969 2162 2126 2252 diximus)

123 2252 308 2318 Pharaoni:
328 2271 392 2316 eaee
412 2250 498 2316 uobis
518 2269 630 2326 sanan,
653 2254 681 2314 et
698 2249 809 2315 seretis
825 2254 951 2316 terram.
985 2249 1036 2314 24.
1056 2248 1099 2314 Et
1151 2248 1212 2316 hoo
1241 2249 1429 2333 pudendum
1458 2257 1492 2314 et
1519 2249 1642 2313 infame
1669 2248 1759 2316 61666
1788 2269 1902 2332 genus.
1948 2249 2017 2314 Gur
2046 2271 2124 2336 ergo

123 2341 192 2418 erit,
216 2359 232 2401 6
252 2337 400 2421 frugibus
421 2335 540 2402 dabitis
561 2336 705 2416 quintam
720 2340 847 2417 parum
871 2333 1044 2414 Pharaoni,
1071 2339 1099 2398 et
1150 2334 1269 2418 Ioseph
1291 2335 1377 2418 quod
1399 2335 1434 2399 in
1460 2355 1561 2400 manu
1589 2340 1660 2400 erat
1681 2334 1855 2400 eonsilium
1878 2355 1943 2399 non
1966 2337 2066 2418 oepit,
2088 2345 2126 2403 ut

122 2430 258 2507 qrmtuor
280 2428 392 2504 partes
420 2426 509 2487 munt
536 2422 622 2487 aubis
644 2441 707 2502 pro
734 2422 849 2486 samiae
875 2421 962 2504 apri,
992 2425 1097 2502 etpro
1150 2420 1270 2486 fratres
1281 2442 1357 2487 suos
1369 2422 1420 2486 661
1433 2421 1473 2486 66
1486 2420 1731 2504 agrieulturam‚
1744 2419 1795 2486 661
1811 2419 1852 2486 66
1865 2420 1963 2486 aliam
1974 2424 2125 2504 quamvis

122 2511 188 2575 ribo
211 2513 326 2587 uestro,
356 2513 509 2573 61666666
530 2509 679 2588 quisunt
700 2507 734 2572 in
756 2505 899 2571 domibus
919 2507 1047 2582 uestris,
1072 2510 1100 2570 et
1150 2507 1323 2572 honestam
1346 2515 1380 2572 et
1401 2505 1569 2572 liberalem
1592 2514 1695 2571 artem
1717 2504 1924 2571 traduceret?
1946 2527 2015 2573 non
2037 2511 2126 2575 enim

122 2597 165 2660 ad
182 2593 401 2660 comedendum
412 2613 473 2676 pro
485 2594 634 2676 paruulis
650 2592 770 2658 666616.
804 2591 856 2656 25.
876 2590 919 2656 Et
935 2591 1100 2657 diamant:
1151 2593 1239 2658 vitae
1260 2593 1448 2677 pastoritiae
1469 2592 1517 2658 sio
1538 2599 1633 2658 erant
1655 2591 1775 2658 addieti
1793 2599 1832 2658 ut
1853 2599 1963 2658 essent
1984 2595 2125 2679 agrieul-

129 2680 309 2761 Viuifieasti
329 2701 401 2758 nos,
430 2680 628 2745 inveniamus
647 2679 785 2762 qratiam
806 2679 842 2744 in
863 2677 959 2744 oeulis
980 2676 1099 2742 domini
1151 2687 1244 2745 turae
1266 2699 1399 2762 prorsus
1420 2687 1588 2762 expertas:
1613 2677 1664 2744 661
1684 2679 1763 2762 quin
1781 2688 1917 2762 possent
1938 2698 2124 2747 assuesaere

121 2768 194 2845 mei,
219 2771 249 2830 et
268 2767 387 2831 erimus
407 2767 491 2831 serni
514 2765 705 2830 Pharaonis.
749 2764 801 2828 26.
824 2763 869 2830 Et
888 2763 997 2844 posuit
1017 2763 1099 2828 illud
1151 2763 1191 2830 66
1224 2763 1305 2830 61166
1337 2764 1471 2832 6166661
1504 2764 1658 2830 rationes.
1703 2765 1814 2847 Atque
1847 2771 1884 2829 ut
1913 2785 1980 2830 non
2009 2766 2121 2832 statim

121 2851 238 2934 Ioseph
258 2853 295 2917 in
315 2856 465 2916 statutum
486 2871 584 2932 usque
605 2851 648 2915 ad
668 2850 751 2916 diem
766 2849 845 2915 hane
865 2869 962 2931 super
983 2853 1097 2914 terram
1150 2850 1303 2916 fecissent
1321 2862 1501 2933 quaestum,
1525 2849 1677 2916 videmus
1694 2869 1792 2934 quam
1809 2857 1924 2934 parata
1942 2850 2007 2916 illis
2025 2853 2125 2917 fuerit

121 2938 263 3022 Aegypti
288 2936 449 3003 Pharaoni
465 2955 526 3018 pro
547 2936 656 3017 quiue
679 2945 786 3018 parte:
819 2940 905 3000 terra
923 2939 1026 3000 tamen
1046 2954 1098 2999 sa·
1150 2937 1238 3021 regis
1259 2935 1447 3002 liberalitas.
1483 2935 1552 3001 Neo
1574 2955 1652 3002 vero
1674 2933 1806 3001 diffieile
1828 2944 1900 3001 erat
1919 2936 2125 3004 6611616666-

120 3027 280 3090 eerdatum
307 3024 462 3088 duntaxat
488 3021 634 3103 nonfuit
656 3020 827 3085 Pharaoni.
872 3019 991 3086 26166
1010 3019 1098 3085 habi
1150 3022 1281 3088 neribus
1314 3022 1387 3088 illos
1419 3021 1538 3087 ornari.
1584 3018 1651 3102 Qui
1678 3022 1718 3086 fit
1750 3041 1828 3106 ergo
1860 3027 1898 3086 ut
1926 3043 1980 3088 eos
2002 3023 2124 3108 Ioseph

119 3112 201 3176 tavit
223 3109 331 3175 Israel
352 3111 386 3173 in
408 3113 494 3173 terra
515 3107 660 3190 Aegypti,
682 3106 717 3170 in
738 3112 824 3171 terra
848 3105 968 3171 Gosen:
989 3109 1096 3170 etsta·
1149 3109 1256 3173 seiens
1274 3128 1312 3173 aa
1330 3108 1445 3173 volens
1462 3106 1663 3191 ignominiae
1683 3106 1842 3186 subiioiat,
1861 3108 1914 3172 eui
1931 3105 2123 3176 adiuuetum

119 3199 238 3262 tionem
259 3195 431 3260 habnemrd
451 3194 487 3258 in
509 3214 561 3292 aa,
578 3198 622 3292 'et
647 3196 819 3291 meuenrnt,
847 3197 875 3256 et
894 3192 1097 3292 multiplicati
1149 3200 1221 3259 erat
1241 3194 1408 3278 privatum
1427 3193 1530 3277 ipsius
1549 3191 1704 3294 dadanus:
1728 3193 1790 3258 nisi
1809 3193 1969 3276 quianon
1987 3215 2123 3294 magno-

118 3288 195 3348 sunt
222 3282 321 3347 ualde.
365 3281 415 3345 28.
440 3277 484 3344 Et
514 3283 596 3343 mart
625 3276 759 3344 Iahaaob
787 3297 823 3342 m
848 3283 932 3342 terra
960 3277 1096 3360 Aeqyptr
1148 3299 1227 3429 Eure
1248 3285 1342 3344 eurat
1363 3279 1575 3362 temporalem
1598 3277 1692 3343 rllum
1718 3279 1966 3362 eontamptum‘l
1989 3281 2124 3348 Fuisset

115 3368 333 3449 septemdecim
354 3385 470 3430 annos:
491 3369 519 3428 et
538 3364 666 3446 fuerunt
683 3364 749 3429 dies
760 3361 895 3430 Iahaeob
917 3364 996 3427 anni
1015 3362 1097 3428 uitae
1174 3385 1211 3431 66
1232 3365 1327 3430 161616
1348 3365 1530 3448 plausibile,
1554 3363 1724 3447 splendide
1745 3365 1858 3430 vivere
1881 3365 1968 3430 inter
1988 3365 2083 3452 Aegy
2109 3404 2122 3419 ·

117 3456 206 3531 eius,
241 3459 355 3534 666666
387 3452 464 3517 anni
496 3454 524 3514 et
556 3450 768 3534 quadraginta
796 3454 825 3514 et
855 3453 975 3514 666666
1008 3450 1095 3514 anni.
1149 3452 1227 3517 ties:
1246 3449 1307 3516 ’666
1330 3451 1420 3516 affixi
1442 3451 1580 3516 fuissent
1603 3450 1729 3515 exitiali
1746 3449 1832 3516 nido.
1873 3450 1970 3516 Nune
1992 3389 2123 3519 sordida
2158 3459 2159 3462 ’

118 3541 173 3606 29.
194 3539 535 3622 appropinquavimus
552 3540 657 3600 autem
674 3536 742 3602 dies
753 3533 858 3600 Israel
874 3539 1097 3614 utmoreretur,
1149 3545 1183 3602 et
1204 3535 1456 3619 eontomptibilis
1484 3533 1617 3602 vivendi
1639 3537 1723 3602 ratio
1748 3534 1962 3602 interstitium
1985 3546 2035 3603 est
2057 3558 2120 3621 quo

118 3633 150 3692 et
170 3626 291 3692 amauit
317 3623 422 3705 filium
443 3642 537 3687 suum
559 3621 688 3702 Ioseph,
710 3626 738 3686 et
758 3621 841 3686 diuit
857 3621 902 3686 ei:
924 3619 963 3685 Si
983 3640 1098 3701 quaeso
1149 3630 1345 3706 separantur
1363 3624 1403 3688 ab
1422 3622 1608 3707 Aegyptiis:
1632 3620 1699 3687 imo
1715 3619 1835 3707 Ioseph
1859 3621 2007 3688 eonsulto
2031 3622 2121 3690 vide·

118 3707 580 3877 {uisitauit
593 3707 698 3875 itta
710 3725 1097 3858 multilata
1149 3707 2121 3862 1666666.1611166661616116

117 3889 150 3949 et
188 3883 366 3948 ueritatem:
400 3879 450 3946 Ne
485 3843 599 3960 qdaeso
636 3877 770 3958 sepelias
800 3897 849 3943 me
880 3879 916 3942 in
948 3879 1095 3962 Aegypto.
1148 3879 1329 3958 demersos,
1361 3879 1419 3945 sed
1451 3880 1558 3963 potius
1590 3815 1773 3946 bbalesoant
1799 3879 1835 3944 in
1864 3899 1982 3964 eorpus
2011 3815 2120 3948 aagvyiptae

118 3969 174 4035 30.
199 3967 245 4034 Et
263 3967 418 4034 dormiam
438 3985 509 4030 mm
531 3964 681 4045 patribm
703 3965 798 4028 meis:
824 3968 852 4028 et
880 3963 967 4029 tolles
988 3983 1036 4029 me
1058 3985 1096 4028 66
1147 3965 1301 4031 familiae.
1354 3963 1450 4046 Quod
1482 3966 1510 4030 61
1543 3985 1609 4030 666
1641 3966 1731 4032 66616
1762 3965 1828 4031 11116
1862 3965 1943 4031 haee
1975 3967 2058 4032 ratio
2085 3968 2120 4033 in

117 4059 273 4139 Aepypto,
296 4059 323 4118 et
346 4053 473 4135 sepelies
488 4069 537 4115 me
554 4052 589 4115 in
610 4049 750 4130 saputem
774 4069 887 4114 eorum
932 4045 976 4114 Et
996 4050 1095 4115 diali:
1148 4061 1308 4130 mentem,
1343 4051 1476 4115 minime
1509 4058 1618 4115 tamen
1653 4050 1787 4116 dubium
1821 4058 1872 4117 est
1900 4051 1978 4134 quin
2007 4073 2120 4119 eorum

116 4143 190 4226 Ego
218 4141 338 4224 fariam
366 4137 536 4205 seeundum
564 4135 690 4201 uerbum
716 4139 812 4200 tuum
856 4133 908 4200 31.
932 4133 977 4200 Et
997 4136 1096 4201 amb:
1147 4138 1276 4222 linguas
1298 4136 1530 4220 gubernaverit
1550 4137 1714 4203 Dominus
1735 4145 1773 4202 ut
1795 4144 1979 4204 oaoarreret
2000 4139 2120 4206 noxiae

117 4228 206 4292 Iura
226 4225 321 4305 mihi,
353 4230 382 4291 et
402 4222 521 4290 iteravit
550 4223 595 4300 ei,
623 4226 651 4285 et
676 4221 852 4288 inauruanit
872 4241 905 4286 se
927 4219 1032 4286 Israel
1053 4222 1096 4287 ad
1146 4225 1319 4302 mixturae,
1337 4243 1521 4306 purumque
1539 4231 1572 4288 et
1587 4222 1766 4290 diseretam
1784 4225 1942 4289 retineret
1962 4222 2119 4292 666166166

116 4319 215 4397 eaput
236 4313 314 4378 ledi.
1146 4330 1272 4393 eorpus.
1317 4309 1382 4375 Hie
1411 4329 1538 4392 quoque
1568 4308 1659 4376 loeus
1688 4307 1782 4374 66666
1802 4316 1923 4392 quanto
1950 4311 2050 4376 satius
2075 4312 2119 4377 616

1145 4395 1200 4460 661
1239 4402 1424 4460 extremum
1460 4395 1620 4478 angulum
1653 4403 1765 4461 tenere
1797 4395 1834 4460 iu
1866 4394 1949 4460 atrio
1981 4395 2119 4462 Domini

209 4483 238 4549 1.
261 4477 548 4560 6666616666.
583 4475 724 4560 Oblique
742 4496 777 4544 se
798 4477 945 4545 insinuat
965 4477 1094 4562 Ioseph,
1145 4501 1241 4564 quam
1264 4489 1360 4546 extra
1381 4479 1549 4547 6661661666
1568 4501 1726 4564 ooaaparo
1745 4479 1854 4546 media
1870 4479 2003 4563 palatia.
2036 4481 2116 4548 Ideo

114 4578 157 4638 ut
187 4567 425 4633 habitationem
453 4563 609 4630 fratribus
638 4564 748 4629 suisa
777 4584 856 4648 rege
882 4564 1028 4630 obtineat
1058 4566 1092 4629 in
1147 4587 1187 4632 ne
1209 4566 1383 4632 molestum
1406 4564 1499 4631 nobis
1522 4568 1567 4633 sit
1587 4566 1702 4632 muudi
1723 4575 1913 4651 eontomptu
1935 4575 1968 4632 et
1988 4568 2116 4652 probris

114 4665 208 4721 terra
238 4653 359 4720 Gosen.
408 4651 501 4716 Haeo
529 4658 638 4715 tamen
672 4647 830 4715 modestia
859 4647 909 4735 (ut
936 4649 1093 4802 diximusg
1144 4651 1306 4717 redimere
1338 4672 1464 4718 suoram
1497 4673 1572 4720 oum
1604 4652 1681 4719 filiis
1713 4653 1777 4719 Dei
1808 4653 1982 4718 unitatem:
2019 4653 2116 4720 aienti

112 4740 249 4808 vafritie
266 4745 364 4805 earet.
398 4737 484 4802 Nam
506 4743 540 4801 66
560 4735 692 4802 Pharao
712 4736 822 4800 statim
845 4735 994 4818 agnoseit
1014 4737 1070 4819 qui
1144 4757 1216 4802 eam
1251 4736 1371 4821 Ioseph
1410 4737 1559 4804 omnibus
1592 4739 1735 4824 Aegypti
1773 4737 1909 4804 lautitiis
1948 4740 2113 4821 praetulit.

113 4828 173 4895 1116
185 4827 312 4911 sapiat:
332 4832 365 4890 et
382 4823 563 4888 liberaliter
574 4822 603 4887 ei
616 4819 773 4898 ooneedit,
792 4823 956 4905 praefatus
969 4829 1092 4888 terram
1144 4821 1240 4905 Quod
1270 4824 1298 4890 si
1328 4822 1401 4906 quis
1431 4823 1527 4889 aliter
1554 4845 1635 4907 puro
1658 4826 1729 4889 Deo
1759 4825 1883 4890 servire
1911 4843 1978 4888 non
2006 4834 2114 4909 potest

114 4916 233 4982 Gosen
256 4909 401 4976 bonitate
422 4908 590 4976 exeellere.
636 4907 732 4974 Unde
755 4906 946 4991 eolligimus,
973 4906 1091 4975 iudioio
1142 4930 1240 4994 quam
1262 4909 1291 4975 si
1313 4907 1436 4974 mundo
1458 4931 1493 4976 se
1521 4908 1679 4975 foetuum
1706 4908 1837 4988 reddat,
1860 4908 1914 4977 bio
1935 4911 2042 4977 omnis
2063 4911 2113 4977 fa-

110 5023 181 5066 non
213 4997 401 5084 ignorantia
430 4993 556 5061 dedisse
583 4992 668 5075 quod
700 4991 813 5058 dabat:
847 5013 907 5058 666
938 4993 1090 5077 ignarum
1140 5003 1247 5062 oessat
1264 4995 1407 5062 ambitio.
1441 4995 1514 5062 Η66
1532 5006 1604 5061 erat
1620 4995 1791 5061 eonsilium
1805 4995 1876 5074 Dei,
1899 4995 1960 5061 sub
1978 4997 2114 5062 infamia

110 5089 217 5154 fuisse
256 5084 324 5150 voti
356 5083 429 5148 1666
455 5081 491 5146 h:
532 5097 717 5162 quanquam
755 5078 947 5162 simpliciter
978 5087 1089 5164 petere
1140 5081 1310 5147 oonolusos
1339 5081 1690 5160 tenerefiliosIaoob,
1713 5081 1909 5148 6666611166
1931 5081 2111 5148 interram

107 5195 181 5241 non
203 5170 342 5237 auderet
363 5103 452 5251 quod
474 5173 560 5232 esset
580 5165 750 5249 optimum.
795 5163 891 5245 Quod
913 5163 1089 5232 subsistere
1140 5167 1302 5233 Chanaan
1324 5167 1525 5232 restitueret:
1547 5188 1610 5251 quo
1632 5166 1734 5251 igitur
1754 5187 1789 5232 se
1811 5167 1956 5250 integros
1977 5177 2111 5234 servant

109 5262 148 5327 in
178 5280 218 5325 aa
247 5255 382 5340 regione
411 5261 539 5338 patrem
567 5249 664 5317 iussit
696 5269 769 5315 eum
803 5251 920 5316 maiori
949 5251 1088 5318 fratrum
1140 5253 1180 5319 66
1203 5251 1430 5319 liberationem
1452 5252 1515 5320 sibi
1543 5255 1754 5336 promissam,
1785 5274 1820 5319 se
1848 5253 2018 5336 pecuarios
2039 5274 2111 5322 asse

109 5353 218 5433 parte,
236 5341 343 5410 1661116
361 5350 411 5406 666
425 5337 600 5406 exeusatio.
630 5335 744 5419 Neque
761 5335 849 5402 enim
867 5355 1087 5419 peousseoum
1139 5359 1206 5404 non
1227 5338 1444 5406 dissimulant
1477 5337 1670 5406 Cavendum
1687 5359 1765 5426 erga
1782 5359 1825 5404 ne
1846 5337 1955 5405 inanis
1976 5339 2110 5408 honoris

1854 5439 1906 5494 361
