5022 6192
142 435 186 501 49
809 433 1166 504 commutatus
1185 435 1237 502 IN
1259 435 1474 505 GENESIN.
1921 479 1925 489 ·
2093 437 2139 506 50

143 633 304 708 tanquam
337 645 380 689 ex
412 645 451 688 eo
486 631 624 707 sumpta.
670 622 768 706 Quod
796 623 825 691 si
854 623 919 692 duc
942 645 1042 692 sexus
1070 646 1112 690 ex
1165 645 1230 690 non
1263 635 1396 710 urgeret
1423 625 1487 690 alia
1515 629 1614 704 ratio,
1647 626 1727 694 haec
1755 635 1866 693 tamen
1895 647 1962 692 una
1987 625 2139 694 sufficere

143 709 286 776 diversis
319 709 490 794 principiis
526 709 714 790 fluxissent,
750 711 875 776 occasio
908 709 1025 778 fuisset
1060 710 1113 776 vel
1166 709 1295 776 abunde
1308 711 1402 777 nobis
1416 710 1526 778 debet:
1542 714 1607 779 nisi
1621 712 1796 779 honorifice
1812 711 1852 779 de
1864 711 2015 796 coniugio
2036 713 2137 778 senti·

142 796 251 861 mutui
273 805 497 879 contemptus,
528 796 582 861 vel
604 793 763 874 invidiae,
794 796 848 862 vel
869 796 1027 862 rixarum.
1069 797 1116 864 Et
1165 817 1240 861 mus
1274 803 1308 862 et
1335 795 1512 880 loquimur,
1543 799 1741 866 contumelia
1768 799 1852 864 affici
1890 797 1960 862 eius
1989 807 2137 864 autorem

143 881 220 966 quid
257 881 382 948 habent
414 882 559 966 protervi
593 881 744 947 homines
779 881 866 965 quod
902 881 1114 966 obstrepant?
1166 893 1200 946 et
1220 881 1419 965 praesidem:
1443 881 1518 948 talis
1542 885 1631 949 enim
1653 884 1708 950 hie
1729 905 1749 950 a
1770 883 1860 950 Mose
1881 880 2085 948 describitur.

143 966 320 1034 Credibilis
341 989 408 1033 non
430 966 561 1034 videtur
578 967 737 1032 narratio:
762 968 916 1051 quoniam
940 989 960 1034 a
980 989 1114 1035 consuo·
1252 967 1304 1033 23.
1320 965 1365 1033 Et
1385 968 1468 1034 ctat
1485 969 1601 1036 Adam.
1635 969 1815 1050 Quaeritur
1833 967 1920 1034 unde
1942 969 2023 1035 haec
2043 968 2138 1035 Adae

142 1053 260 1120 tudine
287 1053 450 1119 abhorret.
495 1052 599 1133 Quasi
626 1073 707 1118 vero
738 1053 811 1137 plus
834 1053 948 1120 eoloris
971 1055 1125 1133 haberet,
1167 1054 1293 1133 notitia
1314 1054 1370 1137 qui
1393 1064 1472 1120 tunc
1494 1054 1656 1138 profundo
1678 1076 1792 1121 somno
1814 1056 1949 1121 obrutus
1971 1067 2051 1120 erat.
2096 1053 2137 1120 si

143 1160 187 1204 ex
204 1138 335 1223 putrido
353 1138 477 1204 semine
494 1137 638 1222 quotidie
662 1138 754 1223 gigni
776 1138 943 1216 homines,
971 1140 1035 1205 nisi
1052 1160 1114 1206 usu
1167 1137 1304 1204 dicimus
1333 1160 1373 1204 ea
1393 1140 1493 1205 fuisse
1515 1149 1593 1208 tunc
1615 1141 1827 1224 perspicacia,
1858 1150 1895 1206 ut
1916 1139 2072 1206 iudicium
2093 1162 2139 1206 ex

143 1235 178 1291 ει
207 1225 432 1308 experimento
461 1235 577 1290 notum
602 1231 696 1289 esset.
756 1221 823 1291 Sed
854 1225 1027 1309 obiiciunt,
1061 1225 1115 1292 vel
1166 1225 1362 1291 coniecturis
1401 1225 1508 1292 facere
1548 1226 1700 1309 potuerit,
1739 1227 1871 1291 infirma
1908 1226 1973 1291 erit
2007 1225 2136 1292 solutio.

142 1330 380 1394 supervacuam
403 1310 501 1376 inisse
521 1321 644 1376 costam
666 1308 854 1393 quaeAdae
876 1311 939 1374 fuit
960 1310 1115 1394 detracta,
1167 1309 1343 1376 Caeterum
1372 1310 1467 1377 nobis
1495 1311 1631 1377 dubium
1659 1331 1731 1377 esse
1759 1332 1824 1377 non
1853 1311 1949 1377 debet
1979 1312 2059 1394 quin
2086 1311 2139 1378 illi

142 1396 197 1461 vel
231 1403 340 1462 costae
374 1396 521 1462 absentia
556 1415 674 1479 corpus
709 1396 781 1460 eius
816 1396 915 1462 fuisse
950 1395 1114 1460 mutilum.
1168 1396 1258 1462 Deus
1281 1407 1337 1461 ant
1359 1416 1479 1462 aroana
1499 1397 1717 1477 revelatione,
1740 1406 1797 1462 aut
1817 1397 1924 1474 verbo,
1947 1397 1995 1462 rei
2017 1398 2139 1463 seriem

143 1481 320 1548 Utrumvis
331 1481 574 1564 respondeatur,
592 1502 749 1564 magnam
767 1480 1004 1547 absurditatem
1022 1501 1115 1564 repe-
1166 1481 1364 1563 patefecerit.
1406 1481 1520 1566 Neque
1548 1483 1638 1548 enim
1659 1503 1718 1566 pro
1740 1503 1799 1549 sua
1820 1482 1924 1566 ipsius
1945 1484 2139 1549 necessitate

143 1570 246 1632 riunt.
295 1567 341 1632 At
377 1587 453 1632 vero
478 1567 506 1632 si
536 1566 682 1632 dicamus
712 1575 938 1649 praeparatam
966 1567 1068 1633 husee
1096 1589 1116 1632 a
1166 1577 1288 1632 costam
1315 1575 1486 1633 mutuatus
1515 1576 1565 1634 est
1586 1590 1606 1634 a
1628 1570 1709 1645 viro,
1731 1591 1772 1633 ex
1794 1589 1860 1651 qua
1880 1567 2052 1633 mulierem
2074 1569 2140 1635 for-

142 1652 261 1718 mundi
288 1652 401 1736 opifice
429 1659 570 1732 costam,
598 1673 640 1716 ex
669 1673 733 1735 qua
750 1652 889 1718 alterum
912 1674 1029 1737 corpus
1050 1653 1116 1717 for·
1167 1663 1290 1718 maret:
1319 1652 1377 1719 sed
1407 1673 1461 1718 ecs
1483 1653 1570 1719 inter
1591 1675 1626 1719 se
1645 1652 1708 1720 hoc
1726 1654 1857 1720 vinculo
1879 1654 1985 1738 magis
2006 1653 2141 1720 devinc-

141 1753 265 1822 maret,
300 1737 381 1802 nihil
415 1737 451 1802 in
490 1736 552 1805 huo
585 1758 740 1820 responso
767 1759 832 1803 nen
860 1747 1115 1804 consentaneum
1166 1745 1217 1804 tos
1235 1759 1306 1805 csse
1331 1738 1447 1806 voluit:
1470 1738 1557 1822 quod
1579 1739 1651 1804 fieri
1674 1760 1739 1804 non
1760 1747 1889 1822 poterat
1910 1740 1974 1805 nisi
1996 1760 2048 1805 res
2070 1739 2139 1806 illis

143 1823 278 1889 divinae
310 1823 533 1908 providentiae
566 1824 703 1908 reperio.
755 1823 951 1906 Quanquam
986 1822 1117 1891 diversa
1166 1824 1395 1891 innotesceret.
1430 1824 1506 1890 Non
1518 1825 1674 1909 exprimit
1696 1825 1828 1908 quidem
1840 1825 1954 1904 Moses,
1977 1825 2138 1908 quomodo

141 1910 330 1975 coniectura
358 1910 464 1993 magis
491 1907 630 1984 arridet,
658 1908 761 1975 fuisse
787 1909 881 1975 Adae
908 1910 1029 1992 aliquid
1059 1909 1115 1975 de·
1166 1908 1360 1974 innotuerit:
1387 1910 1451 1974 nisi
1479 1920 1589 1976 tamen
1611 1910 1752 1978 velimus
1773 1929 2010 1994 supervacuum
2033 1911 2138 1977 facere

141 2003 304 2075 tractum,
325 2007 364 2060 ut
385 1994 508 2060 maiore
537 1994 766 2061 benevolentia
790 2005 919 2080 partem
947 1996 1000 2060 sui
1028 2015 1115 2062 com·
1166 2015 1247 2083 opus
1258 1993 1331 2074 Dei,
1350 1996 1559 2062 statuendum
1577 2003 1636 2074 est,
1655 2005 1724 2062 tam
1745 1995 1788 2075 id,
1810 2017 1909 2081 quam
1930 1997 2000 2062 cius
2022 1995 2140 2062 edendi

142 2080 353 2164 plecteretur.
389 2079 539 2146 Perdidit
559 2080 660 2164 igitur
681 2087 802 2147 costam
825 2100 941 2146 unam:
977 2080 1033 2147 sed
1055 2100 1116 2165 pre
1167 2081 1327 2146 radonem
1377 2093 1411 2147 ει
1462 2081 1651 2159 consilium,
1697 2089 1845 2148 autorem
1900 2081 2137 2148 manifestasse

142 2187 211 2250 qua
244 2166 293 2230 illi
328 2163 454 2231 reddita
484 2165 550 2231 luit
577 2166 675 2250 longe
702 2166 832 2232 uberior
858 2187 1001 2245 merces,
1037 2166 1115 2232 dum
1167 2164 1274 2250 Sopor
1291 2175 1401 2233 autem
1410 2166 1502 2233 Adae
1524 2168 1691 2234 immissus
1713 2168 1791 2243 fuit,
1814 2187 1880 2232 non
1898 2167 1955 2250 qui
1977 2167 2138 2252 originem

142 2261 264 2318 nactus
284 2262 334 2318 est
350 2250 480 2317 fidelem
498 2252 586 2318 vitae
604 2252 741 2318 seciam:
763 2254 829 2317 imo
852 2273 954 2335 quum
976 2273 1011 2318 sc
1031 2253 1115 2318 inte·
1166 2254 1279 2318 uxoris
1307 2251 1356 2316 illi
1386 2251 1613 2333 absconderet,
1642 2254 1700 2318 sed
1725 2252 1868 2318 dolorem
1889 2252 2138 2338 molestiamque

143 2359 243 2423 grum
274 2337 357 2403 vidit
385 2338 421 2401 in
448 2357 563 2417 uxore,
596 2337 651 2421 qui
679 2339 773 2423 prins
802 2347 931 2403 tentum
961 2337 1116 2404 dimidius
1167 2338 1335 2418 eximeret,
1358 2336 1459 2404 donec
1482 2348 1548 2404 ιειιι
1571 2339 1775 2421 praeclarum
1795 2339 1979 2423 praemium
2001 2338 2140 2405 haberet

143 2432 225 2488 erat.
259 2424 369 2507 Atque
392 2423 427 2487 in
449 2444 487 2488 co
508 2423 726 2508 perspicimus
748 2444 864 2491 veram
887 2432 1017 2490 nostrae
1039 2444 1116 2488 cnm
1168 2423 1296 2490 ablatae
1325 2432 1441 2490 εοειιιε.
1485 2424 1581 2505 Quod
1604 2423 1692 2502 dicit,
1713 2424 1772 2490 bac
1792 2425 1866 2505 cicc,
1888 2425 2052 2509 significat
2074 2425 2125 2492 sib

140 2508 230 2575 Filio
253 2509 317 2574 Dei
338 2508 474 2574 unitatis
498 2509 655 2594 effigiem:
685 2531 763 2575 nam
784 2519 819 2574 et
839 2510 894 2575 ille
914 2508 1029 2575 debilis
1050 2510 1115 2574 fao·
1168 2510 1326 2576 hactenus
1348 2508 1487 2575 defuisse
1506 2509 1641 2594 aliquid:
1665 2531 1703 2576 ac
1717 2511 1745 2575 si
1767 2510 1921 2576 dixisset:
1943 2510 1976 2575 N
1978 2531 2040 2576 unc
2064 2518 2122 2576 tan

141 2605 199 2661 tus
222 2607 281 2674 est,
304 2606 341 2659 nt
362 2595 509 2660 membra
523 2594 660 2661 haberet
682 2597 803 2660 virtute
825 2595 981 2678 praedite.
1006 2595 1115 2660 Inter·
1168 2594 1243 2660 dem
1271 2595 1391 2660 iustam
1419 2615 1604 2679 comparem
1630 2602 1749 2662 nactus
1771 2617 1859 2673 sum,
1889 2615 1971 2678 quae
1993 2604 2139 2678 pareest

140 2681 190 2746 im
208 2680 399 2757 notandum,
418 2679 526 2746 Adam
546 2679 711 2764 profundo
736 2702 851 2765 sopore
868 2680 969 2747 fuisse
988 2680 1115 2746 demer·
1167 2681 1371 2747 substantiae
1388 2681 1496 2749 carnis
1513 2701 1613 2760 meae,
1631 2683 1716 2747 etin
1734 2701 1799 2765 qua
1817 2681 1907 2746 velut
1923 2701 1977 2746 me
1998 2681 2139 2748 alterum

140 2787 228 2844 sum,
250 2775 288 2830 ut
306 2766 390 2830 nihil
408 2766 529 2831 doloris
546 2767 697 2832 sentiret:
723 2766 842 2833 deinde
860 2786 921 2832 nee
937 2767 1116 2832 violentam
1168 2767 1377 2850 contemplor.
1420 2767 1466 2832 lit
1494 2787 1614 2832 nomen
1643 2767 1786 2832 uxoria
1815 2765 1886 2832 vire
1911 2767 2068 2850 imponit,
2100 2775 2139 2832 ut

140 2852 244 2918 fuisse
260 2858 442 2936 rupturam,
464 2871 526 2916 neo
544 2873 584 2916 ex
607 2860 697 2918 costa
719 2853 840 2920 amasa
860 2853 1001 2920 sensisse
1023 2850 1116 2936 quid·
1167 2851 1231 2918 hoc
1248 2852 1434 2918 testimonio
1456 2859 1490 2918 ει
1510 2851 1573 2918 hae
1595 2859 1674 2918 nota
1685 2853 1748 2918 Dei
1770 2851 1964 2936 sapientiam
1987 2861 2138 2919 aeternae

140 2959 243 3020 quam
272 2939 434 3003 iacturae:
473 2937 549 3022 quia
584 2938 677 3003 Deus
715 2941 915 3005 vacuitatem
943 2939 990 3004 sic
1017 2959 1115 3005 carne
1168 2939 1344 3004 memerito
1393 2937 1609 3004 commendet.
1670 2938 1783 3004 Latini
1827 2939 1986 3026 sermonis
2027 2939 2138 3022 inopia

139 3023 299 3107 replevit,
327 3033 364 3088 ut
390 3023 490 3088 robur
520 3023 620 3089 etiam
642 3024 822 3091 sufficeret:
854 3031 983 3090 tantum
1006 3025 1115 3090 ablata
1168 3025 1274 3107 coegit
1295 3025 1508 3107 interpretem
1530 3022 1666 3090 reddere
1688 3037 1765 3091 rtttttt
1788 3024 1979 3108 viraginem.
2014 3024 2137 3090 Notan-

138 3109 206 3175 fuit
234 3109 315 3176 ossis
337 3107 481 3174 durities.
527 3108 685 3174 Consulto
716 3111 816 3176 etiam
838 3131 916 3176 usus
938 3119 988 3176 est
1005 3111 1115 3176 Moses
1169 3109 1247 3175 dum
1269 3117 1380 3174 tamen
1398 3119 1457 3188 est,
1477 3109 1663 3175 hebraicam
1681 3129 1792 3175 vocem
1811 3109 1894 3174 nihil
1916 3109 2003 3174 aliud
2021 3130 2139 3185 sonare

140 3193 338 3261 aedificandi
367 3193 485 3279 verbo,
515 3204 553 3259 ut
581 3193 713 3261 doceret
742 3197 777 3260 in
802 3196 949 3262 mulieris
977 3215 1115 3280 persona
1167 3216 1266 3278 quam
1287 3196 1443 3260 feminam
1465 3196 1536 3262 viri.

140 3281 280 3346 tandem
312 3279 496 3346 absolutum
530 3280 630 3346 fuisse
648 3281 845 3348 ιιιιιιιιειιιιει
879 3303 999 3365 genus,
1030 3280 1116 3364 quod
1254 3281 1305 3346 24.
1340 3280 1463 3348 Idcirco
1509 3281 1668 3363 relinquet.
1725 3280 1923 3363 Dubitatur,
1961 3279 2137 3348 inducatne

140 3367 238 3450 prius
253 3365 405 3432 inchoato
427 3365 573 3432 aedificio
593 3367 700 3432 simile
722 3376 802 3433 erat.
827 3367 896 3432 Alii
918 3366 960 3433 ad
979 3386 1114 3432 oecono-
1169 3367 1278 3434 Moses
1293 3366 1402 3432 Deum
1425 3365 1620 3449 loquentem,
1643 3388 1686 3431 an
1707 3365 1802 3432 Adae
1824 3385 2010 3432 sermonem
2031 3367 2138 3432 conti-

140 3453 245 3518 miam
264 3451 427 3518 referunt:
451 3452 530 3518 acsi
551 3452 659 3518 dicare
681 3453 908 3533 velletMoses,
930 3465 1010 3519 tunc
1030 3472 1117 3519 oom-
1167 3461 1256 3532 nuet,
1286 3473 1330 3517 an
1357 3472 1436 3518 vero
1463 3451 1524 3518 hcc
1552 3472 1610 3535 pro
1638 3450 1778 3518 doctoris
1800 3450 1906 3518 officio
1928 3453 1964 3516 in
1985 3472 2045 3518 sua
2064 3472 2138 3535 per-

140 3539 289 3622 positum
318 3537 420 3603 fuisse
445 3537 629 3623 legitimum
661 3539 805 3605 familiae
833 3539 997 3604 ordinem:
1031 3536 1116 3622 quod
1168 3558 1249 3604 sona
1277 3536 1454 3603 addiderit:
1489 3558 1626 3620 qnorum
1653 3544 1855 3623 postremum
1880 3536 1963 3602 mihi
1992 3539 2136 3604 maxime

139 3645 215 3689 non
234 3623 331 3708 longe
352 3642 373 3686 a
391 3622 499 3706 priore
521 3623 724 3708 expositione
746 3623 877 3691 recedit.
1167 3625 1333 3708 probatur.
1378 3623 1468 3708 Ergo
1504 3631 1677 3706 postquam
1706 3623 1860 3688 historice
1902 3623 2021 3688 retulit
2051 3623 2138 3706 quod

233 3709 284 3774 22.
315 3707 360 3774 Et
388 3709 531 3775 adduct.
572 3709 645 3774 Iam
667 3718 780 3776 narrat
802 3709 907 3776 Moses
928 3709 1117 3776 institutum
1168 3718 1297 3794 gestum
1315 3709 1417 3775 aDoo
1435 3717 1514 3788 erat,
1535 3709 1636 3774 finem
1658 3729 1785 3792 quoque
1806 3707 1936 3774 divinae
1958 3709 2139 3775 institutio·

139 3795 249 3860 fuisse
267 3793 426 3860 divinitus
438 3795 643 3879 coniugium:
667 3795 753 3878 quod
775 3795 811 3860 in
830 3795 947 3880 prImis
964 3795 1045 3861 utile
1066 3805 1118 3861 εει
1167 3796 1220 3860 nis
1239 3794 1451 3861 demonstrat.
1493 3792 1631 3861 Summa
1648 3803 1707 3874 est,
1725 3792 1813 3858 inter
1830 3793 1953 3878 gradus
1973 3794 2138 3861 humanae

138 3879 288 3964 cognitu.
338 3879 425 3946 Nam
457 3901 558 3964 quum
590 3880 653 3947 sibi
685 3881 793 3946 Adam
823 3882 953 3965 proprio
983 3882 1117 3948 arbitrio
1168 3881 1332 3947 societatis
1357 3879 1444 3945 hunc
1471 3878 1681 3963 praecipuum
1713 3900 1799 3959 esse,
1832 3888 1866 3943 et
1887 3879 1980 3962 quasi
2000 3881 2138 3947 sacerri-

138 3986 215 4031 nou
249 3966 425 4049 sumpserit
461 3985 614 4043 uxorem,
648 3966 705 4032 sed
734 3967 878 4034 oblatam
919 3987 938 4031 a
974 3965 1117 4032 Domino
1168 3988 1274 4046 mum,
1301 3973 1338 4031 ut
1364 3966 1417 4032 vir
1445 3966 1542 4031 uxori
1569 3985 1648 4030 suae
1670 3964 1855 4030 adhaereat.
1896 3964 2000 4048 quue
2021 3967 2138 4049 ampli-

139 4049 272 4133 sibique
308 4050 472 4117 addictam
508 4052 684 4135 acceperit:
721 4051 800 4118 hinc
834 4052 953 4118 melius
983 4063 1118 4136 apparet
1168 4054 1245 4119 ficut
1253 4051 1495 4136 comparatione
1507 4048 1631 4115 addita:
1644 4050 1728 4134 qnod
1740 4051 1825 4133 patri
1844 4071 1980 4116 uxorem
1998 4053 2138 4119 maritus

141 4137 290 4220 coniugii
326 4136 497 4214 εειιειίιεε,
532 4138 609 4220 quia
644 4138 753 4203 Deum
790 4140 912 4205 scimus
943 4158 1015 4204 esse
1047 4138 1118 4205 eius
1168 4137 1333 4222 praeferre
1350 4136 1473 4202 debeat.
1496 4135 1653 4220 Relinqui
1675 4147 1786 4201 autem
1806 4134 1925 4202 dicitur
1945 4145 2048 4220 pater,
2072 4157 2137 4202 non

140 4230 305 4288 autorem.
360 4222 436 4303 Quo
463 4223 612 4307 pluribus
647 4223 752 4290 modis
777 4235 913 4290 conatus
942 4233 993 4289 est
1014 4221 1117 4290 Satan
1168 4225 1245 4307 quia
1271 4222 1409 4290 direllat
1428 4221 1513 4288 filios
1534 4242 1555 4286 a
1575 4221 1724 4304 patribus
1745 4221 1950 4306 coniugium,
1980 4222 2033 4287 vel
2056 4223 2137 4290 aliar

140 4306 337 4393 coniugium
360 4307 503 4388 foedare,
530 4330 568 4374 eo
597 4309 703 4394 magis
732 4309 772 4375 ab
800 4309 891 4374 omni
919 4309 1117 4375 contumelia
1168 4319 1306 4375 naturae
1328 4306 1586 4375 necessitudines
1608 4307 1716 4372 tollat:
1734 4308 1885 4373 namhoc
1907 4307 2003 4372 modo
2025 4321 2137 4373 seeum

141 4399 183 4459 et
221 4392 336 4475 probro
363 4393 447 4459 illud
475 4415 675 4474 coemamus,
710 4407 748 4459 ut
776 4415 870 4460 suam
898 4395 1116 4460 reverentiam
1167 4395 1239 4480 ipse
1271 4403 1433 4480 pugnaret
1464 4393 1573 4471 Deus,
1607 4392 1664 4458 sed
1696 4413 1798 4475 quum
1831 4392 1936 4475 pietas
1965 4393 2024 4458 filii
2057 4413 2135 4475 erga

138 4478 302 4544 obtineat
331 4479 415 4545 Inde
436 4481 523 4544 enim
545 4480 602 4545 fiet
625 4488 661 4546 ut
682 4481 786 4546 vitam
807 4480 1011 4561 coniugalem
1033 4481 1117 4546 bona
1168 4489 1296 4564 patrem
1326 4499 1531 4562 summopere
1560 4476 1696 4544 colenda
1724 4479 1782 4557 sit,
1809 4497 1847 4544 ao
1863 4498 1923 4561 per
1943 4499 1978 4543 se
1999 4478 2135 4544 inviola-

139 4573 183 4630 ει
212 4565 388 4647 tranquan
416 4566 616 4633 conscientia
641 4567 751 4632 colant
779 4567 838 4632 filii
860 4567 938 4632 Dei:
968 4575 1002 4631 et
1027 4574 1116 4633 caste
1168 4566 1241 4632 bilis
1258 4587 1296 4633 ac
1314 4574 1427 4632 sancta
1449 4564 1575 4630 censeri
1598 4561 1723 4642 debeat,
1745 4564 1931 4648 coniugium
1956 4573 2065 4628 tamen
2088 4564 2135 4631 sic

138 4649 348 4734 honesteque
379 4651 491 4716 mariti
527 4660 561 4717 et
599 4672 717 4719 uxores
752 4652 840 4718 inter
868 4673 903 4718 se
930 4659 1114 4718 versentur.
1166 4651 1332 4735 praedicat
1363 4651 1488 4728 Moses,
1521 4656 1559 4714 ut
1598 4649 1708 4714 minus
1739 4648 1836 4714 liccat
1868 4669 2002 4713 uxorem
2035 4671 2135 4732 quam

138 4733 282 4817 Duplex
305 4737 341 4800 in
368 4736 531 4820 captanda
551 4738 693 4823 coniugii
715 4739 851 4803 iufamia
872 4737 1015 4804 Satanae
1037 4739 1116 4802 arti-
1166 4749 1319 4820 parentes
1363 4735 1520 4801 deserere.
1586 4733 1701 4816 Itaque
1744 4734 1800 4816 qui
1839 4731 1980 4799 divortia
2012 4743 2134 4801 temere

137 4821 258 4886 ficium
297 4821 372 4887 luit:
411 4832 449 4887 ut
484 4823 575 4889 illius
612 4824 688 4890 odio
720 4823 908 4908 pestiferum
939 4824 1116 4889 caelibatus
1167 4824 1295 4889 levibus
1325 4822 1364 4888 de
1386 4821 1494 4888 causis
1516 4819 1712 4900 admittunt,
1739 4818 1774 4883 in
1797 4840 1862 4884 uno
1885 4837 1920 4884 ca
1944 4819 1988 4884 ite
2011 4821 2134 4886 violant

137 4908 252 4990 legem
284 4907 467 4986 inveheret,
501 4908 618 4974 dende
649 4919 687 4974 ut
719 4909 849 4992 quidvis
882 4909 1032 4975 licentiae
1054 4909 1115 4974 sibi
1165 4910 1276 4974 omnia
1304 4919 1442 4973 naturae
1468 4906 1558 4984 iura,
1587 4914 1621 4970 et
1649 4905 1685 4969 in
1712 4903 1853 4969 nihilum
1880 4840 2042 4987 redigunt.
2093 4905 2133 4972 si

135 4993 374 5078 permitterent
398 4995 562 5079 coniuges.
607 4995 699 5079 Ergo
726 5003 857 5061 ostensa
878 4994 1020 5078 coniugii
1043 4993 1115 5078 dig·
1165 5004 1293 5078 patrem
1316 4993 1422 5059 afilio
1444 5011 1596 5074 separare
1616 4989 1732 5074 religio
1753 4998 1818 5070 est,
1847 4989 2023 5070 vinculum,
2046 4991 2134 5073 quod

136 5079 259 5162 nitate,
270 5078 414 5144 tollenda
424 5089 475 5146 est
485 5103 523 5147 su
547 5083 693 5147 erstitic:
715 5101 758 5145 ne
768 5079 924 5164 impediat
942 5079 1115 5163 quominus
1165 5080 1329 5146 Dominus
1363 5079 1434 5143 aliis
1462 5075 1614 5142 omnibus
1649 5077 1819 5158 praetulit,
1856 5075 1985 5140 solvere
2026 5078 2132 5144 maius

135 5164 294 5248 legitima
332 5186 478 5249 puraque
549 5167 580 5231 ei
618 5165 825 5232 ordinatione
865 5186 946 5249 pure
978 5174 1115 5231 utamur
1165 5173 1217 5231 est
1238 5166 1339 5231 nefas.

136 5249 273 5317 fideles:
297 5249 414 5316 deinde
432 5252 563 5317 obviam
581 5253 725 5318 eundum
748 5262 798 5316 est
819 5252 927 5318 carnis
949 5250 1113 5331 lasciviae,
1251 5251 1415 5332 limentque
1441 5249 1477 5314 lo
1502 5265 1627 5314 comen
1647 5265 1755 5311 unum.
1800 5247 1895 5313 Licet
1913 5255 2008 5312 vetus
2029 5247 2132 5312 inter·

136 5344 182 5402 ut
209 5335 327 5417 pudice
357 5357 431 5402 cum
453 5337 611 5402 risoribus
632 5338 782 5404 habitent
802 5337 921 5404 mariti.
965 5335 1063 5419 Quod
1085 5339 1113 5403 si
1166 5357 1240 5421 pres
1269 5335 1488 5403 transtulerit:
1516 5333 1559 5398 In
1586 5352 1685 5398 carne
1707 5353 1789 5411 nna,
1811 5333 1997 5415 expressius
2020 5341 2135 5401 tamen

211 5437 324 5495 Caluini
338 5453 430 5508 opera.
472 5441 529 5496 Vol.
547 5439 671 5496 XXIII.
1917 5431 1935 5486 4
