5022 6192
122 442 162 507 65
773 441 1144 512 COMMENTARIUS
1166 443 1217 509 IN
1240 443 1453 514 GENESIN.
2073 447 2116 513 66

125 612 190 680 Sed
202 613 274 678 Deo
286 613 450 691 fuitsatis,
463 616 638 680 exstarein
650 635 782 698 corpore
794 615 1090 698 humanoaliquam
1142 617 1266 701 priore:
1286 614 1544 700 quandoquidem
1564 614 1721 698 fugitivos
1733 617 1824 684 Deus
1845 617 1915 682 sola
1936 637 2017 684 voce
2038 639 2116 684 mox

122 699 305 783 pudendam
333 709 461 777 notam,
488 721 569 783 quae
588 721 649 766 nos
671 703 793 783 peccati
815 701 1090 768 commonefaciat.
1142 702 1289 768 retrahit.
1321 701 1393 769 Scri
1417 712 1488 768 turn
1509 699 1829 788 est(Psal.139,'l)!:
1851 702 1926 783 Quo
1948 702 2072 787 fugiam
2096 723 2116 768 a

122 785 250 850 Deinde
286 785 337 871 (ut
372 786 438 850 iam
470 785 626 871 diximus)
656 787 799 852 nondum
829 788 922 853 Adae
958 787 1091 870 eiusque
1142 787 1225 854 facie
1259 787 1339 853 tua?
1391 723 1427 854 gi
1455 808 1547 854 marc
1575 787 1753 866 maliciam,
1790 789 1819 855 si
1847 791 2025 872 assumptis
2054 788 2115 854 alis

122 873 215 936 uxori
245 873 376 956 cognita
403 880 475 937 erat
501 892 561 936 sua
590 872 774 956 turpitudo,
805 894 903 956 quum
931 882 997 937 tam
1027 870 1092 937 levi
1143 873 1372 940 transcendam
1388 873 1509 940 nubes:
1530 872 1999 957 sidescaudaminprofundas
2018 873 2114 958 abys-

122 959 344 1040 integumento
366 957 512 1041 effugere
534 957 596 1021 Dei
619 967 827 1040 conspectum
850 965 1025 1022 tentarent.
1142 979 1209 1024 sos:
1239 969 1275 1024 tu
1308 959 1451 1024 Domine
1486 959 1606 1041 ubique
1635 959 1709 1024 eris.
1760 958 1801 1024 Id
1830 960 1972 1025 fatemur
2001 980 2115 1026 omnes

207 1043 236 1108 8.
259 1043 440 1108 Audieram
465 1062 565 1108 uocem
586 1043 727 1110 nantas
772 1045 918 1110 bimulac
942 1065 1005 1108 vox
1027 1042 1090 1106 Dei
1141 1065 1258 1110 verum
1287 1064 1372 1120 asse,
1407 1063 1511 1126 neque
1539 1046 1664 1109 interea
1692 1064 1857 1110 cessamus
1874 1051 2005 1128 captare
2026 1065 2116 1111 vana

122 1130 265 1205 intonat,
302 1129 448 1193 sentiunt
476 1128 582 1194 Adam
617 1142 650 1193 et
679 1129 774 1194 Hera
810 1129 895 1194 nibil
923 1127 986 1195 sibi
1014 1127 1091 1193 folia
1141 1130 1368 1214 subterfugia:
1408 1139 1442 1210 et
1470 1129 1631 1212 quaslibet
1664 1129 1798 1195 umbras
1833 1130 1926 1195 uobis
1959 1131 2115 1214 fingimus

122 1213 284 1296 prodesse,
306 1213 422 1297 quibus
444 1234 479 1280 se
500 1215 621 1298 optime
643 1216 786 1281 munitos
803 1214 970 1297 putabant.
998 1212 1091 1278 Nihil
1141 1216 1266 1300 optima
1293 1237 1363 1282 esse
1384 1215 1638 1300 propugnacula.
1679 1214 1795 1298 Neque
1816 1213 2031 1281 omittendum
2055 1223 2113 1291 est,

122 1299 174 1364 hie
186 1297 287 1365 tradit
298 1301 407 1366 Moses
419 1300 504 1381 quod
517 1321 582 1365 uon
600 1299 695 1365 hodio
713 1309 847 1366 maneat
865 1302 901 1365 in
919 1299 1091 1365 hominum
1140 1300 1224 1383 quod
1243 1321 1345 1384 pauca
1362 1301 1438 1365 folia
1455 1300 1629 1365 minimum
1648 1299 1709 1366 sibi
1727 1300 1881 1383 prodesse
1898 1311 2054 1384 expertus
2072 1298 2115 1366 ad

122 1395 255 1466 natura,
277 1395 311 1452 et
332 1385 419 1451 clarc
440 1399 599 1450 cernatur.
642 1384 849 1470 Insculptum
872 1396 921 1452 est
943 1385 1089 1450 omnium
1140 1387 1209 1451 inte
1307 1386 1439 1452 arbores
1460 1386 1616 1470 confugit
1639 1384 1696 1452 Sic
1718 1386 1805 1450 enim
1824 1386 1966 1452 solemus
1987 1385 2114 1452 frivolis

121 1472 271 1537 cordibus
301 1472 375 1537 boni
406 1481 437 1535 et
466 1470 545 1535 mali
572 1471 761 1544 discrimen,
789 1482 827 1536 ut
851 1471 944 1538 docet
964 1470 1090 1536 Paulus
1141 1473 1215 1537 cavi
1229 1473 1270 1537 lis
1300 1471 1423 1538 exclusi
1468 1471 1695 1538 excusationes
1724 1493 1826 1538 noras
1853 1473 1991 1556 fingere,
2029 1493 2113 1555 quae

121 1557 157 1621 ad
173 1559 267 1624 Rom.
286 1557 367 1643 (cap.
387 1559 417 1636 2,
434 1555 488 1642 15)
506 1556 562 1621 sed
580 1555 731 1622 inanibus
750 1557 836 1622 foliis
857 1577 971 1622 omnes
992 1558 1089 1622 vitic-
1140 1577 1201 1622 nos
1235 1558 1328 1623 velut
1359 1557 1419 1623 sub
1452 1555 1602 1622 densiore
1629 1555 1745 1622 umbra
1777 1557 1948 1624 occultant.
1999 1556 2114 1638 Quum

121 1665 195 1708 rum
221 1665 354 1709 suorum
384 1642 522 1709 dedecus
544 1642 722 1726 sepeliunt,
754 1643 855 1707 donec
878 1650 990 1707 aarum
1013 1664 1089 1708 con·
1141 1642 1223 1708 dicit
1254 1643 1377 1720 Moses,
1418 1640 1526 1707 Adam
1564 1651 1597 1707 at
1633 1663 1771 1708 uxorem
1810 1664 1845 1709 se
1866 1643 2045 1710 occultasse
2078 1642 2113 1707 in

120 1730 273 1794 scientias
287 1732 376 1794 intus
395 1751 474 1796 voce
492 1726 654 1793 suaDeus
671 1728 832 1810 percellit:
850 1727 928 1794 hino
946 1725 1089 1810 trepidae
1140 1729 1246 1794 medio
1276 1728 1400 1794 arboris
1426 1727 1584 1812 paradisi,
1613 1728 1813 1812 singularem
1843 1749 2018 1794 numerum
2038 1729 2112 1812 plu·

121 1816 353 1900 eonscientiae,
389 1825 560 1898 postquam
589 1814 713 1880 scilicet
740 1814 831 1879 Deus
861 1834 997 1880 excusso
1025 1821 1089 1878 tor·
1139 1813 1219 1880 ralis
1250 1815 1320 1879 loco
1350 1834 1421 1880 esse
1448 1816 1591 1897 positum
1616 1813 1831 1898 interpretare
1855 1815 1942 1881 acsi
1965 1813 2112 1898 dixisset,

120 1923 196 1984 porc
222 1922 335 1967 vocem
365 1921 457 1966 suam
480 1900 593 1964 moire
616 1901 729 1984 coegit.
774 1901 879 1964 Porro
897 1900 952 1966 ubi
971 1898 1088 1963 Hiero·
1140 1899 1232 1964 Inter
1255 1898 1395 1966 arbores.

121 2009 241 2071 aymus
262 1989 376 2066 vertit,
403 1985 455 2053 Ad
484 2006 597 2050 auram
624 1993 699 2070 post
728 1985 914 2062 meridiem,
936 1984 1090 2049 hebraica
1227 1986 1256 2050 9.
1286 1985 1469 2065 Vocovilqae
1491 1983 1606 2050 Iebcoo
1617 1982 1708 2050 uas
1729 1985 1846 2052 Adam.
1878 1985 1949 2050 Iam
1972 1986 2112 2068 perculsi

120 2073 270 2151 habetur,
303 2073 356 2138 Ad
390 2081 526 2138 rentum
557 2072 631 2136 diei.
684 2072 819 2148 Graeci,
849 2071 968 2137 omisso
998 2070 1088 2134 venti
1127 2071 1268 2135 fuerant
1279 2069 1342 2134 Dei
1355 2091 1442 2147 voce,
1460 2067 1517 2135 sed
1536 2069 1746 2147 attonitisub
1764 2071 1934 2137 arboribus
1952 2070 2111 2148 iacebant,

120 2162 259 2236 nomine,
277 2173 458 2244 posuerunt
468 2158 521 2223 Ad
540 2178 719 2242 vesperam.
741 2157 795 2222 Ita
812 2155 952 2221 invaluit
969 2157 1087 2240 opinio,
1140 2155 1241 2222 donec
1271 2155 1375 2220 altera
1403 2175 1466 2220 vox
1488 2156 1521 2219 in
1545 2175 1655 2220 eorum
1679 2157 1807 2223 animos
1829 2157 1989 2224 efficacius
2012 2177 2111 2239 pene·

119 2243 203 2328 quod
237 2265 337 2328 quum
370 2245 456 2310 circa
477 2242 647 2308 meridiem
676 2251 841 2325 peccasset
869 2242 993 2320 Adam,
1028 2241 1087 2306 sub
1139 2251 1213 2306 trat.
1250 2241 1341 2306 Dicit
1361 2241 1465 2306 Moses
1488 2249 1638 2306 vocabum
1660 2241 1761 2307 fuisse
1782 2241 1891 2308 Adam
1913 2264 1933 2310 a
1953 2242 2110 2308 Domino:

119 2351 265 2396 occasum
286 2331 362 2396 solis
384 2334 418 2395 iu
440 2328 595 2394 indicium
617 2337 753 2394 vocatus
774 2327 885 2392 fuerit.
914 2329 986 2412 Ego
1009 2347 1087 2392 raro
1138 2348 1247 2392 annon
1276 2335 1353 2391 ante
1374 2338 1511 2392 vocatus
1534 2324 1663 2391 fuerat?
1691 2348 1808 2394 verum
1831 2328 1886 2392 ille
1907 2327 2014 2393 fuerat
2034 2347 2110 2394 eon·

119 2417 151 2479 in
184 2417 346 2482 diversam
377 2417 596 2482 coniecturam
626 2416 730 2498 magis
753 2413 891 2491 inclino,
920 2412 1005 2495 quod
1028 2433 1087 2476 suo
1138 2413 1232 2478 fusus
1259 2432 1374 2491 sonus,
1402 2412 1460 2496 qui
1486 2410 1635 2476 nondum
1655 2412 1735 2478 satis
1765 2414 1906 2480 habebat
1924 2413 2047 2497 vigoris
2068 2413 2111 2479 ad

116 2501 341 2586 integumento
377 2503 481 2587 operti
516 2512 645 2565 noctem
685 2501 718 2563 in
752 2498 882 2564 silentio
915 2507 947 2564 et
980 2498 1087 2581 quiete
1141 2496 1336 2585 premendas
1358 2497 1581 2563 conscientias.
1606 2497 1723 2580 Itaque
1746 2521 1833 2565 nuuc
1854 2499 1988 2583 propius
2009 2500 2111 2564 instat

115 2591 344 2673 transegerint,
356 2586 706 2654 adiuvantibuscorum
719 2583 907 2669 hypocrisin
927 2585 1086 2649 tenebris:
1142 2586 1242 2664 Deus,
1265 2591 1299 2647 et
1320 2605 1363 2647 ex
1384 2582 1556 2665 multiplici
1579 2583 1732 2648 arborum
1754 2585 1937 2668 complexu,
1960 2585 2110 2666 quamuis

115 2674 330 2742 deindecirca
351 2694 503 2739 auroram
524 2691 637 2737 rursus
655 2671 695 2736 de
712 2672 841 2754 integro
859 2668 1086 2753 expergefacti,
1139 2669 1282 2734 invitum
1294 2679 1327 2734 et
1348 2670 1561 2746 restitantem,
1575 2667 1722 2734 traldtin
1734 2668 1887 2736 medium.
1914 2669 1955 2734 In
1967 2668 2110 2736 eundem

114 2760 154 2825 ad
172 2783 209 2825 se
227 2762 315 2844 ipsos
333 2759 498 2825 redierint.
522 2757 654 2823 Scimus
672 2757 839 2820 exoriente
856 2756 932 2833 solo,
956 2762 1087 2818 natura-
1139 2775 1198 2819 nos
1220 2775 1346 2836 quoque
1368 2754 1502 2819 modum
1524 2763 1686 2820 terremur
1708 2755 1772 2820 Dei
1795 2775 1891 2836 voce,
1913 2754 2110 2838 simulatque

114 2845 192 2911 liter
221 2867 333 2911 auram
364 2844 513 2910 excitari:
544 2842 643 2908 simul
676 2862 754 2922 ergo
786 2862 859 2907 cum
889 2842 969 2906 flatu
994 2841 1085 2905 Deus
1139 2839 1273 2906 auribus
1302 2840 1420 2905 nostris
1446 2840 1500 2904 lex
1529 2840 1600 2905 eius
1622 2841 1766 2906 insonat:
1798 2839 1856 2906 sad
1878 2860 1955 2905 mox
1976 2841 2110 2906 umbras

114 2932 515 3015 apparuit:vespartinam
530 2927 953 3009 autem'auramimpropria
966 2926 1084 3002 Moses,
1138 2934 1323 3008 captamus,
1357 2924 1459 2990 donec
1481 2924 1706 2991 vehementius
1728 2947 1788 2992 nos
1809 2947 1881 2992 com
1923 2925 2008 2992 llans
2037 2945 2110 2992 reos

113 3015 177 3083 diei
210 3027 351 3082 vocaret.
396 3016 465 3081 Alii
494 3035 553 3097 pro
582 3014 679 3098 plaga
706 3014 758 3079 vel
788 3013 920 3096 regione
948 3007 1085 3076 australi
1138 3010 1179 3076 ad
1202 3031 1299 3077 suum
1321 3009 1464 3076 tribunal
1485 3009 1615 3093 prodire
1636 3012 1731 3094 cogit.
1753 3011 1850 3078 Hauc
1894 3012 1988 3077 aulus
2008 3011 2111 3078 vitam

111 3105 293 3186 accipiunt:
316 3113 352 3167 ut
375 3111 462 3168 certe
485 3113 540 3167 nt't
557 3099 721 3165 interdum
740 3097 900 3164 Hebraeis
922 3097 1008 3164 hano
1030 3096 1084 3162 vel
1138 3096 1219 3180 legis
1245 3097 1405 3172 nominat,
1428 3116 1531 3178 quum
1573 3103 1683 3162 conata
1705 3105 1819 3162 nostra
1839 3116 2018 3179 coarguens
2048 3117 2110 3163 nos

112 3190 204 3254 illam
228 3188 344 3253 mundi
362 3188 529 3271 regionem
546 3185 717 3271 significat.
752 3183 818 3249 Alii
837 3191 956 3268 putant
977 3183 1085 3248 notari
1138 3181 1264 3248 occidit.
1319 3181 1404 3247 Nam
1438 3201 1535 3263 quam
1562 3182 1592 3245 'u
1621 3181 1788 3265 placemus
1821 3180 1930 3262 nobis,
1963 3191 1995 3246 et
2027 3183 2110 3250 falsa

109 3273 337 3358 tempusqucd
355 3270 533 3338 terroribus
550 3273 657 3336 minus
675 3280 724 3335 est
741 3268 932 3335 obnoxium:
951 3289 1027 3332 nam
1050 3269 1085 3332 iu
1138 3269 1224 3334 vitae
1246 3267 1396 3350 opinione
1424 3285 1540 3331 sumus
1562 3267 1680 3344 inflati,
1701 3267 1755 3331 lex
1777 3266 1870 3332 nobis
1892 3276 2108 3333 mortuaest:

109 3361 197 3425 clara
221 3361 294 3426 luce
315 3359 419 3424 maior
440 3367 491 3424 est
512 3357 684 3424 securitas:
711 3367 809 3438 atque
846 3355 893 3420 ita
915 3354 1086 3436 impletum
1141 3355 1216 3436 quia
1257 3353 1327 3418 aius
1365 3355 1466 3418 aciem
1501 3351 1707 3418 retundimus
1741 3361 1853 3418 nostra
1882 3352 2018 3418 duritia:
2051 3352 2110 3418 scd

109 3456 232 3528 putant
268 3445 353 3528 quod
383 3445 544 3528 scriptura
570 3443 777 3526 pronunciat,
807 3441 893 3506 mala
919 3440 980 3505 sibi
1012 3459 1086 3504 oon·
1139 3439 1194 3503 ubi
1225 3441 1333 3504 acrius
1358 3457 1418 3502 uos
1446 3438 1580 3521 pungit,
1605 3438 1641 3501 in
1668 3457 1771 3504 novos
1799 3447 1939 3504 terrores
1967 3438 2108 3520 compel-

109 3532 194 3597 scics
213 3532 312 3596 etiam
331 3532 400 3595 sine
421 3529 565 3614 periculo
590 3549 719 3611 semper
737 3528 851 3591 anxios
870 3533 902 3590 et
922 3525 1086 3608 inquietos
1138 3525 1246 3589 limur.

107 3638 188 3682 esse.
224 3617 352 3682 Eodem
370 3618 517 3681 referunt
533 3613 618 3697 quod
636 3613 809 3679 subiicitur
827 3611 866 3676 de
889 3631 977 3689 aura,
995 3609 1086 3691 quasi
1225 3609 1274 3676 10.
1305 3607 1411 3674 Vocem
1439 3613 1527 3673 mom
1554 3607 1673 3673 audiui.
1717 3606 1914 3690 Quanquam
1943 3606 2024 3674 haec
2053 3607 2109 3673 de·

113 3703 154 3767 ad
185 3703 361 3785 strepitum
388 3702 458 3766 folii
479 3699 624 3767 cadentis
646 3697 872 3763 formidaverit
892 3695 1010 3773 Adam,
1029 3692 1086 3759 scd
1138 3695 1213 3761 iacti
1243 3695 1385 3760 hominis
1419 3701 1452 3758 et
1481 3692 1645 3758 humiliati
1673 3686 1805 3758 ridetur
1835 3713 1906 3760 esse
1933 3693 2107 3758 confessio:

112 3789 199 3870 quod
218 3787 325 3865 attuli,
343 3788 454 3853 verius
471 3797 521 3853 est
538 3808 576 3850 ac
593 3784 782 3868 simplicius,
800 3780 885 3865 quod
904 3782 1087 3860 subnectis
1138 3801 1214 3846 mox
1235 3789 1344 3846 tamen
1366 3778 1505 3862 patebit,
1528 3778 1675 3843 noudum
1699 3777 1798 3844 fuisse
1816 3779 1916 3863 probe
1937 3777 2109 3860 domitum,

111 3873 261 3939 tenebris
301 3873 438 3952 latebat,
478 3872 545 3938 sole
580 3874 748 3936 exoriente
781 3869 883 3933 fuisse
915 3866 1086 3932 detectum.
1139 3887 1242 3949 neque
1278 3863 1319 3930 ad
1353 3864 1587 3947 poenitentiam
1624 3861 1811 3929 adductum.
1862 3863 1945 3930 Voci
1972 3863 2037 3929 Dei
2074 3871 2108 3929 et

110 3958 230 4042 Neque
264 3966 373 4024 temen
405 3957 517 4023 dubito
549 3957 629 4039 quin
662 3954 804 4020 notabile
837 3953 964 4036 aliquod
991 3973 1085 4035 prae-
1138 3951 1283 4016 nuditati
1321 3972 1399 4016 suae
1429 3951 1581 4014 timorem
1614 3950 1769 4031 imputat,
1803 3949 1897 4031 quasi
1930 3970 1996 4014 uon
2030 3959 2107 4014 aute

108 4047 241 4110 sentiae
258 4046 320 4110 Dei
338 4043 522 4130 symbolum
540 4043 575 4106 in
592 4044 671 4106 flatu
688 4040 745 4105 illc
766 4040 938 4104 exstiterit.
966 4037 1085 4118 Quan-
1138 4038 1322 4120 lcquentem
1345 4037 1452 4102 Deum
1484 4033 1623 4099 audierit
1643 4035 1843 4118 intrepidus,
1872 4035 1939 4098 imo
1961 4037 2107 4101 suaviter

107 4152 210 4212 quam
229 4131 315 4195 enim
340 4129 391 4216 (ut
412 4150 518 4213 nuper
539 4126 621 4213 dixi)
643 4123 787 4208 quotidie
808 4145 920 4190 auram
942 4123 1086 4205 aliquam
1137 4124 1208 4188 eius
1244 4141 1393 4186 sermone
1432 4119 1635 4185 exhilaratus
1676 4119 1783 4184 fuerit.
1841 4117 1936 4199 Quod
1973 4119 2107 4202 pudoris

106 4217 157 4280 sol
194 4217 347 4281 exoriens
384 4216 469 4282 ciera
497 4214 593 4280 solet:
620 4212 654 4276 id
683 4233 747 4276 nou
777 4210 883 4276 obstat
912 4208 1086 4292 quominus
1137 4227 1269 4274 causam
1296 4207 1330 4270 in
1352 4215 1485 4289 peccato
1507 4226 1572 4270 non
1594 4206 1748 4290 agnoscit,
1770 4205 1806 4268 in
1828 4225 1866 4269 eo
1888 4204 1986 4268 etiam
2008 4205 2107 4270 nimis

107 4300 413 4367 extraordinarium
443 4300 603 4366 adeamus
625 4299 675 4365 eui
697 4299 829 4380 signum
849 4294 941 4360 Deus
964 4293 1004 4358 ad
1027 4294 1085 4358 sti·
1136 4292 1287 4376 stupidus
1316 4301 1382 4356 est:
1414 4291 1461 4356 sic
1488 4311 1566 4374 crgo
1588 4311 1623 4355 sc
1651 4309 1788 4372 poenam
1817 4290 1938 4355 sentire
1955 4290 2106 4370 ostendit,

105 4387 286 4453 mulaudas
304 4387 398 4452 Adae
422 4395 455 4452 et
471 4385 584 4451 uxoris
606 4384 820 4450 conscientias
842 4380 975 4446 dederit.
999 4379 1085 4444 Nam
1136 4387 1173 4444 ut
1196 4378 1326 4461 culpam
1359 4376 1504 4442 nondum
1536 4378 1685 4442 fateatur.
1725 4375 1856 4440 Interea
1888 4394 2004 4440 rerum
2035 4395 2106 4440 cese

106 4475 271 4554 quamsit
289 4470 635 4557 incomprehensibilis,
658 4468 736 4533 dum
754 4490 788 4534 se
806 4466 994 4532 hominibus
1016 4485 1085 4528 ma
1136 4464 1249 4548 probat
1268 4462 1354 4546 quod
1373 4463 1463 4545 prius
1481 4461 1558 4540 dixi,
1581 4480 1645 4526 non
1668 4460 1701 4525 iu
1725 4481 1791 4524 uua
1812 4466 1940 4525 tantum
1961 4461 2106 4541 corporis

106 4559 269 4624 nifestars
287 4560 368 4634 vult,
390 4557 496 4623 induit
518 4577 573 4621 aas
596 4565 690 4619 notas
713 4554 799 4618 unde
820 4552 922 4634 possit
943 4550 1084 4634 agnosci.
1136 4558 1229 4632 parte
1240 4546 1381 4615 residere
1392 4547 1550 4631 originale
1562 4553 1739 4629 peccatum,
1758 4544 1814 4610 sed
1827 4565 1966 4630 regnum
1984 4543 2106 4610 babere

103 4644 219 4709 David
228 4645 372 4728 appellat
384 4651 501 4709 ventos
512 4641 574 4706 Dei
586 4641 724 4705 nuncios
734 4637 835 4723 (Psal.
849 4638 921 4712 104,
932 4636 977 4722 3),
987 4656 1086 4718 super
1135 4639 1171 4700 in
1202 4645 1268 4700 toto
1298 4633 1439 4713 homine,
1463 4633 1607 4716 adeoque
1628 4651 1787 4714 occupare
1809 4629 1954 4714 singulas
1977 4631 2105 4696 animae

103 4749 251 4813 quorum
270 4730 339 4795 alas
357 4731 495 4813 equitat,
518 4736 575 4792 aut
592 4727 699 4810 potius
716 4723 897 4790 incredibili
919 4722 1085 4789 celeritate
1135 4731 1255 4805 partes,
1274 4728 1311 4784 ut
1328 4720 1411 4784 nulli
1429 4738 1488 4784 sua
1506 4725 1635 4782 mancat
1651 4717 1837 4798 integritas:
1856 4737 1932 4781 nam
1951 4735 2025 4781 oum
2037 4717 2105 4782 suis

103 4815 215 4880 volat:
247 4814 304 4881 sed
326 4815 453 4898 quoties
475 4816 582 4879 visum
601 4821 650 4878 eet
671 4821 740 4875 tam
762 4810 870 4877 ventis
893 4827 990 4891 quam
1013 4806 1085 4872 aliis
1134 4807 1220 4872 foliis
1241 4804 1354 4870 horret
1375 4804 1589 4869 nihilomiuus
1609 4803 1649 4867 ad
1671 4811 1878 4885 conspectum
1901 4801 1973 4866 Dei.

101 4902 284 4980 creaturis,
312 4911 442 4984 praeter
464 4908 601 4965 naturae
623 4895 787 4976 ordinem,
816 4895 857 4960 ad
879 4915 976 4960 suum
997 4892 1083 4958 arbi·
1222 4892 1271 4955 11.
1305 4891 1384 4970 Quia
1411 4890 1564 4956 indicauit
1585 4889 1649 4954 titi.
1679 4886 1821 4970 Obliqua
1843 4885 1884 4950 ad
1905 4885 2104 4968 carpendam

100 4989 206 5052 trium
240 4988 353 5052 utitur.
406 4987 495 5072 Ergo
523 4983 609 5068 quod
636 4984 728 5047 venti
751 4981 902 5046 meminit
930 4979 1083 5045 hocloco
1135 4976 1227 5042 Adae
1254 4974 1433 5042 socordiam
1463 4975 1661 5058 obiurgatio,
1692 4975 1767 5055 quia
1788 4970 1918 5054 eulpam
1940 4971 1977 5034 iu
1996 4991 2105 5120 Boane

99 5073 228 5150 Moses,
250 5073 414 5157 significat
430 5072 516 5158 (mco
527 5068 659 5155 iudicio)
671 5068 793 5133 editum
806 5066 906 5132 fuisse
916 5065 1084 5130 insolitum
1134 5082 1202 5127 non
1231 5069 1402 5146 agnoscat,
1430 5079 1468 5125 ac
1495 5061 1522 5124 si
1546 5059 1667 5158 dictum
1696 5068 1799 5135 osset,
1818 5078 1893 5156 'non
1911 5057 1994 5138 simp
2011 5056 2106 5122 ‘citer

97 5168 132 5224 et
150 5159 291 5243 insigne
312 5157 441 5223 divinae
462 5157 664 5242 praesentiae
686 5153 881 5237 symbolum,
910 5150 995 5232 quod
1017 5150 1083 5232 pri·
1132 5148 1240 5214 Adam
1268 5155 1413 5212 metuere
1441 5166 1461 5211 a
1487 5165 1563 5210 voce
1586 5146 1667 5211 Der:
1694 5143 1751 5242 sed
1772 5163 1849 5243 quta
1869 5149 2020 5240 peccator
2041 5148 2103 5218 est,

96 5264 236 5310 morum
269 5245 440 5310 homiuum
482 5243 607 5308 animos
640 5239 850 5305 vehementer
882 5236 1082 5320 percelleret.
1133 5253 1244 5300 vocem
1277 5230 1395 5298 iudicis
1429 5250 1500 5297 esse
1534 5229 1581 5294 illi
1617 5228 1862 5295 formidabilem.
1910 5224 2104 5293 Nudrtatem

97 5329 171 5397 lam
204 5331 271 5397 hoc
296 5331 457 5413 posterius
485 5329 584 5413 fugae
610 5324 809 5402 remedium,
839 5323 942 5388 nihilo
964 5322 1081 5388 melius
1133 5337 1261 5404 quoque
1289 5333 1354 5383 non
1382 5338 1453 5383 esee
1481 5336 1612 5382 causam
1635 5325 1757 5394 metus,
1786 5313 1842 5380 sed
1863 5313 1935 5377 vitii
1958 5313 2102 5398 turpitu-

171 5433 290 5489 Gales'rts'
306 5446 399 5501 opera
437 5429 495 5486 Vct
516 5427 636 5485 XXIII.
1875 5396 1893 5452 5
