5022 6192
134 439 171 501 77
789 433 1159 502 COMMENTARIUS
1183 435 1230 499 IN
1255 432 1468 499 GENDSIN.
2084 437 2124 501 ts

130 625 191 690 hoc
215 622 310 688 modo
333 624 520 688 stimulatur
539 623 578 687 ad
598 623 820 705 quaerendum
843 625 878 686 in
902 621 1034 688 (lhristo
1052 644 1102 688 re·
1155 623 1265 701 verba,
1295 622 1389 704 quasi
1418 621 1518 685 fuerit
1540 623 1632 686 Deus
1659 621 1791 704 pellifex
1821 634 1878 686 aut
1908 623 2056 688 minister
2084 623 2124 689 ad

131 710 285 774 medium.
1153 719 1263 772 vestes
1296 708 1507 772 consuendas.
1566 707 1638 772 Iam
1678 729 1754 773 vero
1783 707 1935 772 credibile
1969 731 2033 772 non
2066 717 2123 790 est,

218 796 305 860 Nem
321 794 428 875 paleis
449 814 491 858 ee.
537 794 647 874 Quum
684 803 818 858 naturae
840 795 882 859 sit
904 793 989 876 quod
1013 795 1103 858 Deus
1154 794 1254 875 pelles
1274 792 1339 857 illis
1360 793 1492 856 fortuito
1514 813 1584 858 esse
1603 793 1742 858 oblatas:
1766 793 1823 857 sed
1846 814 1945 875 quum
1968 795 2123 860 animalia

132 881 184 945 hic
207 881 367 964 proponit,
389 901 455 944 non
469 880 548 954 vitii,
569 890 627 944 aut
637 881 760 962 culpae,
784 901 848 943 nou
869 878 999 944 videtur
1016 901 1103 944 mors
1154 880 1246 962 prius
1275 877 1436 943 destinata
1460 888 1569 944 essent
1596 879 1629 942 in
1660 880 1803 960 ipsorum
1831 901 1936 954 usum,
1961 901 2046 944 nova
2068 903 2123 944 ne-

130 967 256 1030 homiui
279 967 377 1030 fuisse
395 964 614 1031 accidentalis.
658 963 737 1029 Ideo
760 965 844 1047 quod
865 966 957 1046 prius
980 964 1102 1029 dictum
1153 966 1304 1030 cessitate
1321 963 1512 1046 compulsos,
1535 977 1693 1029 mactasse
1716 964 1833 1046 eliqua,
1857 984 1993 1046 quorum
2016 989 2051 1030 se
2073 987 2124 1031 co·

128 1065 187 1132 est,
211 1052 373 1128 Morieris,
396 1051 526 1133 quidam
549 1052 761 1134 spiritualiter
784 1052 960 1132 accipiunt:
985 1065 1101 1131 putau·
1153 1051 1202 1113 rio
1232 1060 1394 1133 tegerent:
1423 1063 1519 1131 atque
1556 1049 1596 1114 ad
1630 1051 1690 1115 hoc
1718 1050 1910 1132 capiendum
1940 1051 2120 1127 consilium,

129 1147 186 1212 tes,
209 1137 338 1201 etiamsi
360 1135 466 1200 Adam
490 1157 556 1200 non
580 1147 750 1218 peccasset,
773 1156 892 1218 corpus
910 1138 979 1201 eius
1004 1139 1101 1200 fuisse
1153 1134 1311 1200 divinitus
1329 1135 1602 1200 fuisseinductos:
1622 1155 1721 1218 quare
1736 1137 1842 1200 Deum
1856 1136 1963 1200 Moses
1975 1147 2120 1201 autorem

129 1231 239 1287 minen
261 1223 303 1287 ab
325 1224 433 1286 anima
456 1221 681 1304 separandum.
734 1221 799 1288 Sed
825 1243 924 1304 quum
948 1222 1036 1287 clara
1058 1223 1101 1287 sit
1153 1221 1307 1285 nominat.
1370 1220 1439 1285 Our
1477 1231 1584 1285 autem
1620 1222 1763 1304 pelliceis
1801 1222 1946 1286 vestibus
1979 1223 2123 1287 induerit

128 1307 226 1372 Pauli
255 1307 433 1385 sententia,
462 1327 576 1371 omnes
610 1308 646 1370 in
677 1307 782 1372 Adam
811 1308 910 1386 mori,
941 1309 1035 1372 sicuti
1065 1313 1099 1371 iu
1153 1307 1239 1388 ipsos
1263 1307 1441 1380 Dominus,
1472 1305 1552 1370 baec
1575 1307 1658 1370 mihi
1681 1305 1811 1372 videtur
1833 1327 1903 1371 esse
1925 1309 2024 1372 ratio:
2047 1309 2122 1389 quia

128 1392 261 1458 Christo
279 1400 453 1475 resurgent
468 1391 500 1477 (1
514 1391 585 1456 (lor.
600 1393 648 1466 15,
663 1391 733 1478 22);
757 1393 818 1458 hoc
841 1415 968 1475 quoque
981 1393 1100 1458 vulnus
1152 1413 1192 1456 ex
1222 1413 1261 1457 ea
1283 1393 1419 1456 materia
1441 1393 1621 1468 confectae,
1645 1392 1823 1457 belluinum
1842 1393 1995 1474 quiddam
2018 1397 2122 1476 magis

126 1501 146 1542 a
168 1491 300 1560 peccato
322 1478 383 1542 fuit
400 1478 571 1542 inflictum.
601 1477 670 1542 Nec
688 1499 767 1542 vero
786 1479 926 1542 difficilis
944 1489 993 1542 est
1011 1479 1099 1544 illius
1151 1487 1312 1561 saperent,
1330 1498 1428 1559 quam
1445 1477 1560 1552 lineae,
1584 1478 1634 1540 vel
1654 1478 1774 1542 laneae.
1802 1479 1917 1542 Voluit
1934 1500 2010 1560 ergo
2028 1480 2121 1545 Deus

126 1564 327 1645 quaestionis
358 1564 489 1644 solutio,
519 1582 578 1626 cur
607 1565 698 1628 Deus
724 1566 757 1626 in
789 1564 956 1646 pulverem
987 1586 1096 1629 rever·
1151 1564 1185 1627 in
1208 1563 1267 1627 tali
1288 1562 1401 1627 habitu
1425 1564 1547 1645 primos
1569 1563 1736 1636 homines,
1766 1585 1830 1628 non
1857 1585 1949 1629 secus
1972 1585 2008 1628 ac
2030 1566 2121 1650 prius

125 1671 241 1714 surum
258 1649 461 1730 pronunciet,
485 1649 540 1731 qui
563 1650 732 1730 epulvcre
750 1661 902 1731 sumptus
924 1659 983 1714 est.
1013 1651 1096 1714 Nem
1149 1649 1184 1712 iu
1209 1647 1370 1727 nuditate,
1395 1649 1580 1732 conspicere
1602 1669 1693 1713 suam
1716 1649 1919 1725 foeditatem,
1950 1660 2045 1730 atque
2074 1651 2121 1715 ita

124 1757 165 1798 ex
186 1756 250 1816 quo
272 1736 307 1798 in
330 1743 454 1798 tantam
484 1735 675 1816 dignitati-m
702 1736 981 1810 evectusfuerat,
1005 1737 1096 1800 utin
1149 1735 1273 1816 peccati
1295 1734 1468 1799 reminisci.
1520 1734 1652 1799 Interea
1675 1734 1861 1818 negandum
1884 1756 1949 1799 non
1969 1749 2018 1799 est
2041 1737 2120 1818 quin

123 1841 161 1884 eo
191 1820 333 1902 fulgeret
361 1819 466 1902 gloria
494 1821 646 1902 imaginis
677 1821 816 1898 divinae,
842 1841 946 1904 paene
968 1823 1097 1902 sepulta
1150 1819 1318 1902 exemplar
1336 1819 1429 1884 nobis
1448 1822 1662 1903 proposuerit,
1685 1822 1719 1884 in
1739 1841 1801 1902 quo
1820 1841 1880 1884 nos
1899 1819 1939 1883 ad
1959 1820 2119 1903 frugalem

123 1915 197 1970 erat
225 1908 391 1970 terrestris
417 1907 560 1986 corporis
589 1906 688 1989 origo.
733 1907 830 1971 Nunc
856 1917 1025 1989 postquam
1049 1907 1096 1970 di·
1149 1927 1186 1970 ao
1209 1905 1343 1968 minime
1364 1913 1589 1988 sumptuosum
1615 1907 1766 1970 vestitum
1793 1907 2017 1971 assuefaceret.
2061 1908 2121 1971 Aa

119 1993 200 2056 vina
222 2001 254 2056 et
277 1991 407 2055 coelesti
430 1990 620 2056 excellentia
643 1993 785 2056 nudatus
806 2006 863 2068 cst,
894 1993 971 2074 quid
995 2001 1097 2057 restat
1149 2011 1211 2072 que
1233 1992 1359 2056 utinam
1382 1991 1444 2054 hoc
1462 1990 1608 2056 delicatis
1629 1991 1665 2056 in
1683 2003 1825 2056 mentem
1845 1993 1978 2066 veniret,
2002 1993 2120 2073 quibus

119 2077 186 2140 nisi
211 2087 248 2140 ut
278 2077 348 2158 ipso
379 2077 464 2141 vitae
493 2077 584 2140 exitu
609 2099 643 2142 se
674 2088 795 2142 terram
820 2099 891 2142 esse
913 2077 1094 2160 agnoscat?
1148 2076 1238 2140 nulla
1259 2075 1385 2140 videtur
1409 2098 1479 2141 esse
1501 2089 1635 2141 ornatus
1652 2078 1827 2141 mundities
1848 2078 1909 2140 nisi
1932 2097 2013 2160 quac
2035 2078 2118 2143 luxu

118 2163 211 2226 Hinc
234 2164 271 2226 fit
294 2172 333 2226 ut
350 2171 485 2226 mortem
506 2162 711 2228 horreamus:
734 2165 809 2245 quia
828 2164 1022 2228 naturaliter
1040 2186 1095 2227 ex·
1147 2161 1274 2226 diffluit.
1319 2161 1394 2224 Non
1422 2160 1506 2243 quod
1528 2164 1669 2244 praecise
1692 2163 1895 2228 damnandus
1917 2163 1960 2227 sit
1981 2164 2118 2245 quilibet

118 2250 188 2330 peti
209 2270 274 2313 non
292 2257 399 2330 potest
418 2247 603 2311 dissolutio:
623 2270 706 2331 quae
723 2249 862 2313 adversa
880 2259 931 2313 est
949 2263 1094 2314 naturae.

119 2334 335 2398 'Dansiturus
362 2332 491 2415 quidem
515 2335 575 2396 fuit
602 2335 726 2416 primus
750 2335 846 2398 homo
870 2336 904 2398 in
927 2336 1094 2400 meliorem

119 2419 234 2496 vitam,
257 2421 284 2482 si
307 2420 433 2500 integer
455 2420 612 2484 stetisset:
636 2441 748 2484 verum
772 2420 864 2484 nulla
885 2429 964 2485 tune
981 2422 1095 2485 fuisset

118 2506 252 2570 animae
282 2527 300 2568 a
334 2525 465 2585 corpore
495 2505 655 2586 migratio,
686 2505 777 2570 nulla
800 2507 973 2587 corruptio,
1003 2505 1094 2570 nulla

118 2590 277 2654 interitus
298 2591 430 2672 species,
453 2588 543 2653 nulla
566 2590 704 2671 denique
727 2593 863 2654 mutatio
886 2593 1037 2656 violenta.

206 2677 258 2740 20.
287 2676 330 2739 Et
351 2677 469 2740 uocauit
491 2677 607 2740 Adam.
638 2678 770 2758 Duplex
801 2691 907 2758 potest
936 2699 1006 2742 esse
1028 2677 1093 2742 lee-

118 2763 178 2826 tio:
216 2765 314 2842 prior,
338 2762 371 2824 in
404 2773 548 2843 tempore
581 2762 913 2844 plusquamperfecto:
943 2763 1093 2828 Vocare·

116 2860 168 2911 rat
189 2845 307 2912 Adam.
349 2847 432 2910 Eam
451 2847 623 2910 lectionem
641 2850 668 2912 si
687 2850 862 2929 sequimur,
884 2869 998 2914 sensus
1020 2849 1091 2912 Μο-

115 2933 163 2998 sie
187 2935 259 3010 erit,
283 2933 378 3016 longe
397 2933 495 2996 luisse
511 2933 681 3015 deceptum
693 2934 809 3010 Adam,
833 2935 887 3015 qui
912 2936 1012 2999 vitem
1032 2935 1091 3000 sibi

115 3030 152 3084 et
173 3020 313 3101 posteris
335 3018 522 3100 promiserit
535 3017 584 3082 ,ab
606 3041 716 3094 uxore,
738 3040 835 3100 quam
859 3029 971 3101 postea
990 3022 1093 3084 sensit

114 3125 189 3169 sese
213 3106 422 3168 mortiferam.
463 3104 525 3168 Est
546 3113 654 3168 autem
677 3106 762 3170 Mosi
781 3107 937 3170 usitatum
960 3105 1009 3190 (ut
1026 3108 1092 3170 iam

113 3188 274 3275 vidimus)
296 3211 362 3254 non
384 3202 515 3254 servata
541 3189 696 3255 historiae
717 3191 801 3256 serie
829 3192 988 3256 subiicere
1009 3213 1092 3274 quae

112 3276 232 3340 ordine
251 3277 358 3358 priora
376 3283 478 3339 erant.
509 3275 546 3340 Si
569 3276 658 3358 legas
679 3276 714 3339 in
738 3289 883 3358 tempore
905 3277 1089 3358 praeterito,

112 3361 229 3427 licebit
252 3361 302 3425 vel
324 3361 360 3424 in
383 3360 499 3425 bonam
524 3361 574 3425 vel
596 3362 630 3425 in
654 3362 772 3426 malam
791 3371 917 3446 partem
937 3365 1089 3444 accipere.

113 3445 208 3512 Sunt
230 3448 317 3510 enirn
340 3447 394 3528 qui
416 3447 606 3512 existimant
628 3447 744 3526 Adam,
772 3467 829 3531 spe
858 3447 1002 3512 laetioris
1024 3456 1089 3513 sta·

112 3543 170 3598 tus
194 3543 349 3610 erectum,
372 3533 450 3614 quia
471 3532 632 3597 Dominus
661 3544 760 3615 caput
788 3535 950 3614 serpentis
975 3534 1089 3598 vulne-

110 3618 261 3683 randum
284 3640 304 3682 a
325 3618 471 3682 mulieris
493 3620 617 3682 semine
639 3620 840 3700 promiserat,
864 3639 995 3684 vocasse
1018 3640 1090 3684 eam

110 3705 295 3769 vivificam.
358 3703 409 3766 Ita
435 3703 609 3768 laudabilis
635 3705 701 3768 imo
730 3703 861 3768 heroica
883 3715 967 3768 esset
989 3705 1089 3768 animi

109 3789 291 3854 fortitudo:
314 3787 443 3871 quando
467 3810 532 3853 non
554 3800 682 3871 poterat
704 3790 774 3854 sine
796 3789 899 3854 ardua
916 3799 949 3853 et
967 3789 1090 3855 difficili

110 3877 208 3940 lucta
234 3885 373 3938 matrem
404 3874 588 3939 viventium
621 3895 770 3955 censere,
800 3897 882 3956 quae
916 3886 1090 3958 antequam

109 3960 206 4026 ullus
228 3960 327 4025 homo
350 3971 446 4026 natus
471 3961 556 4026 foret
583 3980 696 4025 omnes
713 3971 846 4026 aeterno
863 3961 998 4025 interitu
1018 3982 1090 4043 per-

109 4045 256 4110 diderat.
312 4045 377 4111 Sed
405 4047 481 4128 quia
510 4066 623 4110 vereor
646 4067 687 4111 ne
709 4046 789 4112 haec
811 4046 855 4112 sit
876 4046 991 4112 debilis
1013 4068 1088 4112 con·

108 4131 251 4208 iectura,
275 4131 463 4215 expendant
478 4132 624 4210 lectores,
646 4152 755 4197 annon
774 4133 881 4215 potius
900 4142 1013 4198 taxare
1035 4154 1091 4198 vo-

107 4218 217 4282 luerit
238 4218 347 4282 Moses
374 4217 466 4282 Adae
495 4218 755 4300 incogitantiam,
782 4217 838 4300 qui
867 4218 1035 4284 demersus
1057 4220 1090 4283 in

106 4315 234 4378 morte,
265 4305 358 4368 uxori
384 4313 492 4367 minen
521 4303 601 4371 adeo
623 4305 798 4385 superbum
822 4325 940 4369 nomen
963 4304 1089 4370 indide-

106 4403 179 4455 rat.
228 4389 297 4454 Nee
326 4399 436 4453 tamen
462 4387 574 4453 dubito
596 4391 674 4471 quin
697 4391 917 4471 respiraverit,
941 4399 975 4454 ot
996 4391 1090 4455 colle-

107 4477 206 4559 gerit
227 4474 385 4552 animum,
409 4474 519 4538 audita
538 4472 602 4539 Dei
626 4494 703 4540 voce
726 4473 765 4539 de
785 4475 851 4539 vita
870 4476 1088 4559 proroganda:

106 4571 148 4625 et
170 4571 256 4636 tunc,
276 4561 367 4642 quasi
379 4571 553 4640 recreatus,
566 4580 701 4624 uxorem
719 4582 739 4624 a
756 4561 824 4625 vita
836 4563 1090 4644 nuncupaverit:

105 4646 173 4712 sed
194 4667 258 4710 non
278 4648 433 4728 sequitur,
456 4659 570 4710 exacta
588 4645 628 4710 ad
648 4644 782 4711 verbum
802 4647 866 4712 Dei
885 4645 958 4724 fide,
978 4648 1092 4712 trium·

102 4733 237 4816 phasse
260 4731 300 4796 de
323 4744 436 4806 morte,
461 4746 496 4795 ut
517 4733 636 4797 debuit.
682 4730 738 4798 Sic
759 4731 862 4815 igitur
882 4732 1090 4816 interpretor,

103 4839 157 4882 ex
183 4839 247 4899 quo
270 4831 406 4882 mortem
430 4833 632 4900 praesentem
656 4829 818 4892 evaserat,
846 4817 960 4883 solatio
982 4819 1089 4900 aliquo

104 4904 281 4980 levatum,
311 4902 500 4968 beneficium
525 4902 587 4967 Dei
610 4902 696 4985 quod
719 4914 847 4986 praeter
875 4924 966 4985 spem
988 4906 1088 4970 conti·

102 5000 221 5074 gerat,
246 4990 357 5054 uxoris
381 4991 511 5054 nornine
531 4989 720 5054 celebrasse.

203 5074 255 5138 21.
280 5073 423 5156 Fecitque
444 5075 604 5156 Dominus
624 5071 717 5140 Deus‘
736 5075 835 5140 Adae.
888 5073 1007 5139 Orassa
1029 5075 1090 5139 Mi·

1148 2257 1294 2310 ornatus:
1329 2246 1387 2311 sed
1415 2250 1491 2329 quia
1518 2248 1574 2312 ubi
1601 2250 1725 2314 curiose
1752 2250 1915 2330 appetitur
1942 2249 2118 2314 immodica

1147 2332 1308 2415 elegantia
1326 2345 1357 2397 et
1374 2333 1536 2414 splendor,
1555 2354 1619 2398 non
1638 2346 1764 2398 tantum
1782 2337 1947 2415 spernitur
1961 2335 2117 2417 magister

1146 2419 1207 2484 iste
1235 2419 1290 2500 qui
1320 2420 1472 2483 vestitum
1502 2441 1573 2484 esse
1602 2420 1706 2483 voluit
1734 2420 1861 2502 insigne
1893 2421 2115 2496 verecundiae,

1147 2505 1203 2568 sed
1226 2504 1347 2567 bellurn
1369 2505 1605 2586 quodammodo
1634 2505 1789 2570 adversus
1812 2517 1963 2568 naturam
1981 2507 2114 2589 geritur.

1233 2589 1283 2654 22.
1303 2589 1382 2655 Ecce
1403 2591 1511 2654 Adam
1532 2591 1625 2671 quasi
1646 2611 1736 2655 unus.
1789 2591 1918 2656 Ironica
1941 2593 2116 2674 exprobra·

1147 2675 1205 2751 tio,
1241 2697 1304 2758 qua
1334 2676 1425 2740 Deus
1453 2695 1507 2740 cor
1539 2677 1678 2740 hominis
1706 2697 1771 2740 uon
1801 2687 1930 2741 tantum
1960 2697 2114 2760 pungere,

1145 2762 1202 2826 sed
1232 2763 1362 2844 penitus
1392 2761 1562 2826 confodere
1591 2762 1705 2827 voluit.
1750 2763 1819 2826 Nec
1841 2782 1919 2826 vero
1942 2763 2115 2828 crudeliter

1145 2847 1264 2911 misero
1286 2857 1319 2911 et
1340 2847 1461 2911 afflicto
1479 2847 1625 2927 insultat,
1647 2847 1703 2912 sed
1721 2869 1782 2929 pro
1800 2849 1904 2912 morbi
1924 2850 2115 2914 necessitate

1145 2932 1320 2999 violentius
1349 2932 1529 2997 remedium
1558 2932 1698 2998 adhibet.
1754 2935 1841 2998 Nam
1869 2935 1929 2998 etsi
1959 2935 2113 3000 confusus

1145 3028 1217 3082 erat
1237 3017 1356 3098 Adam,
1378 3029 1411 3082 et
1428 3019 1584 3084 attonitus
1606 3039 1665 3083 sua
1682 3019 1881 3084 calamitate:
1904 3020 1982 3084 mali
2003 3031 2122 3084 tamen·

1144 3124 1275 3168 causam
1300 3125 1365 3168 non
1387 3105 1467 3169 satis
1488 3105 1672 3186 reputabat:
1695 3115 1731 3169 ut
1749 3105 1919 3189 superbiae
1936 3115 2113 3186 pertaesus,

1145 3211 1256 3254 veram
1280 3189 1499 3254 humilitatem
1528 3191 1679 3272 amplecti
1708 3190 1856 3255 disceret.
1908 3189 1998 3255 Adde
2027 3191 2112 3272 quod

1144 3297 1207 3340 non
1230 3275 1265 3338 in
1287 3275 1394 3356 ipsum
1417 3277 1521 3358 magis
1543 3295 1639 3357 quam
1668 3277 1704 3340 in
1727 3287 1872 3358 posteros
1895 3277 1955 3340 hac
1976 3275 2113 3340 subsan-

1143 3361 1276 3424 natione
1298 3363 1446 3426 invectus
1475 3370 1524 3424 est
1545 3360 1653 3437 Deus,
1684 3371 1719 3425 ut
1740 3361 1931 3426 modestiam
1953 3382 2115 3426 commen-

1143 3446 1237 3510 daret
1257 3445 1405 3511 omnibus
1427 3446 1573 3511 saeculis.
1623 3447 1789 3512 Particula
1811 3447 1895 3512 Eece
1916 3445 2049 3511 denotat
2072 3469 2111 3512 ex

1144 3553 1179 3597 re
1198 3533 1360 3612 praesenti
1379 3532 1457 3595 ferri
1476 3533 1680 3597 sententiam.
1705 3533 1752 3595 Et
1768 3553 1847 3597 sane
1865 3533 1957 3597 triste
1975 3533 2111 3598 horren·

1143 3617 1284 3699 dumque
1305 3617 1526 3700 spectaculum
1545 3629 1615 3682 erat
1635 3638 1719 3695 eum,
1741 3617 1776 3681 in
1798 3639 1863 3700 quo
1884 3639 1987 3700 nuper
2008 3618 2112 3702 fulge·

1143 3702 1199 3768 bat
1221 3703 1351 3768 divinae
1373 3702 1524 3786 imaginis
1546 3703 1653 3780 decus,
1676 3702 1737 3768 sub
1758 3703 1885 3768 foetidis
1908 3703 2046 3786 pellibus
2068 3704 2113 3770 la·

1142 3799 1220 3867 tere,
1243 3799 1280 3852 ut
1300 3789 1455 3870 probrum
1478 3810 1572 3852 suum
1595 3789 1773 3869 obtegeret:
1802 3811 1839 3854 ac
1867 3789 1939 3872 plus
1967 3809 2037 3854 esse
2060 3789 2112 3854 de·

1142 3876 1207 3940 oori
1230 3875 1264 3938 in
1287 3874 1409 3956 pecude
1431 3884 1561 3938 mortua
1583 3895 1680 3956 quam
1700 3875 1736 3938 in
1758 3873 1890 3939 homine
1914 3876 1995 3939 vivo.
2031 3875 2112 3938 Par-

1142 3960 1242 4025 ticula
1270 3981 1353 4041 quae
1382 3979 1458 4022 mox
1486 3957 1634 4036 additur,
1665 3959 1772 4024 Sciens
1797 3960 1908 4024 bouum
1936 3959 2111 4037 simelam,

1142 4065 1273 4110 causam
1303 4053 1413 4109 tantae
1441 4045 1593 4110 miseriae
1616 4061 1649 4108 et
1669 4046 1828 4129 originem
1851 4047 2005 4128 exprimit
2027 4044 2112 4128 quod

1142 4131 1264 4196 scilicet
1286 4130 1392 4194 Adam
1422 4139 1508 4194 sorte
1535 4153 1594 4196 sua
1624 4151 1688 4195 oon
1719 4140 1899 4207 contentus,
1923 4131 2020 4196 altius
2043 4141 2113 4195 ten-

1142 4217 1263 4281 taverit
1283 4215 1457 4281 ascendere
1480 4237 1576 4297 quam
1600 4216 1731 4281 licebat:
1759 4236 1796 4282 ac
1814 4217 1841 4280 si
1863 4214 1985 4281 dictum
2009 4227 2109 4281 esset:

1140 4301 1227 4368 Vide
1238 4323 1326 4366 nunc
1337 4323 1401 4384 quo
1423 4310 1456 4365 te
1467 4303 1731 4384 praecipitaverit
1751 4312 1808 4366 tua
1819 4301 1961 4378 ambitio,
1984 4312 2017 4366 et
2038 4323 2110 4383 per-

1143 4410 1237 4454 versa
1264 4387 1396 4452 illicitae
1427 4387 1582 4452 scientiae
1611 4389 1808 4469 appetentia.
1852 4385 2047 4470 Quanquam
2070 4409 2111 4450 ne

1142 4474 1300 4555 colloquio
1323 4472 1451 4554 quidem
1476 4473 1637 4537 Dominus
1666 4492 1741 4537 eum
1763 4471 1924 4557 dignatur,
1954 4473 2010 4536 sed
2033 4491 2109 4538 con·

1143 4561 1291 4642 temptim
1316 4558 1473 4640 producit,
1496 4559 1626 4622 maioris
1643 4558 1797 4621 infamiae
1815 4578 1921 4623 causa.
1954 4556 2011 4623 Sic
2033 4558 2110 4623 eha-

1142 4645 1271 4731 lybeam
1293 4645 1397 4727 ipsius
1418 4643 1604 4727 superbiam
1626 4643 1781 4709 contundi
1803 4644 1957 4726 oportuit,
1979 4653 2016 4707 ut
2038 4654 2110 4707 tan-

1143 4732 1251 4796 demiu
1280 4752 1315 4796 se
1347 4729 1547 4794 descendens
1578 4731 1682 4812 magis
1714 4748 1752 4793 ac
1776 4729 1881 4809 magis
1905 4729 1966 4794 sibi
1998 4728 2110 4811 displi-

1141 4827 1236 4884 eeret.

1234 4901 1322 4968 Uaro
1342 4921 1381 4965 ea
1402 4901 1496 4966 notia
1527 4897 1667 4980 Quidam
1691 4898 1851 4981 pluralem
1873 4919 2045 4963 numerum
2067 4899 2108 4964 ad

1141 4988 1272 5071 angelos
1294 4988 1455 5065 referunt,
1480 5008 1518 5050 ao
1539 4988 1566 5050 si
1591 4985 1754 5050 hominem
1777 4986 1877 5062 Deus,
1899 4994 2053 5049 terrestre
2076 4997 2109 5049 et

1141 5073 1328 5157 despectum
1341 5072 1471 5150 animal,
1491 5071 1711 5136 acoelestibus
1722 5070 1883 5135 creaturis
1894 5071 2108 5135 discerneret:

99 5181 222 5225 nerva
244 5163 378 5241 exponit
400 5161 520 5237 Moses,
543 5161 720 5226 Dominum
744 5159 829 5227 hanc
846 5161 940 5225 Adae
962 5168 995 5223 ct
1018 5161 1089 5224 eius
1141 5160 1197 5226 sed
1223 5159 1353 5222 videtur
1380 5158 1476 5240 longe
1505 5158 1606 5240 petita
1634 5156 1800 5237 expositio.
1842 5156 2026 5236 Simplicior
2046 5157 2110 5220 erit

99 5247 213 5311 uxori
235 5245 431 5312 industriam
454 5247 588 5326 dedisse,
614 5261 650 5310 ut
671 5247 732 5311 sibi
756 5257 864 5311 vestes
886 5268 927 5311 ex
950 5244 1088 5328 pellibus
1142 5267 1266 5323 sensus,
1289 5245 1316 5308 si
1339 5245 1385 5307 ita
1407 5244 1567 5308 resolvas:
1590 5241 1731 5306 Posthac
1753 5241 1859 5305 Adam
1879 5242 1959 5304 mihi
1981 5241 2044 5304 crit
2065 5242 2108 5306 si·

99 5334 324 5398 conficerent.
368 5333 480 5414 Neque
502 5333 588 5398 enirn
614 5333 660 5398 sie
678 5333 822 5414 accipere
844 5333 997 5398 convenit
1018 5331 1089 5396 eius
1140 5330 1227 5394 milis
1250 5341 1287 5394 ut
1309 5330 1410 5394 simus
1432 5331 1519 5393 inter
1542 5350 1599 5394 nos
1614 5327 1702 5392 socii.
1731 5324 1827 5406 Quod
1846 5335 1955 5391 autem
1974 5326 2109 5392 eliciunt
