4988 6192
87 395 136 460 tlt
723 384 1091 455 COMMENTARIUS
1114 385 1162 452 IN
1183 384 1397 454 GENESIN.
1999 389 2064 456 418

87 579 264 650 musultum.
319 580 467 662 Apparet
499 576 597 642 etiarn
627 595 668 640 ex
696 575 841 641 locorum
874 573 1040 654 distantia,
1093 574 1212 641 valere.
1257 574 1293 640 Id
1321 594 1422 657 quum
1450 572 1641 642 mulieribus
1665 573 1805 654 accidat,
1835 578 2007 659 praecipue
2029 577 2065 642 in

87 688 137 752 qua
165 685 242 733 suos
274 684 391 749 greges
424 662 550 740 divisit,
584 681 651 727 non
684 661 793 727 minus
823 660 1041 744 suspiciosum
1091 660 1198 727 brutis
1220 660 1398 745 pecudibus
1420 658 1529 725 locum
1550 659 1658 741 habet,
1680 659 1734 725 ubi
1753 659 1845 726 nulla
1863 663 1952 746 riget
1968 663 2062 742 ratic,

86 755 168 820 luisse
191 773 287 838 quam
309 769 464 825 ararum,
487 756 524 813 ut
545 746 651 816 solent
672 746 810 831 improbi
831 745 911 812 alios
933 747 1042 811 metiri
1093 747 1150 812 sed
1168 746 1332 812 violentus
1343 744 1489 811 libidinis
1500 746 1642 829 impetus
1659 755 1835 830 grassatur.
1859 746 1938 812 'Pria
1954 756 2063 814 autem

86 860 134 906 sua
151 838 245 904 ulna:
274 835 360 902 unde
378 836 416 901 fit
436 843 475 900 ut
493 851 621 917 semper
640 831 791 898 diffidant
809 851 846 898 ao
868 832 1041 915 trepident.
1092 833 1285 900 fecitIecob.
1309 831 1395 897 Nam
1407 831 1519 916 virgas
1532 831 1752 912 decorticavit,
1764 841 1802 896 ut
1818 831 1962 916 aliquam
1974 834 2062 900 albe·

154 923 207 988 37.
231 922 275 988 ut
296 923 367 988 :att
388 920 451 986 arbi
473 918 566 984 iacob
582 919 705 1003 cupam
717 917 895 1001 multam.
929 918 1042 983 Primo
1093 918 1202 984 dinem
1214 918 1352 984 nudaret
1362 916 1536 984 corticibus
1548 917 1671 984 incisis:
1691 927 1725 983 ct
1735 918 1781 982 ita
1792 917 1905 984 varius
1922 937 1960 986 ao
1980 920 2063 986 mul·

85 1012 190 1076 intuitu
220 1006 359 1075 absurda
384 1005 489 1073 rideri
510 1013 620 1088 posset
647 1003 752 1070 iliosis
775 1003 935 1068 narratio:
966 1024 1042 1069 nam
1093 1004 1197 1089 tiplex
1218 1012 1303 1070 esset
1324 1003 1420 1069 color.
1467 1002 1595 1074 Deinde
1624 1015 1753 1087 tempus
1775 1003 1873 1088 elegit
1894 1025 1956 1088 quo
1978 1026 2064 1072 mas-

84 1096 127 1164 vel
146 1095 269 1162 fraudis
291 1095 448 1160 damnare
470 1091 575 1158 voluit
596 1097 745 1156 sanctum
767 1088 873 1170 Iacob,
896 1090 949 1154 vel
971 1088 1042 1154 lau·
1092 1089 1157 1156 culi
1185 1097 1219 1155 et
1239 1090 1378 1155 feminae
1407 1088 1680 1174 aggregabantnr.
1735 1089 1864 1170 Tertio,
1892 1092 1999 1174 posuit
2027 1092 2063 1157 in

85 1183 147 1248 dare
175 1183 247 1248 eius
278 1178 483 1244 industriam.
534 1174 637 1258 Atqui
666 1197 708 1241 ex
734 1181 891 1240 contextu
919 1175 1043 1258 patebit
1093 1175 1187 1260 aquis
1204 1176 1331 1259 virgas:
1355 1175 1431 1258 quia
1449 1174 1533 1241 sicut
1554 1183 1651 1258 potus
1672 1175 1827 1240 animalia
1843 1184 1993 1261 vegetat,
2017 1177 2063 1244 sio

84 1269 225 1335 astutiam
255 1267 341 1332 hanc
372 1261 454 1330 vitio
488 1283 555 1328 non
588 1261 681 1326 verti.
740 1261 832 1345 argo
863 1260 1042 1326 videndum
1093 1261 1327 1329 incitatetiam
1350 1259 1544 1326 adscitum.
1593 1259 1666 1326 Hoc
1688 1260 1783 1326 modo
1806 1261 1922 1327 accidit
1943 1272 1981 1327 ut
2000 1263 2064 1330 vir·

84 1353 230 1438 quomodo
252 1353 294 1416 sit
316 1349 520 1416 excusabilis.
558 1344 686 1429 Siquis
708 1344 871 1426 obtendat,
895 1359 1041 1413 coactum
1094 1348 1197 1432 gasin
1209 1355 1383 1430 conspectu
1396 1356 1505 1411 essent
1516 1366 1614 1429 quum
1628 1345 1876 1412 incalescebant.
1902 1346 1999 1428 Quod
2023 1347 2063 1416 de

83 1441 167 1504 inissa
186 1437 300 1502 multis
318 1436 419 1502 soceri
442 1433 581 1510 iniuriis,
600 1430 761 1497 necaliud
779 1431 956 1516 quaesiisse
978 1432 1042 1498 nisi
1093 1433 1236 1500 robustis
1260 1454 1298 1499 ac
1327 1430 1486 1497 debilibus
1516 1431 1743 1511 citatiores,
1770 1432 1816 1499 sio
1840 1433 2004 1518 intellige,
2027 1433 2064 1499 in

83 1535 113 1589 ut
131 1525 253 1610 priores
271 1524 413 1588 iacturas
434 1521 585 1586 sarciret:
609 1516 731 1601 aliquid
748 1515 832 1583 forte
849 1516 965 1584 coloris
981 1517 1041 1584 ha·
1092 1521 1199 1603 priore
1220 1518 1413 1597 admissura,
1423 1507 1432 1536 ‘¹
1442 1537 1524 1600 quae
1546 1517 1584 1581 fit
1606 1516 1667 1582 sub
1689 1517 1820 1583 initium
1847 1519 1944 1599 veris,
1966 1518 2065 1586 Iacob

82 1610 158 1676 babit
180 1608 341 1674 defensio:
363 1623 471 1672 eoram
493 1603 564 1670 Deo
586 1612 696 1669 tamen
714 1624 773 1669 nec
791 1605 886 1670 firma
904 1611 962 1682 est,
982 1623 1042 1669 nec
1093 1605 1238 1688 posuisse
1272 1605 1382 1688 virgas
1415 1603 1449 1668 in
1472 1601 1649 1680 canalibus,
1677 1610 1715 1667 ut
1736 1602 1798 1688 sibi
1821 1625 1939 1670 vernos
1956 1604 2064 1672 foetus

82 1694 264 1779 probabilis:
288 1713 365 1758 nam
394 1691 544 1776 quamvis
572 1689 692 1755 iniuste
721 1689 888 1756 nobiscum
914 1696 1041 1774 agatur,
1093 1692 1284 1774 anquireret,
1308 1689 1364 1772 qui
1386 1688 1536 1754 meliores
1558 1701 1667 1754 erant:
1691 1690 1725 1753 in
1744 1689 1887 1755 serotina
1904 1711 1983 1756 vero
2007 1689 2064 1756 ad-

82 1803 138 1846 uon
158 1789 339 1846 esttamen
367 1777 558 1844 certandum
582 1775 652 1857 pari
675 1775 809 1840 malitia.
855 1775 950 1841 Etsi
974 1775 1041 1841 sin·
1092 1778 1233 1842 missura
1244 1777 1330 1840 eirca
1342 1781 1545 1852 autumnum,
1565 1773 1623 1839 tali
1640 1775 1776 1840 artificio
1795 1796 1890 1840 usum
1904 1795 1970 1841 non
1983 1796 2063 1843 esse.

81 1867 155 1952 gulis
177 1866 326 1950 proprias
346 1864 483 1929 iniurias
508 1860 635 1938 ulcisci,
665 1860 718 1924 vel
745 1860 951 1928 incommoda
973 1881 1042 1926 sar·
1178 1863 1229 1927 43.
1263 1859 1307 1925 Et
1327 1861 1422 1926 eremi
1442 1860 1492 1924 vir
1512 1880 1611 1942 cupro
1632 1860 1764 1924 enodem.
1814 1860 1888 1927 Hoc
1910 1861 1983 1927 ideo
2007 1862 2065 1927 ad·

82 1953 137 2018 cire
157 1951 353 2036 permissum
375 1946 571 2048 ioretnihil
587 1966 673 2044 opus·
688 1954 772 2012 essct
789 1945 1041 2047 iudiciisnin'de-
1093 1947 1176 2013 didit
1199 1948 1308 2014 Moses
1336 1957 1374 2010 nt
1402 1946 1541 2045 sciamus
1571 1964 1636 2010 non
1662 1945 1731 2010 sine
1758 1945 1914 2046 miraculo
1943 1947 2064 2012 factum

81 2060 134 2189 t:
145 2031 825 2200 :titiilt‘tttttftttsdt
845 2031 1042 2202 tibist:
1092 2041 1234 2202 :itti
1247 2041 1475 2184 iiiiii?
1492 2029 1700 2200 itti:
1723 2028 2065 2201 bittit:

81 2232 125 2276 res
139 2208 277 2274 baberet
298 2207 417 2285 foetus,
441 2203 497 2272 scd
519 2201 665 2286 regulam
689 2205 797 2286 potius
819 2205 926 2288 sequi,
945 2224 1042 2288 quam
1092 2207 1177 2272 iores
1196 2204 1258 2270 sibi
1279 2203 1388 2286 copias
1417 2204 1504 2267 intra
1525 2223 1585 2268 sex
1607 2222 1710 2267 annos
1732 2200 1772 2268 de
1794 2202 1897 2268 nihilo
1926 2204 2066 2270 confecit

80 2295 236 2362 Dominus
267 2313 326 2378 per
354 2314 389 2358 os
417 2290 511 2356 Pauli
540 2287 657 2366 tradit,
687 2299 723 2352 nt
747 2288 903 2355 studeant
929 2289 1043 2356 fidelos
1092 2311 1191 2374 quam
1223 2289 1385 2373 quispiam
1417 2287 1626 2354 mediocriter
1654 2286 1746 2353 dives
1775 2289 1894 2372 viginti
1922 2299 1980 2355 aut
2008 2290 2064 2354 tri·

80 2381 156 2446 bono
178 2380 304 2446 malum
324 2379 458 2444 uincere
480 2374 589 2461 (Rom.
614 2373 663 2452 12,
688 2373 753 2460 21).
797 2374 890 2441 Haec
916 2375 1043 2459 simpli·
1092 2375 1185 2460 ginta
1196 2375 1291 2442 annis
1305 2381 1421 2457 posset.
1440 2373 1491 2439 Ne
1503 2374 1576 2457 quis
1587 2372 1770 2439 fabulosum
1784 2374 1881 2440 ducat
1892 2373 2063 2458 quodcum

77 2468 166 2543 citas,
188 2467 310 2543 fateor,
333 2461 469 2531 colenda
489 2462 552 2526 fuit
573 2460 636 2543 ipsi
658 2458 771 2540 Iacob,
794 2460 858 2526 nisi
880 2460 1043 2527 Dominus
1094 2461 1352 2529 usitataratione
1367 2481 1432 2526 non
1450 2460 1610 2542 congruit,
1632 2460 1905 2538 occurritMoses,
1927 2481 1964 2528 ac
1986 2460 2064 2526 dicit

78 2551 209 2619 ecoelo
242 2550 329 2616 alind
360 2548 555 2614 mandasset.
612 2543 677 2611 Sed
707 2546 741 2609 in
772 2565 809 2610 eo
839 2555 889 2611 est
921 2539 1043 2636 derepta
1095 2556 1188 2612 extra
1211 2545 1357 2612 ordinem
1381 2552 1512 2610 auctum
1535 2545 1634 2610 fuisse
1656 2556 1804 2609 sanctum
1829 2545 1945 2612 virum.

76 2643 218 2790 titt:
238 2635 449 2788 ittitt
459 2631 1042 2802 tit::.t:it:ttt3tlttt⁰

77 2809 182 2890 Quare
203 2830 270 2874 non
301 2817 350 2873 ast
378 2803 462 2890 quod
491 2823 565 2868 eum
588 2801 649 2868 sibi
671 2811 847 2886 patronum
871 2803 1042 2882 asciscant,

75 2897 125 2978 qui
146 2893 301 2978 malignis
330 2901 364 2958 et
384 2884 601 2958 fraudulentis
621 2886 808 2954 hominibus
837 2887 959 2956 similes
984 2909 1040 2973 op·
1424 2887 1575 2955 oAPUu
1596 2885 1730 2954 XXXI.

73 2989 199 3064 ponunt
220 2978 374 3057 fallacias,
395 2977 472 3061 quia
493 2981 622 3040 tontum
639 2972 790 3040 licentiae
811 2973 874 3041 sibi
897 2995 963 3041 non
985 2975 1040 3041 de·

74 3065 118 3131 dit
138 3067 270 3151 proprio
298 3063 448 3166 arbitrio,
477 3068 516 3126 nt
539 3057 655 3126 callide
677 3060 932 3127 circumveniret
953 3081 1041 3128 soce·
1165 3062 1208 3160 .¹·
1234 3059 1346 3128 Postea
1359 3059 1583 3159 oudiodverba
1602 3059 1740 3139 filiorum
1751 3057 1865 3158 Ladae
1880 3058 2064 3159 discidium:

72 3145 794 3330 tt..t.ttt.tttttt⁰.ttttt..ftttt
810 3145 1042 3300 rudit:
1091 3145 1477 3317 &imbibi
1493 3147 2064 3316 mittdt‘titttttdtt

74 3344 106 3389 se
127 3323 298 3390 continuit.
342 3318 608 3398 Frustraetiam,
631 3316 848 3396 meoiudicio,
871 3317 1042 3403 disputant
1092 3318 1180 3386 doec.
1224 3319 1254 3384 2.
1273 3316 1318 3383 Et
1336 3317 1416 3383 vidit
1432 3314 1568 3383 Ioiocob
1588 3316 1702 3399 facim
1724 3315 1845 3396 Labda
1868 3320 1897 3380 et
1917 3337 1981 3383 ecce
2002 3338 2065 3384 noe

73 3409 157 3476 unde
175 3410 236 3476 hcc
252 3408 402 3474 didicerit
410 3404 517 3482 Iacob,
540 3403 682 3488 longono
699 3423 762 3468 usu
784 3425 826 3469 an
848 3423 889 3468 ex
912 3413 1040 3488 patrum
1092 3410 1160 3472 erut
1181 3424 1250 3470 orm
1272 3423 1306 3469 eo
1328 3404 1410 3470 scat
1426 3400 1494 3468 teri
1515 3401 1795 3468 etnudiustcrtius.
1839 3402 1869 3467 3.
1891 3402 1987 3468 Dira
2006 3425 2064 3470 aa

73 3495 234 3562 doctrina:
259 3515 336 3559 nam
357 3491 428 3560 fieri
450 3497 559 3574 potest
583 3497 622 3554 nt
644 3486 684 3554 de
705 3510 741 3554 re
763 3490 854 3573 prius
875 3489 1043 3574 incognita
1091 3495 1151 3556 tem
1173 3490 1289 3556 Iedova
1311 3489 1354 3555 od
1375 3486 1528 3554 Iaducob:
1553 3485 1715 3554 Rcvcrterc
1735 3487 1778 3553 od
1799 3492 1915 3554 terram
1930 3494 2064 3571 potitor:

71 3582 176 3647 subito
205 3580 341 3647 edoctus
369 3577 477 3644 inerit.
533 3573 572 3640 Si
598 3574 670 3656 quis
693 3574 835 3654 obiiciat,
865 3574 1041 3643 absurdum
1092 3582 1225 3652 taonem,
1248 3581 1277 3641 et
1298 3575 1340 3642 ud
1361 3574 1569 3659 meilocon
1589 3578 1686 3654 tuom
1709 3577 1805 3640 etero
1820 3578 1925 3640 aare
1969 3574 1999 3640 4.
2019 3573 2064 3640 Et

71 3687 150 3746 esse,
172 3667 258 3733 hanc
279 3664 414 3732 fallendi
436 3669 539 3728 artem
561 3679 581 3724 a
602 3660 674 3726 Dco
696 3661 843 3746 suggeri:
867 3660 970 3728 facilis
991 3669 1045 3729 ast
1091 3663 1179 3728 misti
1204 3661 1354 3741 Iadocob,
1381 3665 1409 3726 et
1434 3660 1552 3726 occacd
1575 3659 1691 3725 Rachel
1718 3663 1746 3725 et
1772 3659 1860 3726 Laod
1888 3661 1924 3726 io
1950 3679 2063 3744 aptam

71 3753 252 3836 responsio,
292 3750 416 3817 nullius
462 3746 588 3812 fraudis
628 3753 777 3812 autorem
817 3767 889 3812 esse
921 3744 1042 3827 Deum,
1092 3748 1135 3814 ad
1150 3748 1285 3830 pecudes
1303 3767 1389 3814 euos.
1434 3745 1464 3812 5.
1490 3745 1552 3828 Qui
1572 3746 1655 3810 dicit
1677 3745 1720 3812 ad
1741 3745 2063 3827 convitiosorum

69 3857 172 3920 quum
193 3858 290 3904 servo
312 3857 371 3902 suo
395 3853 530 3900 manum
553 3832 701 3917 porrigit.
753 3830 845 3897 Nihil
870 3832 919 3898 illi
938 3834 1043 3918 magis
1087 3831 1413 3917 praecationes
1438 3852 1500 3898 aaa
1522 3833 1564 3898 cit
1585 3851 1659 3916 erpa
1685 3851 1733 3896 me
1759 3832 1841 3898 sicut
1866 3831 1936 3898 bert
1957 3837 1985 3897 et
2005 3852 2062 3898 cu·

69 3925 252 4007 proprium,
290 3923 423 4004 eiusque
462 3918 607 3984 iustitiae
639 3917 744 4002 magis
778 3927 1041 3999 consentaneum,
1092 3919 1289 3986 diustcrtiuo:
1309 3919 1400 3986 Deua
1416 3923 1519 3982 wtcm
1531 3918 1639 4000 patric
1655 3918 1717 3982 mci
1732 3917 1795 4000 fuit
1811 3937 1935 3984 mecum.
1970 3917 1999 3983 6.
2018 3916 2063 3983 at

67 4029 166 4090 quam
188 4030 223 4076 se
245 4006 410 4075 vindicem
432 4005 655 4087 interponere,
682 4003 738 4068 ubi
761 4002 884 4087 aliquid
901 4003 1042 4070 iniuriae
1091 4025 1146 4071 vos
1166 4005 1265 4072 mdis
1285 4006 1367 4086 qaod
1390 4003 1531 4069 omnibus
1552 4001 1673 4068 viritas
1693 4004 1773 4068 meis
1792 4003 1954 4069 ombrios
1969 4004 2062 4086 pata·

67 4095 190 4159 factum
207 4102 267 4161 est.
311 4093 470 4159 Nostrum
496 4109 661 4154 veronen
683 4099 733 4154 eet
760 4089 880 4175 agendi
909 4089 1041 4155 modum
1090 4095 1204 4158 vestro:
1247 4091 1454 4171 liliputer
1479 4093 1576 4154 vestm
1600 4089 1744 4154 metitus
1765 4094 1810 4154 est
1829 4087 1925 4168 midi,
1947 4094 1975 4154 et
1995 4109 2062 4154 ma

65 4179 115 4244 illi
139 4181 367 4264 praescribere.
403 4177 526 4242 Passus
548 4187 598 4239 est
618 4175 753 4239 retineri
776 4197 796 4240 a
817 4175 932 4242 Laban
955 4175 1041 4258 quod
1090 4178 1168 4243 tavit
1187 4177 1355 4242 mactem
1375 4195 1475 4240 mcum
1490 4175 1590 4241 ἀεοειιι
1607 4173 1740 4239 obibus:
1760 4175 1816 4240 ced
1836 4195 1898 4240 noa
1915 4175 2063 4256 misit

66 4265 189 4332 iniuste
219 4263 419 4349 possidebat:
453 4281 512 4326 sex
545 4281 622 4325 vero
654 4261 750 4326 annis
782 4260 1040 4328 benedictionem
1091 4263 1231 4328 eiDcue
1251 4267 1286 4326 at
1306 4260 1502 4342 mulctarer&
1522 4259 1610 4324 midi.
1633 4260 1663 4325 8.
1689 4258 1728 4326 Si
1745 4260 1791 4323 aa
1807 4258 1940 4325 duchat:
1958 4259 2060 4326 Pano

65 4351 225 4416 suamab
255 4371 293 4416 eo
315 4348 515 4432 subtractam
538 4346 709 4412 transtulit
730 4347 764 4410 in
787 4367 919 4413 servum
943 4366 1038 4412 suum
1090 4349 1132 4414 tic
1156 4347 1273 4429 parcis
1298 4367 1440 4428 respersa
1470 4351 1559 4410 cnud
1579 4364 1692 4411 merces
1717 4350 1788 4410 tuo:
1808 4343 1977 4426 pariebant
1997 4366 2060 4412 οιιι-

64 4434 176 4502 Iacob.
220 4435 257 4504 Si
281 4446 432 4501 terrenus
448 4431 547 4498 iudex
565 4432 671 4497 furem
690 4431 824 4496 damnet
841 4434 874 4496 in
894 4433 1039 4517 duplum,
1089 4453 1145 4499 nec
1160 4433 1294 4516 pecudes
1308 4432 1438 4512 punctis
1454 4431 1571 4513 peroro
1591 4450 1751 4514 resperas
1773 4431 1912 4496 etciito
1928 4431 2060 4498 dccc:

65 4522 121 4588 vel
144 4522 379 4606 quadruplum,
403 4539 498 4584 nemo
527 4517 699 4601 obstrepit:
723 4537 783 4582 our
803 4538 863 4602 per
886 4539 946 4583 nos
968 4519 1040 4584 Deo
1090 4519 1201 4584 tineis
1222 4518 1369 4584 distincta
1390 4521 1480 4582 emat
1495 4535 1611 4582 merces
1630 4521 1699 4581 tuo:
1721 4522 1793 4583 turc
1810 4514 1980 4597 pariebant
1997 4537 2059 4582 ora

63 4607 179 4672 minus
200 4607 309 4674 licebit
330 4625 426 4689 quam
445 4603 571 4669 homini
594 4603 723 4668 mortali
745 4610 779 4668 et
800 4601 942 4669 caduco?
968 4603 1038 4668 Ha·
1089 4625 1144 4670 nco
1170 4605 1304 4686 penades
1336 4603 1430 4668 lineis
1461 4602 1617 4668 distincto.
1669 4602 1698 4668 9.
1733 4601 1777 4666 Et
1808 4601 1937 4667 merdic
1968 4601 2059 4668 Deua

64 4691 167 4758 bebat
194 4693 274 4760 alias
303 4692 447 4758 rationes
475 4689 512 4754 in
540 4709 656 4769 manu,
686 4687 744 4754 sed
765 4708 917 4755 arcanam
945 4709 1038 4754 suam
1083 4688 1443 4772 perpotaverat,
1471 4693 1499 4754 ct
1525 4687 1609 4753 dedit
1629 4687 1716 4752 midi.
1774 4687 1823 4751 10.
1852 4685 1897 4751 Et
1923 4685 2000 4768 fudi,
2024 4688 2060 4753 ia

131 4779 208 4844 tiam
237 4780 435 4861 coniungere
457 4773 564 4839 voluit
590 4796 665 4842 oum
694 4773 801 4840 studio
823 4787 856 4838 et
877 4772 1039 4841 industria
1089 4782 1308 4859 temporeque
1334 4775 1453 4840 widoni
1474 4773 1624 4856 pecudea,
1651 4773 1749 4838 avae
1777 4771 1879 4838 crudos
1905 4792 2001 4854 awos,
2032 4783 2060 4838 ct

84 4865 182 4944 acob,
202 4875 240 4931 nt
261 4863 368 4949 palam
391 4860 439 4927 iili
461 4860 645 4927 mercedem
667 4859 873 4944 rependeret,
895 4880 959 4943 qna
980 4881 1039 4943 per
1089 4861 1156 4928 eidi
1177 4862 1212 4926 in
1233 4859 1366 4940 mmcio,
1388 4864 1415 4924 et
1435 4879 1498 4926 cccc
1520 4859 1601 4924 buci
1622 4859 1755 4922 maures
1783 4857 1986 4924 accedebant
2005 4880 2059 4926 aa·

60 4947 200 5034 longum
222 4963 354 5033 tempus
370 4945 540 5012 fraudatus
562 4947 679 5012 fuerat.
710 4945 850 5014 Coactus
868 4946 953 5010 enim
977 4946 1040 5011 fuit
1083 4968 1146 5030 per
1166 4965 1280 5030 capras
1314 4945 1505 5030 variepotce,
1530 4945 1659 5026 punctis
1680 4943 1796 5024 parvis
1822 4963 1999 5025 respersos,
2031 4949 2059 5012 ci

60 5033 183 5100 Laban
205 5037 333 5121 aperire
354 5031 477 5110 oculos,
500 5031 616 5115 quibus
637 5032 755 5100 clausis
777 5031 920 5096 alienum
942 5030 1038 5097 sudo·
1087 5030 1370 5099 manticulare
1442 5050 1505 5096 eos.
1552 5030 1602 5095 11.
1624 5028 1668 5094 Et
1689 5029 1772 5094 dicit
1790 5027 1835 5094 od
1855 5049 1903 5093 rae
1930 5031 2059 5114 capetus

58 5141 154 5202 rem,
179 5123 246 5188 imo
273 5119 466 5203 sanguinem
495 5117 629 5183 haurire
658 5124 879 5184 consueverat.
934 5116 1038 5182 Porro
1087 5117 1152 5186 Dei
1163 5115 1205 5183 ie‘
1218 5117 1344 5196 somnio,
1388 5115 1508 5182 dcet.
1536 5114 1581 5180 Et
1601 5115 1681 5195 diei,
1700 5114 1778 5180 Ecce
1794 5113 1915 5180 adsere.
1945 5114 1995 5180 12.
2014 5116 2058 5182 st

58 5218 227 5288 quantum
245 5206 286 5272 ad
304 5204 474 5290 physicam
494 5204 653 5269 rationem
671 5210 807 5286 spectat,
825 5202 906 5267 satis
924 5211 1036 5268 notum
1088 5205 1186 5270 dixit:
1204 5201 1290 5268 Lava
1310 5223 1392 5267 auec
1408 5202 1509 5268 oculos
1524 5205 1604 5281 deos,
1622 5205 1650 5269 ei
1665 5201 1735 5266 vide
1751 5219 1854 5265 martes
1871 5199 1973 5266 tter
1989 5221 2056 5270 mo=

58 5301 134 5369 est,
161 5301 327 5377 aspectum
358 5292 394 5354 in
422 5291 507 5356 coitu
538 5287 578 5354 nd
601 5288 738 5354 formam
767 5287 876 5353 foetus
898 5288 1038 5354 multum
1088 5291 1171 5356 mres
1192 5287 1384 5355 mccndcutes
1405 5307 1500 5370 super
1520 5307 1633 5370 copres
1654 5287 1748 5353 lineis
1768 5286 1939 5367 distinctas,
1954 5306 2054 5368 pano·
2108 5345 2115 5370 ,

165 5393 276 5452 odoini
289 5407 384 5465 opera
422 5391 477 5447 Vei.
497 5388 619 5446 xxiii.
1818 5385 1852 5440 qq
