5000 6208
1028 498 1401 569 COMMENTARIUS
1424 499 1474 565 IN
1498 497 1712 566 GENDSIN.
2296 499 2352 564 196

717 684 867 753 CAPUT
888 687 984 754 XIV.
1391 707 1497 768 mpero
1518 707 1556 751 ea
1584 685 1728 752 omuibus
1749 705 1828 768 pace
1848 691 1919 750 areat
1945 685 2015 751 tibi:
2041 705 2080 750 ue
2101 684 2203 752 duaa:
2226 682 2294 767 Epo
2314 685 2355 752 di·

1392 773 1457 838 taai
1479 772 1609 847 Abram.
1653 771 1704 836 24.
1730 771 1860 838 Praeter
1876 792 1914 837 ea
1934 776 2053 836 tautum
2073 790 2152 852 quae
2172 771 2356 838 mmederaui

454 856 483 918 1.
511 851 556 918 Et
585 853 662 938 suit,
694 857 730 921 iu
761 857 870 922 diebres
899 858 1074 940 Amrapbel
1101 861 1185 944 repis
1212 858 1339 938 Sinbar,
1386 859 1496 940 pueri,
1523 862 1552 922 et
1572 863 1697 940 partem
1725 858 1864 922 uirorum
1892 859 1948 939 qui
1977 858 2110 939 prefecti
2137 861 2209 920 aaut
2235 876 2353 932 meatur,

361 939 487 1006 Ariocb
523 959 580 1004 rea
617 939 754 1020 Elaear,
799 941 1016 1019 Galeriam
1053 964 1111 1011 rea
1150 945 1280 1024 Helam,
1313 949 1341 1010 et
1391 945 1498 1021 Auer,
1538 941 1653 1010 neema
1694 947 1722 1009 et
1763 942 1904 1008 Morare:
1946 943 2011 1025 ipsi
2049 943 2204 1023 accipiam
2236 946 2355 1022 pamas

368 1023 487 1090 aaut
506 1044 564 1089 rea
585 1027 737 1110 parumn,
774 1028 804 1095 2.
828 1024 980 1094 Fecemmt
1008 1031 1120 1096 batum
1141 1051 1210 1098 aum
1233 1029 1339 1095 Berat
1391 1049 1491 1094 suam.

361 1130 434 1194 repe
464 1109 591 1188 Sedmu,
625 1112 803 1180 mBmoat
834 1134 906 1200 repe
932 1115 1109 1197 Hamarab,
1146 1115 1245 1182 Siuab
1270 1135 1339 1200 repe

363 1195 503 1273 Admoti,
526 1201 555 1260 et
577 1195 718 1263 Semeber
738 1219 808 1284 repe
831 1199 959 1278 Sebcim
982 1207 1011 1266 et
1031 1222 1101 1285 repe
1123 1200 1240 1267 Belalt:
1267 1202 1339 1282 moa
1479 1201 1507 1266 1.
1529 1199 1572 1264 m
1598 1198 1661 1282 fuit
1690 1199 1725 1263 iu
1753 1197 1861 1264 diebus
1889 1199 1964 1264 illis.
2010 1197 2158 1262 Historia
2186 1218 2273 1281 quae
2301 1199 2356 1266 hoc

361 1286 410 1348 eat
443 1280 553 1346 Sohar.
608 1282 638 1347 3.
675 1283 788 1350 amaa
819 1287 876 1350 icti
906 1289 1060 1352 coniuncti
1089 1293 1163 1353 suat
1191 1289 1228 1352 iu
1260 1286 1340 1351 calle
1391 1287 1496 1368 capite
1518 1286 1672 1363 refertur,
1702 1285 1808 1350 tribus
1829 1285 1970 1349 maxime
1992 1283 2032 1348 de
2053 1285 2159 1349 causis
2180 1293 2356 1349 memoratu

367 1365 510 1432 Siddim:
537 1367 610 1448 apsa
639 1374 684 1434 est
711 1370 808 1436 vallis
837 1371 946 1436 Mario
973 1373 1060 1438 salte.
1107 1373 1137 1438 4.
1166 1363 1340 1438 Duodicim
1391 1369 1492 1454 digna
1511 1380 1571 1449 est,
1593 1391 1710 1453 nempe
1732 1369 1817 1452 quod
1839 1370 1905 1434 Lot
1926 1367 2113 1436 Sodomites
2135 1369 2201 1434 lani
2225 1371 2356 1454 castiga·

365 1470 464 1518 auuos
484 1454 657 1518 servierant
680 1453 907 1535 caeterae,
944 1463 971 1522 et
1002 1459 1227 1524 decimotertio
1258 1477 1340 1522 anuo
1392 1457 1479 1521 bone
1499 1457 1650 1523 hortatus
1667 1457 1710 1520 sit
1727 1455 1767 1520 ad
1786 1455 2029 1537 poenitentiam,
2052 1455 2117 1518 nisi
2134 1476 2267 1539 prorsus
2285 1456 2356 1520 fnis-

366 1538 548 1618 deseceraot.
577 1537 607 1602 5.
628 1539 756 1606 Decimo
772 1547 883 1622 quarto
903 1548 1006 1608 cutem
1029 1564 1110 1609 arara
1131 1544 1214 1609 aaut
1226 1542 1340 1608 Gadar-
1391 1549 1466 1607 sent
1487 1542 1657 1615 indociles,
1687 1562 1724 1607 ac
1746 1540 1931 1624 deploratae
1958 1539 1993 1604 in
2015 1560 2074 1605 sua
2102 1540 2228 1605 malitia
2255 1543 2356 1624 perri·

364 1622 500 1700 tamar,
527 1627 555 1689 et
583 1643 669 1706 reyes
695 1627 749 1707 qui
778 1631 867 1692 eram
892 1647 962 1692 eum
991 1648 1041 1706 eo,
1069 1634 1097 1694 et
1118 1632 1341 1710 pubescunt
1391 1629 1514 1693 cacine:
1538 1629 1603 1692 Lot
1625 1635 1732 1692 autem
1755 1625 1870 1691 iisdem
1891 1625 2031 1710 flagellis
2058 1646 2232 1708 percussus
2254 1627 2356 1704 fuerit,

367 1707 524 1790 Repbaim
549 1709 585 1774 iu
606 1709 772 1777 Astherotlt
796 1711 963 1790 Garuaim,
993 1713 1157 1780 etZaeim
1185 1716 1219 1779 ia
1242 1713 1338 1788 Ham,
1391 1714 1447 1796 qni
1466 1714 1594 1779 illectus
1613 1724 1645 1776 et
1666 1714 1831 1779 inescatus
1854 1721 1959 1776 terrae
1980 1709 2189 1795 pinguedine,
2213 1732 2284 1777 sese
2301 1711 2356 1775 im·

366 1799 395 1858 et
416 1793 525 1858 Emim
544 1794 580 1858 iu
603 1793 705 1860 Saoeb
728 1794 925 1864 Giriatltaim.
958 1800 987 1864 6.
1011 1799 1055 1864 m
1077 1799 1160 1866 Hori
1180 1801 1215 1864 iu
1239 1804 1340 1864 umato
1391 1801 1452 1882 piis
1475 1810 1508 1864 et
1529 1798 1696 1864 sceleratis
1724 1800 1967 1882 permiscuerat.
2012 1796 2142 1862 Deinde
2163 1798 2249 1880 quod
2271 1796 2357 1862 Deus

365 1898 423 1945 suo
442 1878 542 1958 cetu,
563 1899 661 1962 aeaeae
681 1881 724 1946 ad
741 1883 907 1967 planitiem
925 1883 1067 1964 Pharao,
1089 1906 1170 1967 auae
1186 1889 1231 1952 est
1248 1887 1340 1950 iuria
1391 1886 1461 1950 eius
1482 1886 1652 1961 misertus,
1682 1883 1805 1949 Abram
1833 1883 1997 1948 vindicem
2020 1892 2054 1946 et
2083 1882 2288 1948 liberatorem
2313 1883 2358 1947 illi

367 1966 531 2032 cauma.
587 1966 616 2031 l.
651 1965 781 2033 Revaei
811 1974 884 2033 aaut
914 1976 1030 2051 aram,
1059 1977 1087 2036 et
1118 1975 1264 2037 omeruut
1296 1970 1340 2035 cd
1391 1970 1549 2035 excitarit
1576 1971 1631 2051 qui
1661 1970 1828 2051 captivum
1857 1987 1875 2032 e
1904 1989 2005 2034 mann
2036 1967 2181 2032 hostium
2213 1971 2357 2050 eriperet,

368 2049 602 2133 Heumiepitat,
625 2053 699 2134 ipsa
719 2058 764 2118 est
788 2051 903 2120 Gades:
931 2061 1202 2139 etpereusseruot
1222 2073 1339 2120 mmeru
1391 2055 1446 2120 nbi
1474 2053 1672 2122 incredibilis
1694 2056 1758 2119 Dci
1787 2053 1931 2134 bonitas,
1959 2062 1992 2118 ct
2013 2074 2092 2138 erga
2117 2073 2192 2118 suos
2222 2055 2357 2119 bonmo-

366 2156 479 2220 aprum
501 2136 703 2218 Amaleeitae,
726 2144 754 2204 ct
775 2141 870 2205 etiam
887 2140 1076 2208 Dmoraeum
1096 2127 1340 2208 habitantem'iu
1390 2139 1492 2206 lentie
1519 2141 1691 2223 conspicue
1720 2140 1859 2206 relucet:
1888 2139 2016 2221 quando
2036 2140 2073 2202 in
2096 2140 2193 2204 unius
2222 2140 2357 2204 hominis

363 2221 653 2288 Haeesnutbamar.
699 2223 728 2290 8.
759 2223 805 2289 Et
832 2245 974 2309 emersus
1002 2233 1047 2293 eat
1071 2248 1129 2292 rea
1159 2227 1283 2304 Sedato,
1313 2231 1341 2290 et
1390 2226 1530 2310 gratiam
1558 2227 1679 2290 multos
1707 2224 1877 2310 plusquam
1907 2224 2059 2307 indignos
2080 2223 2122 2289 ad
2144 2235 2273 2309 tempus
2294 2245 2358 2291 ser·

363 2327 423 2373 rea
446 2306 625 2386 Harnoralr,
648 2314 676 2373 et
696 2330 753 2374 rea
775 2310 918 2388 Admab,
948 2318 1052 2378 etrea
1076 2312 1211 2390 Sebcim,
1235 2318 1264 2378 ct
1283 2325 1340 2376 rea
1390 2321 1457 2378 rut.
1512 2313 1640 2388 Dertio,
1673 2310 1758 2394 qnod
1792 2309 1914 2375 Abram
1948 2310 2105 2376 divinitus
2136 2322 2271 2376 ornatus
2300 2309 2359 2374 fnit

365 2391 478 2472 Batai,
494 2393 569 2476 ipsa
589 2398 635 2459 est
656 2393 776 2475 Sohar,
797 2401 826 2460 et
847 2397 1072 2464 ordinaverunt
1089 2419 1159 2466 cum
1180 2398 1226 2464 eia
1243 2416 1339 2480 prae·
1390 2397 1513 2482 insigni
1543 2398 1695 2475 victoria,
1725 2409 1759 2461 et
1776 2415 1833 2462 ore
1855 2396 2073 2462 Melchisedec
2105 2397 2307 2475 benedictus,
2326 2397 2358 2460 in

365 2476 446 2543 lium
479 2479 515 2542 iu
547 2478 627 2544 valle
663 2478 803 2559 Siddim,
847 2482 878 2548 9.
911 2481 990 2550 Oum
1019 2482 1236 2550 Oedarbsomer
1270 2502 1340 2568 reae
1390 2484 1484 2548 onina
1506 2503 1645 2565 persona
1662 2502 1800 2566 regnum
1819 2491 1854 2545 et
1870 2481 2087 2547 sacerdotium
2105 2479 2230 2547 Christi
2252 2481 2359 2548 adum·

365 2562 463 2642 Heia,
496 2569 524 2628 et
553 2563 693 2630 Tbidbal
722 2587 791 2650 reae
820 2569 975 2650 gentium,
1008 2575 1037 2633 et
1065 2569 1241 2652 Amraphei
1270 2588 1340 2653 repe
1391 2568 1523 2634 bratum
1545 2589 1625 2646 esse,
1648 2589 1690 2635 ex
1712 2569 1784 2633 aliis
1810 2568 1993 2651 scripturae
2022 2566 2101 2632 locis
2128 2576 2226 2650 patet.
2266 2565 2358 2648 Quod

344 2647 505 2726 'Sintiam
537 2649 710 2714 etAriocle
738 2672 806 2736 repe
830 2651 966 2720 Elaaar:
992 2661 1127 2738 quatuor
1153 2675 1239 2739 repes
1269 2673 1340 2721 cum
1390 2655 1431 2719 ad
1453 2674 1616 2720 summam
1646 2654 1802 2719 historiae
1824 2655 1983 2736 pertinet,
2008 2652 2165 2718 horribile
2194 2654 2358 2737 speculum

366 2734 511 2817 quinquie.
557 2733 607 2800 10.
634 2735 736 2801 Vatis
762 2743 864 2804 auem
887 2738 1011 2804 Siddim
1034 2740 1131 2824 plena
1152 2746 1219 2806 erat
1232 2740 1340 2822 parete
1391 2741 1454 2805 init
1475 2738 1636 2804 humanae
1658 2747 1729 2804 tum
1757 2739 1913 2804 avaritiae
1934 2749 2005 2802 tnm
2027 2737 2208 2821 superbiae.
2252 2738 2358 2803 Habe·

365 2821 523 2898 caeamti,
545 2822 738 2905 etfuperrrut
757 2843 815 2888 reu
838 2823 948 2890 Sedem
969 2830 999 2890 et
1016 2825 1188 2903 Hamarut,
1204 2827 1340 2909 proiece-
1392 2826 1447 2891 bat
1469 2824 1576 2890 adhuc
1597 2843 1701 2910 genus
1730 2825 1909 2889 humanum
1933 2835 2000 2890 tres
2021 2845 2097 2888 snos
2126 2834 2251 2906 patres,
2274 2823 2358 2901 Sem,

365 2910 499 2988 ruutaue
517 2905 650 2986 seillac,
668 2908 832 2973 etreaidui
849 2910 883 2974 iu
900 2915 1030 2976 manum
1045 2913 1199 2996 fugeruut.
1231 2911 1280 2975 11.
1297 2910 1341 2974 Et
1391 2911 1497 2977 Chuni
1520 2921 1553 2976 et
1575 2909 1731 2991 Iapheth,
1760 2931 1897 2994 quorum
1919 2909 2074 2992 adspectu
2104 2911 2359 2976 admonebantur

366 2995 510 3072 meunt
530 3011 649 3057 aarum
670 2993 876 3059 aumantium
901 2995 1012 3062 Scdcm
1033 3004 1061 3063 et
1082 2997 1256 3072 Hamcrab,
1278 3016 1341 3062 am-
1390 3017 1505 3061 umnes
1532 2995 1595 3061 sibi
1623 3017 1664 3062 ex
1697 3017 1763 3060 una
1795 2994 1890 3060 domo
1918 3005 1951 3059 et
1983 3017 2058 3060 arca
2091 3016 2161 3061 esse
2193 2997 2356 3079 originem.

365 3096 494 3157 aemam
530 3097 630 3144 escam
668 3097 791 3160 eorum,
831 3085 860 3145 et
897 3079 1050 3148 arumna
1106 3082 1156 3148 12.
1190 3083 1341 3165 Oepemmt
1391 3083 1493 3148 Porro
1516 3081 1653 3166 originis
1681 3083 1839 3147 memoria
1862 3081 2026 3146 fraternae
2053 3082 2287 3147 coniunctionis
2310 3099 2357 3144 sa·

365 3181 484 3245 meoque
501 3161 561 3228 Lat
580 3167 608 3227 et
627 3163 834 3230 substantiam
851 3165 934 3232 eius:
953 3165 1059 3248 tuum
1076 3168 1193 3250 fratris
1209 3167 1339 3240 Abram,
1391 3189 1483 3235 crum
1505 3175 1576 3232 erat
1597 3167 1726 3252 pignus,
1749 3177 1789 3231 nt
1808 3165 1933 3232 mutuis
1955 3165 2071 3233 officiis
2090 3166 2144 3231 alii
2166 3168 2248 3233 alios
2267 3166 2355 3232 iuva·

367 3253 395 3314 a
423 3245 578 3324 meunt
608 3249 684 3330 quia
710 3251 779 3330 ipse
805 3250 963 3317 habitabat
987 3254 1022 3316 iu
1053 3252 1171 3319 Sedoru.
1217 3254 1267 3318 13.
1297 3251 1342 3316 Et
1391 3264 1475 3319 rent.
1525 3253 1701 3318 Praevalet
1720 3261 1829 3318 tamen
1859 3252 2006 3318 ambitio:
2040 3259 2078 3316 nt
2103 3253 2190 3318 ferro
2211 3262 2245 3317 et
2263 3251 2358 3316 armis

366 3333 450 3398 uenit
467 3333 597 3415 puidam
612 3335 669 3416 qui
685 3341 832 3418 macerat,
850 3342 879 3404 et
894 3339 1056 3404 nunciavit
1071 3338 1196 3404 Abram
1209 3339 1339 3417 libraeo,
1391 3339 1478 3405 ultro
1499 3339 1645 3421 citroque
1667 3347 1872 3422 grassentur,
1901 3359 1939 3404 ac
1960 3339 2098 3422 quisque
2126 3348 2261 3405 conetur
2281 3337 2357 3402 alios

367 3419 424 3501 aui
454 3417 614 3484 habitabat
645 3421 681 3486 im
712 3421 883 3502 quercubus
915 3423 1042 3488 Mature
1074 3424 1188 3490 Emori
1224 3424 1341 3508 fratris
1391 3425 1551 3508 subigere.
1604 3423 1715 3505 Quare
1746 3421 1822 3488 dum
1855 3422 1953 3489 hodie
1985 3423 2133 3489 ridemus
2165 3425 2237 3488 sine
2268 3420 2358 3487 modo

367 3502 500 3570 Erebol:
529 3503 645 3585 fratria
674 3505 797 3587 Hauer,
830 3513 858 3573 et
888 3509 954 3589 ipsi
980 3515 1069 3574 eram
1092 3510 1245 3591 faedemti
1272 3528 1341 3575 cum
1392 3509 1586 3576 tumultuari
1614 3509 1793 3595 principes,
1820 3517 1853 3574 et
1881 3517 2002 3574 terram
2030 3517 2201 3576 concutere
2223 3529 2282 3592 pro
2303 3527 2358 3573 sua

367 3589 500 3655 Abram.
552 3588 602 3656 14.
632 3591 777 3657 Audiens
804 3599 908 3660 autem
936 3593 1057 3660 Abram
1087 3597 1169 3678 qued
1200 3597 1342 3677 captiuus
1391 3596 1554 3680 potentia,
1584 3594 1830 3660 meminerimus
1861 3604 1957 3660 vetus
1989 3615 2060 3662 esse
2093 3596 2230 3660 malum:
2263 3613 2356 3677 quum

367 3676 479 3742 cacas
495 3681 572 3742 meet
591 3675 692 3757 frater
719 3697 815 3758 auus,
842 3681 979 3745 ammovit
996 3701 1018 3745 a
1038 3701 1072 3746 ae
1091 3682 1248 3747 institutos
1264 3700 1342 3764 pue·
1391 3680 1530 3748 saeculis
1558 3681 1708 3746 omnibus
1737 3679 1924 3744 dominandi
1953 3680 2050 3747 libido
2077 3681 2218 3746 nimium
2247 3701 2282 3744 re
2325 3697 2356 3741 a·

365 3780 421 3826 roa
440 3761 553 3825 domus
572 3781 659 3837 auae.
679 3765 840 3830 octodecim
862 3770 890 3830 et
909 3769 1066 3844 irmemtas,
1093 3771 1343 3849 atpersequutus
1393 3767 1479 3833 verit
1499 3767 1585 3830 inter
1605 3766 1763 3831 homines.
1802 3765 1908 3831 Simul
1930 3776 2041 3832 tamen
2063 3777 2215 3831 notemus
2236 3767 2292 3830 nul
2305 3783 2355 3828 um

368 3851 414 3911 eet
432 3865 529 3928 usgue
549 3847 593 3912 ad
614 3847 707 3914 Dua:
743 3849 792 3914 15.
816 3850 860 3916 Et
880 3852 992 3917 diuisit
1011 3871 1044 3918 se
1064 3871 1160 3934 saper
1180 3872 1230 3918 eos
1251 3856 1341 3929 uecta
1393 3872 1463 3918 esse
1489 3852 1632 3917 deterius
1659 3851 1778 3916 vitium
1807 3852 1907 3916 enimi
1935 3851 2122 3930 altitudine,
2149 3873 2248 3934 quam
2269 3849 2356 3915 multi

368 3931 438 4014 ipse
459 3937 487 3996 et
507 3933 590 3998 cerm
611 3935 688 4008 eiua,
710 3937 911 4016 etperauaeit
931 3957 997 4002 aas:
1013 3943 1279 4020 persequutusque
1300 3941 1345 4002 est
1393 3939 1559 4005 heroicum
1581 3938 1734 4002 affectum
1756 3957 1827 4004 esee
1851 3946 1978 4021 putant.
2022 3937 2168 4003 Ambitio
2190 3935 2356 4003 Dedcrlao-

369 4037 421 4084 eos
447 4037 547 4100 usque
574 4019 618 4084 ad
645 4018 774 4098 Horeb,
803 4041 884 4103 auae
911 4028 957 4088 est
983 4043 1005 4087 a
1032 4023 1121 4089 laeua
1149 4023 1342 4090 Dammesee.
1393 4043 1464 4089 mer
1484 4023 1542 4088 sax
1564 4025 1663 4088 totius
1684 4021 1762 4089 belli
1783 4022 1862 4088 fuit:
1892 4045 1968 4088 nam
1989 4025 2061 4107 ipse
2084 4023 2240 4089 incensus
2261 4020 2356 4086 domi·

371 4102 423 4168 16.
442 4102 488 4168 at
507 4105 633 4170 reducit
658 4125 776 4171 mmem
797 4105 1016 4186 carucatam,
1038 4113 1068 4174 ct
1087 4109 1180 4174 etiam
1197 4110 1257 4174 Lot
1275 4110 1344 4191 fra-
1394 4106 1495 4174 nandi
1523 4107 1690 4192 cupidine,
1719 4117 1786 4175 tres
1808 4108 1889 4175 alios
1917 4111 2054 4174 attraxit
2074 4109 2110 4174 in
2131 4108 2209 4174 belh
2231 4109 2356 4175 societa-

369 4194 449 4254 trem
469 4207 578 4268 auum
606 4196 635 4255 et
654 4191 860 4258 cucumam
882 4194 950 4259 aaa
969 4193 1110 4273 reducit,
1140 4199 1230 4276 etque
1249 4196 1345 4260 etiam
1394 4203 1470 4261 tem.
1515 4193 1701 4259 Sodomitas
1722 4215 1800 4260 vero
1821 4204 1855 4260 et
1881 4215 1994 4260 eorum
2022 4197 2125 4261 socios
2150 4192 2299 4277 superbia
2318 4188 2358 4254 ad
2474 4187 2475 4214 ³

371 4273 517 4340 mulieres
537 4276 741 4358 upapam.
786 4279 837 4343 ll.
859 4277 905 4343 Et
927 4298 1070 4362 mrecaus
1089 4285 1135 4345 est
1154 4300 1211 4346 racc
1235 4280 1345 4346 &aar
1394 4299 1487 4346 arma
1525 4278 1684 4346 sumenda
1722 4281 1895 4364 compulit,
1935 4288 1971 4344 ut
2008 4283 2124 4365 iugum
2167 4285 2356 4346 excuterent.

372 4361 408 4426 iu
430 4363 693 4442 accusaretur,
721 4369 887 4447 postauam
912 4384 1053 4430 reversus
1073 4370 1119 4430 eat
1143 4366 1212 4448 ipse
1234 4386 1255 4431 a
1275 4385 1343 4431 cae-
1395 4364 1572 4432 (laetarum
1593 4365 1678 4449 quod
1701 4372 1749 4431 tot
1768 4387 1862 4450 reges
1885 4375 2117 4431 commemorat
2138 4366 2263 4441 Moses,
2286 4362 2358 4429 Sem
2474 4379 2475 4434 i

371 4445 468 4512 muco
497 4443 724 4527 Ocdorlamner,
758 4457 786 4514 et
813 4469 901 4534 repca
931 4451 989 4532 qui
1025 4457 1114 4515 eraut
1145 4471 1264 4530 aecum,
1303 4450 1347 4516 ad
1396 4451 1504 4521 adhuc
1533 4453 1706 4535 superstite
1732 4450 1931 4538 (quanquam
1963 4452 2152 4534 aprofanis
2180 4449 2358 4518 hominibus

369 4531 481 4597 vatem
505 4530 620 4612 Saveh,
643 4535 716 4615 apsa
736 4539 782 4599 eat
817 4535 919 4602 Vallia
938 4537 1030 4620 repis.
1076 4535 1126 4602 18.
1153 4535 1196 4601 Er
1217 4536 1346 4607 Metabi·
1396 4545 1553 4619 tanquam
1582 4537 1765 4603 fabulosum
1788 4535 1926 4623 ridetur)
1948 4538 2032 4603 nihil
2052 4536 2151 4603 habet
2176 4532 2358 4610 absurdi,si

370 4617 457 4684 sedec
473 4636 530 4684 reu
548 4616 654 4683 Salem
668 4620 803 4700 protulit
817 4627 978 4701 paraemet
998 4623 1122 4687 rmum:
1143 4627 1171 4688 et
1190 4623 1259 4703 ipse
1275 4630 1347 4686 erat
1396 4621 1493 4688 modo
1517 4633 1706 4705 reputamus
1735 4631 1860 4688 tantam
1888 4622 2025 4688 hnmani
2052 4625 2182 4707 generis
2210 4639 2357 4706 propaga·

371 4703 518 4769 caradas
534 4702 603 4769 Dec
622 4705 784 4772 abueimc.
815 4706 865 4771 19.
889 4705 933 4771 Et
953 4707 1106 4774 bmediait
1126 4709 1171 4786 ei,
1200 4714 1228 4773 ct
1248 4708 1348 4773 dicit:
1397 4709 1518 4773 tionem
1541 4709 1705 4792 singulare
1723 4710 1823 4774 fuisse
1840 4710 1904 4775 Dei
1922 4709 2128 4775 miraculum.
2163 4709 2358 4791 Numquam
2474 4771 2475 4778 ,

373 4787 562 4854 Benedictus
596 4791 718 4855 Abram
756 4790 824 4856 Deo
860 4791 975 4858 cacabo
1004 4795 1179 4874 possessori
1212 4793 1287 4860 coeli
1319 4799 1347 4860 et
1397 4794 1559 4859 Dominus
1588 4795 1650 4876 ipsi
1672 4792 1767 4860 Noah
1797 4796 1931 4876 eiusque
1960 4795 2036 4860 filiis
2065 4794 2200 4859 diceret:
2225 4791 2358 4860 crescite

373 4879 485 4940 terrae.
528 4873 579 4939 20.
602 4875 646 4941 Et
666 4875 839 4942 benedictae
859 4874 1115 4956 Balatucelum,
1138 4879 1348 4960 quitradidit
1397 4890 1431 4945 ot
1447 4877 1722 4961 multiplicamini:
1741 4879 1782 4944 ad
1800 4901 1891 4963 spem
1910 4879 2156 4946 instaurationis
2173 4899 2227 4946 eos
2245 4880 2358 4961 erigere

375 4959 477 5024 tuuc
494 4965 563 5025 tuos
582 4961 619 5025 iu
646 4981 775 5027 manum
803 4969 907 5028 tuam:
933 4969 962 5028 et
982 4964 1066 5028 dedit
1087 4965 1116 5030 ei
1137 4965 1289 5032 dammam
1309 4966 1348 5031 ce
1397 4964 1518 5042 voluit,
1540 4985 1623 5046 quae
1645 4966 1764 5030 usitato
1785 4974 1924 5030 naturae
1952 4966 2066 5031 ordine
2088 4965 2184 5051 longe
2206 4979 2288 5030 esset
2306 4981 2359 5024 ex·

376 5045 529 5111 omuibus.
571 5044 623 5111 21.
649 5045 694 5112 Et
719 5049 803 5113 dicit
828 5068 884 5113 raa
914 5047 1024 5114 Setiam
1053 5050 1096 5115 ad
1124 5050 1265 5116 Abram:
1294 5049 1348 5115 Da
1398 5049 1576 5118 cellentior.
1631 5051 1796 5134 Perpetua
1834 5051 1964 5133 quidem
1997 5059 2049 5119 est
2086 5051 2145 5117 illa
2182 5047 2358 5122 benedictio,
2474 5049 2475 5076 ¹

373 5130 456 5196 miti
476 5131 617 5212 auimaa,
645 5137 674 5197 ct
693 5133 899 5198 substantiam
925 5134 993 5200 tolle
1018 5135 1082 5200 tibi.
1126 5136 1178 5202 22.
1201 5135 1246 5201 at
1266 5136 1350 5201 dicit
1398 5157 1481 5220 qnae
1503 5135 1627 5220 vigebit
1647 5157 1751 5220 usqne
1773 5136 1815 5202 ad
1843 5137 1958 5202 mundi
1987 5138 2102 5202 finem:
2131 5137 2189 5204 sed
2210 5138 2276 5202 vim
2296 5132 2359 5196 eins

377 5214 501 5282 Abram
528 5216 571 5282 ad
601 5237 703 5302 repam
725 5219 852 5284 Sedom:
884 5219 1002 5285 Levavi
1026 5241 1156 5287 marum
1181 5241 1281 5287 meam
1308 5221 1351 5288 ad
1399 5222 1691 5287 extraordinariam
1713 5229 1793 5288 tnnc
1813 5233 1944 5288 exstare
1966 5225 2127 5306 oportuit,
2155 5223 2240 5288 unde
2260 5218 2358 5314 palata

378 5300 527 5366 Ietooam
548 5301 653 5368 Deum
681 5303 832 5370 matam
853 5317 1062 5386 memorarem
1088 5308 1211 5374 coetiet
1239 5312 1348 5373 terrae.
1400 5317 1614 5394 agnoscerent
1643 5309 1740 5391 primi
1772 5307 1820 5372 illi
1849 5317 1959 5392 patres
1990 5329 2113 5374 norum
2147 5308 2296 5374 mundum
2323 5321 2359 5364 111

374 5386 430 5454 23.
456 5386 609 5468 Statio
634 5389 792 5470 usquead
820 5391 989 5474 corripiam
1011 5392 1206 5459 calceamenti
1213 5443 1222 5472 ,
1250 5395 1281 5458 ai
1301 5411 1349 5458 ac-
1400 5412 1477 5459 arca
1498 5393 1655 5460 divinitus
1676 5394 1776 5460 inisse
1796 5393 1969 5460 iudaeum.
2016 5396 2170 5479 Apoctis
2192 5389 2359 5461 Deucalion
