5000 6208
376 453 445 527 259
1041 443 1412 514 COMMENTARIUS
1434 445 1484 510 IN
1506 443 1720 512 aurasia.
2319 447 2375 512 260

379 658 514 708 morem.
550 638 661 722 Atque
678 637 741 702 hoo
763 634 928 702 doetrinae
950 654 1054 718 genus
1072 655 1114 699 ue
1132 636 1204 716 quis
1227 641 1356 698 tantum
1408 633 1478 698 sola
1495 630 1559 696 Dei
1576 632 1683 715 gratia
1705 630 1842 694 salutem
1865 641 2010 696 nostram
2028 631 2159 698 iuohoat
2176 645 2211 698 et
2228 633 2373 700 absolvit:

381 727 423 794 ad
445 735 618 790 extraneos
639 735 786 808 speetare
806 731 907 804 putet,
926 720 1090 785 Dominus
1112 721 1239 801 proprie
1258 716 1355 784 desti·
1409 719 1485 801 quia
1507 733 1616 782 tamen
1639 715 1703 781 Dei
1726 716 1929 782 voeationom
1952 715 2116 800 sequendo
2146 740 2279 785 oursum
2308 740 2374 786 uos-

380 818 440 878 nat
472 809 625 876 Abrahae
658 808 752 888 filiis,
793 807 854 873 hue
887 815 937 870 est
975 805 1128 872 eoelesiae
1162 805 1356 870 domesticis.
1409 813 1499 868 trum
1521 804 1725 887 peragimus,
1755 799 1893 866 dicimur
1918 802 2018 868 etiam
2047 803 2107 868 hoo
2129 803 2225 871 modo
2246 805 2375 872 salntem

379 895 504 964 Insulsi
526 896 615 961 euim
638 907 716 960 sunt
737 915 783 959 ao·
796 892 944 976 perversi
964 891 1161 974 interpretes
1183 892 1240 972 qui
1258 889 1356 955 fidem
1410 911 1429 954 a
1452 889 1523 954 Deo
1544 889 1738 970 promissam
1761 889 1921 970 eonsequi.

382 980 487 1048 everti
509 979 712 1046 contendunt
734 980 762 1044 si
784 989 972 1043 terreantur
999 977 1225 1044 oonsoientiae.
1271 975 1357 1040 Nam
1495 974 1546 1039 20.
1572 973 1697 1040 Odsmor
1720 973 1878 1039 Sodomae.
1922 973 1987 1039 Hie
2009 974 2130 1039 elarius
2148 997 2311 1059 exponere
2331 980 2375 1043 in·

378 1088 481 1152 quum
508 1063 584 1132 fidei
613 1064 697 1130 nihil
726 1064 832 1148 magis
861 1064 1061 1129 eontrarium
1082 1063 1126 1127 sit
1154 1082 1254 1143 quam
1282 1081 1356 1126 eon·
1409 1061 1488 1142 oipit
1510 1059 1674 1125 Dominus
1696 1059 1865 1124 eonsilium
1888 1082 1983 1125 suum
2007 1060 2161 1126 Abrahae
2179 1064 2219 1126 de
2242 1064 2376 1146 quinque

378 1162 526 1236 demptus
543 1161 577 1217 et
598 1163 718 1234 torpor,
742 1150 864 1233 optime
881 1169 955 1214 oum
976 1149 1100 1232 gratiae
1117 1148 1357 1230 praedieatione
1410 1145 1544 1212 urbibus
1566 1145 1756 1229 perdendis:
1787 1165 1971 1227 quanquam
1996 1143 2171 1212 Sodomam
2201 1159 2327 1212 tantum
2348 1163 2377 1214 et

377 1238 544 1306 oouseutit
565 1258 605 1303 ea
632 1235 780 1302 doetriua
801 1255 883 1318 quae
910 1234 1059 1298 homiues
1088 1235 1208 1314 subigit
1229 1233 1269 1298 ad
1293 1231 1357 1296 Dei
1411 1231 1641 1308 Gomorrham,
1664 1251 1746 1312 quae
1769 1231 1840 1294 aliis
1862 1234 1967 1314 magis
1988 1230 2132 1297 famosae
2154 1243 2258 1308 erant,
2281 1237 2376 1300 nomi·

378 1327 549 1400 umorem,
583 1332 621 1386 ut
653 1323 765 1388 afflioti
795 1333 828 1384 et
859 1319 1000 1384 famelioi
1030 1319 1070 1384 ad
1093 1318 1264 1385 Christum
1294 1319 1357 1383 fes·
1411 1328 1477 1382 nat.
1522 1317 1619 1382 Prius
1647 1337 1727 1382 vero
1759 1337 1856 1398 quam
1889 1333 2013 1398 poenae
2045 1317 2143 1383 faeiat
2174 1321 2375 1400 mentionem,

273 1423 278 1436 ·
379 1413 498 1475 fiuent·
1411 1404 1533 1468 seelera
1554 1404 1589 1467 in
1612 1401 1756 1467 medium
1779 1401 1935 1484 produoit,
1961 1413 1998 1468 ut
2019 1405 2101 1469 sciat
2122 1405 2291 1470 Abraham
2314 1408 2376 1471 iure

470 1493 514 1560 Et
534 1493 703 1560 oedodt'ettl
723 1492 809 1556 aiom
832 1489 971 1556 Iadouue.
1016 1489 1080 1555 His
1103 1491 1210 1555 verbis
1232 1489 1358 1572 signifi·
1412 1489 1509 1572 pleuti
1524 1489 1579 1570 qui
1598 1485 1792 1570 perduntur:
1816 1487 1936 1570 alioqui
1954 1489 2090 1554 historia
2108 1490 2148 1553 ad
2167 1491 2376 1556 eruditionem

382 1591 436 1646 oat
458 1579 566 1646 Moses
595 1596 660 1642 non
691 1577 786 1642 modo
811 1578 845 1640 in
879 1577 968 1640 huno
996 1577 1096 1640 finem
1129 1576 1266 1658 proponi
1296 1575 1359 1639 Dei
1413 1595 1478 1640 non
1511 1585 1681 1657 speutaret.
1731 1569 1798 1638 Sed
1831 1573 1908 1639 hino
1941 1574 2093 1657 poooaudi
2127 1594 2251 1650 metue,
2283 1598 2375 1659 quum

382 1665 555 1740 iuditium,
589 1673 625 1728 ut
658 1675 878 1746 expavescant
910 1661 967 1743 qui
996 1661 1058 1726 sibi
1088 1681 1147 1743 per
1179 1659 1359 1726 sooordiam
1412 1660 1572 1725 sentimus
1594 1659 1760 1724 hominum
1780 1659 1875 1741 eulpa
1894 1662 1978 1724 iram
1995 1659 2059 1725 Dei
2081 1664 2259 1743 provooari.
2297 1665 2377 1728 Dioit

383 1751 514 1835 plaeent
541 1749 576 1813 in
609 1749 676 1812 suis
707 1749 812 1828 vitiis,
847 1759 944 1830 atque
974 1746 1033 1811 hoe
1063 1746 1159 1811 modo
1188 1748 1291 1811 ooaoti
1318 1745 1359 1810 ad
1411 1745 1585 1810 elamorem
1625 1766 1685 1828 pro
1727 1744 1884 1808 soelorum
1929 1747 2090 1830 gravitate
2133 1749 2375 1832 multiplicatum

383 1836 511 1902 Christi
539 1835 680 1918 gratiam
708 1835 887 1916 suspirent:
916 1833 972 1897 sed
995 1843 1033 1896 ut
1054 1831 1167 1897 fideles
1194 1833 1273 1914 ipsi,
1302 1832 1359 1914 qui
1412 1831 1527 1897 fuisse:
1558 1832 1633 1913 quia
1663 1838 1827 1912 uteunque
1849 1831 1911 1896 sibi
1940 1833 2170 1915 impunitatem
2193 1837 2377 1915 promittant

383 1923 449 1987 iam
480 1921 616 2003 praediti
644 1931 722 1985 sunt
744 1917 809 1984 Dei
838 1920 968 1995 timore,
1000 1918 1103 2002 magis
1130 1939 1167 1982 ao
1197 1917 1302 2001 magis
1323 1919 1360 1981 in
1411 1916 1505 1999 impii
1527 1916 1613 1982 mala
1642 1936 1701 1981 sua
1730 1914 1887 1998 tegendo,
1918 1927 1952 1981 et
1973 1939 2047 1982 eum
2070 1919 2202 1984 silentio
2224 1933 2257 1984 et
2277 1921 2376 2002 quieto

385 2007 495 2073 studio
516 2006 645 2089 pietatis
666 2005 847 2087 profioiant.
892 2003 975 2069 Vult
997 2004 1084 2068 onim
1108 2001 1269 2069 Sodomae
1291 2003 1359 2066 exi·
1411 2001 1561 2067 ferantur
1581 2002 1622 2068 ab
1644 2000 1845 2078 hominibus,
1871 2011 2038 2085 pensatum
2060 2007 2230 2069 tamenin
2253 2007 2377 2070 auribus

303 2099 309 2116 '
383 2093 467 2158 tium
486 2091 622 2168 narrari,
641 2112 707 2155 non
724 2099 854 2156 tantum
873 2101 910 2154 ut
926 2089 1072 2155 eiusdem
1090 2090 1253 2155 vindiotae
1270 2103 1361 2153 metu
1412 2088 1475 2153 Dei
1506 2087 1570 2153 alte
1599 2107 1715 2152 sonare
1743 2107 1875 2153 neeesse
1904 2096 1963 2153 est.
2016 2089 2105 2173 ldrgo
2130 2090 2211 2155 haee
2237 2091 2375 2174 loquutio

383 2179 477 2261 impii
498 2177 539 2242 ad
561 2175 670 2242 Deum
693 2176 876 2253 trahantur,
897 2173 953 2240 sed
977 2176 1076 2239 etiam
1098 2184 1137 2239 ut
1158 2175 1276 2239 melius
1298 2173 1361 2237 for·
1412 2175 1574 2256 signifieat
1594 2173 1678 2238 lauta
1699 2176 1807 2238 omnia
1835 2182 1963 2249 nostra,
1993 2194 2130 2257 quorum
2158 2189 2310 2259 putamus
2331 2197 2374 2242 se·

382 2275 516 2328 meatur
543 2263 578 2327 in
611 2282 689 2327 vera
719 2259 903 2328 obedientia
934 2262 989 2346 qui
1018 2261 1084 2326 iam
1113 2258 1220 2325 Deum
1254 2259 1360 2324 eolere
1411 2259 1539 2341 pultam
1568 2279 1639 2324 esse
1666 2260 1871 2337 memoriam,
1905 2259 1945 2324 ad
1968 2260 2032 2325 Dei
2062 2261 2204 2327 tribuual
2232 2263 2375 2344 proferri:

385 2360 572 2433 eoeperunt.
618 2347 670 2411 Ite
690 2348 745 2412 lex
767 2368 832 2411 non
855 2357 985 2412 tantum
1007 2346 1047 2411 ad
1070 2347 1203 2412 initium
1226 2345 1358 2428 resipis·
1411 2345 1478 2409 imo
1505 2355 1623 2426 sponte
1651 2365 1784 2426 posuere
1812 2345 2004 2422 vindiotam‚
2036 2349 2187 2429 quamvis
2217 2368 2309 2413 nemo
2337 2347 2376 2412 sit

384 2435 512 2502 seutiae
542 2433 646 2510 valet,
675 2432 732 2498 sed
759 2433 859 2497 etiam
888 2431 930 2497 ad
958 2433 1130 2499 eontinuos
1157 2450 1358 2515 progressus.
1411 2431 1466 2513 qui
1488 2441 1632 2495 aeouset:
2138 2431 2141 2438 '
2270 2497 2275 2507 ,

385 2519 499 2601 Quum
521 2519 611 2586 addit
633 2519 758 2599 Moses,
778 2523 813 2582 at
831 2519 953 2600 faciunt
972 2518 1128 2583 iustitium
1149 2522 1177 2584 et
1197 2517 1358 2593 iuditium,
1497 2515 1549 2580 21.
1572 2515 1768 2583 Descendunt
1796 2536 1887 2580 auru.
1932 2514 2020 2597 Quia
2041 2516 2102 2582 hoo
2132 2519 2296 2603 singulare
2317 2520 2375 2584 luit

384 2605 531 2672 breviter
559 2605 700 2669 ostendit
728 2604 833 2686 qualis
855 2604 898 2668 sit
918 2604 974 2669 via
996 2603 1132 2668 Domini
1152 2605 1246 2669 ouius
1267 2623 1359 2666 men·
1411 2601 1597 2684 exemplum
1619 2602 1688 2666 irae
1710 2602 1782 2680 Dei,
1804 2602 1888 2684 quod
1907 2602 1999 2667 Deus
2020 2601 2176 2669 eelebrari
2199 2627 2255 2687 per
2271 2627 2375 2671 omues

385 2693 508 2756 tionem
536 2689 669 2756 lauerat:
700 2710 884 2771 quanquam
914 2710 979 2753 nou
1001 2687 1099 2770 plena
1119 2697 1170 2754 est
1196 2688 1357 2753 definitio:
1412 2697 1536 2752 aetates
1558 2687 1671 2766 voluit,
1693 2695 1727 2750 et
1750 2687 1969 2770 inscriptura
1994 2688 2112 2771 possint
2135 2692 2291 2756 ineuleat:
2309 2691 2375 2756 ideo

385 2775 444 2842 sed
472 2777 512 2842 ab
543 2777 657 2841 offioiis
690 2775 854 2842 sanandae
887 2773 1018 2840 tabulae
1045 2796 1102 2856 per
1131 2773 1359 2858 syueodoehen
1411 2795 1494 2857 quae
1519 2773 1553 2838 in
1577 2770 1698 2837 divinis
1723 2773 1852 2838 iudiciis
1878 2773 2060 2854 reputanda
2088 2791 2182 2852 sunt,
2212 2777 2375 2860 diligenter

384 2863 530 2928 breviter
551 2859 694 2926 ostendit
722 2862 798 2943 quid
827 2861 1031 2944 potissimum
1056 2859 1190 2928 anobis
1215 2860 1360 2942 requirat
1413 2859 1568 2942 exprimit
1590 2859 1715 2936 Moses,
1747 2857 2021 2941 quemadmodum
2054 2860 2113 2925 hoo
2141 2863 2211 2926 loeo
2240 2863 2375 2927 modera-

385 2948 487 3014 Deus.
531 2947 647 3030 Neque
669 2947 702 3012 id
731 2949 911 3030 scripturae
935 2945 1078 3011 insolens
1100 2957 1166 3024 est,
1195 2946 1268 3028 piae
1289 2965 1358 3009 reo·
1413 2945 1535 3009 tionem
1557 2944 1660 3026 ipsius
1682 2941 1816 3008 Domini
1839 2943 2052 3020 sommendat,
2078 2945 2162 3027 quod
2185 2969 2252 3011 non
2273 2950 2374 3012 statim

385 3043 505 3116 tueque
527 3035 616 3098 vitae
644 3033 893 3114 deseriptionem
920 3041 1032 3116 petere
1053 3053 1094 3096 ex
1116 3029 1258 3097 seeundo
1278 3030 1361 3114 legis
1411 3031 1563 3096 fulminet
1594 3027 1752 3095 adversus
1790 3029 1923 3113 impius,
1964 3051 2024 3096 neo
2054 3033 2165 3096 statim
2205 3034 2373 3100 vindictam

385 3119 513 3184 tabula:
544 3140 610 3184 uon
633 3118 718 3201 quod
741 3119 847 3200 pluris
868 3119 911 3183 sit
939 3119 1058 3182 oaritas
1086 3138 1183 3199 quam
1206 3116 1269 3181 Dei
1292 3117 1360 3181 oul·
1412 3138 1505 3182 suam
1529 3116 1733 3197 praecipitet:
1756 3114 1813 3180 sed
1835 3115 1891 3179 ubi
1913 3137 1965 3181 res
1988 3118 2118 3199 penitus
2139 3131 2218 3186 suut
2238 3117 2372 3203 deplora·

387 3215 458 3270 tus:
491 3204 548 3268 sed
576 3205 652 3287 quia
680 3225 774 3270 suam
801 3225 880 3289 erga
902 3203 1010 3268 Deum
1039 3204 1192 3286 pietatem
1222 3202 1362 3285 probant
1413 3213 1480 3280 tae,
1509 3213 1586 3266 tuno
1609 3200 1738 3265 demum
1761 3211 1959 3282 exsequatur
1988 3223 2084 3285 quam
2114 3225 2302 3287 suspensam
2323 3205 2372 3268 diu

389 3292 443 3373 qui
462 3299 550 3354 reete
567 3303 601 3354 et
617 3289 751 3354 innoxie
766 3289 887 3354 vivunt
905 3310 980 3354 oum
998 3288 1066 3353 suis
1085 3289 1252 3372 proximis.
1287 3287 1361 3352 Ius·
1413 3289 1523 3353 tenuit
1544 3307 1690 3372 poenam.
1736 3286 1848 3368 Neque
1871 3287 1992 3352 frustra
2014 3286 2178 3354 Dominus
2207 3291 2372 3373 oomposito

386 3376 479 3441 titiae
496 3386 531 3440 et
546 3375 657 3441 iudicii
686 3376 872 3440 nominibus
901 3374 1097 3456 aequitatem
1127 3374 1362 3457 eompleotitur,
1414 3385 1447 3439 et
1477 3387 1565 3440 reete
1598 3383 1777 3455 temperato
1810 3370 1924 3436 ordine
1950 3373 1990 3438 ad
2022 3395 2142 3456 poenas
2169 3397 2204 3441 se
2233 3377 2373 3460 progredi

384 3483 452 3544 qua
474 3461 630 3528 tribuitur
651 3463 769 3544 ouique
787 3459 872 3542 quod
891 3480 987 3524 suum
1006 3472 1064 3525 est.
1105 3457 1141 3526 Si
1160 3459 1363 3543 distinguere
1413 3469 1566 3526 testatur:
1596 3461 1672 3541 quia
1700 3458 1824 3540 quoties
1858 3479 1919 3524 uos
1946 3463 2084 3544 oastigat
2118 3463 2203 3528 iusto
2239 3463 2373 3528 severius

383 3548 503 3632 plaoet,
524 3547 654 3612 iustitia
675 3548 804 3630 proprie
825 3560 960 3612 voeatur
982 3544 1138 3611 reatitudu
1156 3559 1189 3610 ot
1211 3545 1363 3611 humani·
1413 3546 1583 3611 nobiseum
1606 3564 1702 3627 agere
1720 3564 1795 3608 eum
1818 3559 1984 3627 putamus:
2007 3547 2073 3610 imo
2092 3567 2192 3629 quum
2209 3549 2292 3613 mira
2308 3549 2373 3612 tole·

384 3644 455 3710 tas,
483 3654 580 3715 quam
610 3633 748 3699 uelimus
770 3653 843 3698 oum
871 3632 1028 3696 fratribus
1050 3633 1171 3697 nostris
1193 3630 1271 3697 dum
1293 3641 1363 3697 stu·
1415 3633 1522 3696 rantis
1542 3652 1602 3696 nos
1630 3639 1812 3712 exspueret,
1843 3628 1944 3696 doneo
1963 3630 2005 3697 ad
2026 3631 2180 3697 ultimum
2208 3634 2372 3718 impietatis

385 3719 504 3784 demus
531 3717 683 3783 omnibus
711 3717 916 3795 benefacere,
946 3715 987 3781 ab
1008 3719 1097 3782 omni
1125 3725 1235 3782 autem
1265 3737 1362 3794 noxa,
1416 3716 1617 3792 venerimus,
1647 3730 1681 3780 et
1706 3716 1898 3782 obstinatior
1924 3718 1968 3782 sit
1996 3727 2107 3784 nostra
2134 3719 2260 3784 malitia
2288 3738 2370 3802 quan

386 3803 503 3868 fraude
525 3815 558 3867 et
581 3806 612 3868 vi
642 3805 854 3870 abstinemus.
899 3802 1059 3868 Iudieium
1082 3823 1161 3868 vero
1183 3815 1242 3878 ost,
1265 3804 1363 3866 mise-
1415 3812 1454 3869 ut
1473 3803 1614 3884 amplius
1641 3800 1841 3884 paroendum
1863 3803 1921 3880 sit,
1952 3801 1992 3868 de
2013 3804 2117 3869 nimia
2138 3819 2247 3870 tamen
2269 3805 2371 3889 rigoris

387 3891 436 3954 ris
459 3899 492 3952 et
514 3892 678 3970 oppressis
701 3909 837 3954 manum
860 3891 1034 3972 porrigere,
1058 3889 1143 3954 tueri
1165 3889 1266 3954 bonas
1288 3909 1363 3954 oau·
1415 3889 1623 3954 festinatione
1661 3889 1900 3970 conquerimur.
1953 3889 2042 3973 Drgo
2075 3891 2166 3972 quasi
2200 3891 2233 3956 iu
2266 3889 2369 3955 illustri

387 3995 453 4052 aas,
476 3972 553 4038 dare
571 3995 702 4058 operam
721 3996 763 4039 ne
780 3974 902 4041 debiles
919 3975 1039 4039 iniuste
1057 3973 1239 4040 laedantur.
1273 3975 1365 4039 Haeo
1416 3973 1526 4041 tabula
1548 3995 1641 4039 suam
1663 3975 1698 4037 in
1721 3974 1814 4039 nobis
1844 3973 1985 4039 ferendis
2013 3978 2207 4057 aequitatem
2230 3976 2368 4060 depingit,

314 4127 315 4132 ,
389 4071 470 4126 sunt
480 4059 625 4142 legitima
642 4060 807 4138 exereitia,
825 4062 941 4144 quibus
953 4080 1028 4124 suos
1039 4062 1189 4143 oooupari
1202 4058 1365 4124 Dominus
1417 4071 1454 4125 ut
1482 4059 1622 4124 solemus
1653 4080 1818 4142 nunquam
1846 4081 1919 4124 eum
1949 4059 2014 4125 nisi
2047 4063 2183 4126 maturis
2214 4061 2369 4128 seeleribus

387 4144 491 4210 iubet.
1417 4145 1458 4210 ad
1480 4166 1601 4229 poenas
1622 4143 1798 4228 exigendas
1819 4166 2039 4228 prorumpere.
2075 4147 2145 4212 Iam
2164 4149 2192 4214 si
2211 4147 2368 4214 Sodomam

485 4229 525 4296 Ul
548 4231 653 4296 uenire
679 4231 779 4312 faciut
801 4230 962 4296 Dorulaus
982 4251 1078 4312 saper
1099 4229 1263 4295 Amadum
1284 4231 1365 4311 quod
1417 4254 1459 4297 ex
1482 4231 1620 4296 adverso
1641 4231 1808 4313 mapinius,
1839 4229 1995 4296 horribile
2024 4231 2090 4296 illio
2112 4236 2256 4299 ooourrit
2275 4245 2382 4314 stupe,

390 4317 536 4398 loquutus
556 4321 601 4381 eal
621 4337 716 4398 super
736 4337 814 4382 eum.
859 4315 1033 4399 Siguifiuat
1054 4317 1162 4382 Moses
1184 4329 1365 4398 oompotem
1417 4319 1462 4382 ris
1485 4317 1680 4398 exemplum.
1725 4314 1867 4380 Perinde
1893 4318 1981 4380 enim
2004 4338 2041 4384 ae
2063 4319 2091 4383 si
2115 4319 2198 4384 nihil
2220 4318 2368 4385 sibilaret

389 4402 572 4486 promissae
588 4401 650 4466 sibi
673 4403 797 4484 gratiae
814 4403 882 4467 fore
899 4401 1077 4478 Abraham,
1100 4402 1129 4467 si
1145 4422 1220 4467 suos
1238 4400 1366 4466 erudiat
1417 4403 1540 4486 negotii
1572 4421 1646 4465 oum
1682 4401 1769 4479 Deo,
1801 4403 1964 4466 insultant
1994 4401 2199 4470 Sodomitae:
2230 4406 2366 4470 exstineto

389 4491 427 4554 in
446 4488 561 4552 timore
579 4486 723 4566 Domini,
745 4485 941 4570 domumque
960 4509 1052 4552 suam
1077 4485 1175 4568 probo
1197 4488 1365 4570 gubernet.
1418 4488 1494 4553 boni
1516 4501 1548 4552 et
1571 4489 1647 4551 mali
1669 4509 1778 4565 sensu,
1800 4487 1962 4569 peoudum
1984 4490 2087 4554 instar
2104 4491 2139 4554 in
2157 4493 2246 4556 omni
2268 4507 2367 4574 genere

395 4583 439 4640 At
461 4573 522 4640 sub
545 4572 642 4638 unius
669 4573 812 4639 hominis
840 4594 977 4656 persona
1005 4574 1186 4639 eommunis
1214 4572 1366 4639 omuibus
1418 4573 1581 4638 foeditatis
1614 4593 1649 4638 so
1675 4573 1897 4655 provolvunt,
1930 4575 2066 4657 perinde
2093 4597 2131 4641 ao
2160 4577 2188 4641 si
2222 4592 2366 4658 nunquam

391 4662 455 4743 piis
477 4659 593 4743 regula
614 4659 770 4724 traditur:
795 4679 869 4722 uam
892 4660 947 4741 qui
970 4658 1031 4723 hae
1053 4660 1087 4723 in
1109 4666 1203 4742 parte
1225 4668 1365 4741 torpent,
1417 4658 1582 4724 reddenda
1603 4667 1689 4724 esset
1709 4661 1797 4724 vitae
1819 4661 1918 4736 ratio,
1945 4660 2006 4726 sibi
2028 4661 2061 4725 in
2085 4661 2174 4727 vitiis
2204 4662 2365 4728 adulantur.

392 4745 567 4824 abiioiunt‚
597 4744 812 4827 quantumin
835 4757 957 4822 seest,
987 4743 1039 4808 vel
1069 4745 1282 4826 supprimunt
1302 4742 1366 4809 Dei
1417 4744 1579 4827 Quoniam
1620 4744 1673 4809 hie
1713 4745 1845 4809 morbus
1883 4746 2022 4810 saeoulis
2059 4747 2212 4812 omnihus
2249 4747 2366 4812 nimium

393 4831 544 4916 gratiam.
581 4831 671 4914 Ergo
687 4839 726 4894 ut
749 4844 908 4913 perpetua
937 4828 1028 4894 uobis
1055 4829 1150 4894 duret
1167 4849 1204 4894 ao
1228 4831 1366 4912 posteris
1416 4845 1582 4982 grassatus
1605 4843 1667 4908 est,
1696 4849 1734 4893 ao
1755 4829 1850 4895 hodio
1877 4831 2046 4914 plusquam
2068 4832 2219 4915 vulgaris
2240 4841 2365 4916 apparet:

393 4917 491 4982 etiam
510 4917 654 4998 supersit
670 4915 827 4980 donorum
847 4916 909 4980 Dei
927 4915 1094 4998 possessio,
1116 4913 1298 4982 pavendum
1317 4926 1368 4980 est
1441 4936 1503 4981 ano
1523 4916 1799 4982 oiroumstautiam
1817 4930 1929 4982 notare
1950 4919 2229 5002 operaepretium
2246 4929 2367 4997 estque

393 5022 437 5068 no
470 5013 598 5084 torpore
631 5009 743 5066 nostro
778 5000 984 5067 intercidant.
1028 5001 1127 5066 Falso
1161 5010 1269 5065 tamen
1290 5001 1366 5068 hino
1418 5015 1564 5083 tempore
1597 5002 1674 5082 sibi,
1705 5022 1841 5067 exousso
1859 5001 1922 5068 Dei
1951 5013 2056 5082 metu,
2087 5003 2260 5089 indulgent
2285 4999 2365 5068 Sodo-

394 5087 561 5171 oolligeret
582 5087 743 5169 quispiam
765 5107 825 5151 sua
853 5086 1024 5170 diligentia
1045 5088 1174 5153 eflioere
1193 5085 1306 5152 fideles
1328 5109 1366 5153 ao
1418 5089 1526 5166 mitae,
1547 5107 1584 5153 ao
1605 5087 1740 5170 impune
1758 5088 1819 5154 sibi
1837 5088 1904 5154 lore
1927 5090 2122 5170 promittuut
2139 5089 2291 5172 quidquid
2307 5105 2365 5169 pot·

394 5173 514 5240 mereri
537 5183 574 5237 ut
595 5170 687 5238 Deus
709 5193 792 5254 quae
813 5172 964 5255 promisit
984 5171 1127 5256 impleat.
1163 5171 1256 5238 'l'rita
1276 5175 1364 5238 enim
1417 5176 1539 5248 oariut,
1562 5173 1670 5238 Deum
1698 5194 1813 5256 uapore
1835 5173 1875 5239 de
1901 5173 1967 5240 illis
1994 5175 2171 5257 perdendis
2202 5175 2365 5240 eonsilium:

394 5258 548 5342 loquendi
581 5259 666 5322 ratio
701 5266 752 5324 est
780 5259 959 5341 seripturae
988 5258 1050 5325 hae
1078 5277 1158 5323 vooe
1183 5261 1218 5320 ul
1252 5278 1364 5323 eouse·
1418 5275 1451 5326 et
1472 5259 1672 5324 tumultuoso
1694 5259 1851 5324 soelerum
1874 5259 2014 5325 elamore
2035 5263 2231 5340 exaitatum,
2254 5260 2365 5325 deuotu-

397 5345 562 5427 quentiam
591 5345 696 5428 magis
717 5351 831 5408 notare
860 5365 954 5426 quam
985 5364 1126 5410 causam.
1176 5343 1249 5407 Etsi
1278 5345 1364 5408 euim
1418 5345 1494 5411 dere
1521 5346 1557 5409 in
1586 5355 1723 5424 terram,
1755 5365 1818 5427 quo
1850 5356 1997 5428 tempore
2026 5346 2074 5410 illi
2102 5345 2205 5411 altum
2235 5359 2364 5410 somnum
