4988 6192
328 491 394 557 aar
992 489 1365 561 oouunuunmos
1387 451 1438 560 ru
1461 490 1676 560 aruasia.
2273 491 2337 557 us

333 681 491 758 addictus,
515 678 567 744 vel
589 679 625 742 in
648 677 817 743 metallum
835 676 1009 744 damnatus
1027 678 1119 745 foret.
1163 678 1307 745 Proinde
1359 680 1517 747 ultionem
1539 699 1610 746 esse
1627 680 1662 745 in
1686 687 1855 764 promptu.
1896 678 2041 760 Quidam
2055 689 2241 763 exponimt,
2263 679 2336 746 Ma·

332 787 393 833 nos
414 785 541 849 quoque
568 765 639 829 eius
668 763 817 847 exemplo
846 763 1025 844 discamus,
1059 763 1116 829 ubi
1143 765 1308 831 Dominus
1360 788 1423 832 nus
1445 787 1519 834 mea
1540 774 1591 832 eat
1612 765 1654 830 ad
1676 766 1801 831 Deum:
1833 763 1954 830 sodex
1985 763 2059 830 aliis
2087 765 2171 831 locis
2189 773 2335 849 apparet,

332 873 393 918 nos
423 859 533 929 vocet,
566 849 694 914 fortiter
729 857 844 916 contra
878 869 975 915 omne
1006 871 1111 935 genus
1140 851 1309 917 obstacula
1359 836 1402 921 brt
1424 873 1483 936 pro
1506 853 1628 918 virtute
1651 851 1761 935 accipi.
1813 850 1942 916 Verum
1973 851 2075 917 stultu
2104 851 2263 916 iactantia
2290 853 2336 917 in·

332 937 428 1004 eniti:
451 957 511 1004 nec
533 936 693 1000 miremur
714 934 742 1000 si
760 935 883 1002 multae
902 934 1024 1002 arduae
1041 936 1251 1003 difficultates
1273 958 1308 1002 se
1359 939 1457 1003 flatus
1479 936 1613 1014 Laban,
1646 957 1757 1004 secum
1786 937 1858 1020 ipse
1886 944 2020 1021 pugnat.
2071 936 2161 1002 Nam
2192 957 2335 1021 quuma

333 1023 427 1089 nobis
448 1023 611 1108 ingerant.
840 1104 843 1112 Ι
1359 1024 1431 1089 Deo
1460 1021 1644 1107 prohibitus
1667 1022 1767 1088 fucrit
1803 1021 1980 1106 quidquam
2012 1031 2142 1088 tentare
2174 1022 2334 1089 adversus

418 1108 470 1174 22.
502 1106 547 1174 Er
567 1108 751 1174 uuuciuum
771 1107 842 1190 suit.
888 1106 1002 1173 'Pridui
1025 1109 1170 1190 spatium
1192 1108 1307 1174 Domi·
1358 1109 1473 1188 Iacob,
1507 1108 1641 1174 ubinam
1671 1114 1769 1173 erunt
1795 1107 1873 1174 illae
1909 1107 1998 1172 vires
2028 1128 2111 1191 quas
2143 1105 2332 1192 praedicat?

331 1217 395 1262 nos
424 1214 521 1262 servo
554 1214 613 1260 suo
641 1193 745 1274 dedit,
775 1193 878 1260 donec
907 1193 1042 1259 traiecto
1071 1193 1242 1278 Euphrate
1271 1195 1306 1258 in
1360 1193 1520 1260 Videmus
1551 1194 1662 1277 itaque
1701 1203 1739 1258 ut
1773 1212 1868 1260 caeco
1899 1194 2024 1276 impetu
2059 1215 2095 1259 se
2135 1194 2332 1278 praecipitet,

331 1283 414 1348 fines
445 1289 553 1346 terrae
585 1279 763 1364 promissae
797 1279 968 1362 ingressus
997 1289 1092 1344 esset.
1149 1281 1194 1344 Et
1221 1278 1307 1345 forts
1358 1281 1451 1362 quasi
1481 1301 1541 1364 pro
1570 1300 1630 1346 sua
1657 1278 1795 1345 libidine
1822 1278 1955 1362 quidvis
1982 1278 2088 1344 invito
2120 1277 2194 1345 Deo
2222 1279 2333 1362 possit.

331 1369 458 1434 interea
479 1366 607 1432 refrixit
632 1364 803 1431 iracundia
824 1362 955 1444 Labeo,
988 1367 1082 1432 cuius
1108 1366 1213 1449 primo
1242 1365 1307 1431 fer·
1359 1364 1471 1431 Deum
1499 1367 1588 1430 enim
1613 1365 1674 1431 sibi
1705 1365 1881 1431 adversum
1907 1385 1978 1430 esse
2007 1363 2170 1445 sentiens,
2201 1365 2333 1449 gloriari

331 1475 410 1521 vore
430 1453 594 1519 saeviores
612 1450 752 1516 fuissent
768 1450 922 1534 impetus.
946 1449 1043 1532 Quod
1061 1461 1171 1516 autem
1190 1449 1308 1516 deinde
1360 1461 1469 1517 tamen
1492 1451 1531 1517 de
1554 1451 1623 1517 suis
1647 1449 1770 1517 viribus
1789 1471 1855 1515 non
1874 1449 2009 1515 dubitat.
2047 1449 2216 1531 Quorsum
2228 1449 2263 1516 id
2274 1452 2333 1518 nisi

332 1539 483 1624 permisit
503 1539 539 1602 in
561 1535 669 1602 medio
691 1536 810 1602 itinere
830 1557 906 1602 eum
928 1535 1095 1620 intercipi,
1119 1536 1225 1602 voluit
1244 1536 1307 1603 hoo
1359 1545 1513 1620 tanquam
1543 1537 1675 1604 futurus
1699 1535 1771 1601 Deo
1800 1535 1972 1620 superior?
2024 1536 2175 1619 Denique
2205 1557 2333 1621 semper

332 1623 428 1691 modo
453 1644 549 1690 suum
578 1623 738 1688 auxilium
764 1622 927 1688 illustrius
957 1622 1102 1688 reddere.
1154 1621 1308 1706 Optabile
1357 1622 1595 1688 incredulitatis
1613 1643 1721 1689 comes
1739 1622 1967 1704 estsuperbia:
1990 1621 2202 1688 ntincreduli
2220 1642 2334 1706 quam-

332 1709 465 1795 quidem
487 1717 559 1775 erat
580 1730 647 1773 non
665 1708 869 1791 interpellari
891 1707 960 1773 eius
983 1730 1125 1788 cursum,
1150 1729 1209 1775 neo
1231 1708 1308 1774 hos·
1360 1709 1409 1775 vis
1431 1708 1542 1787 fracti,
1571 1717 1685 1775 contra
1706 1708 1816 1773 Deum
1842 1715 1954 1774 tamur
1980 1715 2133 1791 proterve
2160 1708 2334 1792 insurgere

332 1795 383 1862 tili
411 1796 515 1862 soceri
545 1794 689 1860 adventu
718 1794 834 1861 mortis
861 1803 1021 1860 terrorem
1051 1795 1081 1860 ei
1104 1795 1221 1861 incuti:
1251 1792 1308 1860 scd
1360 1815 1425 1860 non
1447 1793 1609 1860 desinant.
1655 1793 1791 1860 Accedit
1816 1792 1935 1860 deinde
1961 1793 2052 1859 aliod
2076 1793 2218 1872 malum,
2249 1793 2333 1878 quod

332 1902 437 1966 quum
466 1878 582 1946 Laban
610 1881 716 1945 instar
744 1879 949 1946 truculentae
980 1879 1070 1946 ferae
1098 1880 1182 1945 nihil
1210 1899 1308 1963 quam
1359 1901 1394 1947 se
1416 1901 1437 1944 a
1457 1879 1530 1944 Deo
1550 1881 1670 1946 iniuste
1693 1878 1835 1963 opprimi
1856 1889 2044 1946 causantur.

332 1968 447 2035 medes
469 1967 606 2050 spirans,
634 1975 770 2050 repente
792 1987 812 2030 a
833 1963 977 2031 Domino
998 1967 1224 2050 compescitur,
1247 1964 1308 2032 hoo
1447 1965 1509 2031 Sed
1532 1964 1623 2031 Deus
1639 1966 1747 2048 patris
1769 1965 1872 2030 uacui.
1917 1963 1987 2031 Our
2008 1985 2074 2030 non
2092 1966 2191 2030 etiam
2214 1963 2335 2030 fatetur

333 2052 376 2120 ud
397 2050 654 2121 confirmandam
684 2051 789 2116 saneti
818 2051 883 2117 viri
905 2051 1003 2116 fidem
1025 2050 1123 2138 longe
1145 2053 1253 2135 aptius
1276 2060 1309 2116 et
1359 2051 1468 2116 Deum
1492 2072 1606 2129 snum,
1631 2051 1694 2116 nisi
1716 2050 1802 2133 quod
1824 2051 1915 2133 prius
1938 2050 2009 2116 eius
2030 2059 2175 2116 mentem
2196 2048 2335 2117 fascina-

333 2140 446 2206 utilius
477 2140 546 2204 fuit.
602 2137 689 2203 Nam
724 2135 821 2202 sicuti
851 2137 885 2201 in
919 2137 989 2220 ipso
1016 2135 1160 2203 iuvando
1188 2137 1308 2203 clarius
1359 2136 1409 2202 vit
1431 2136 1552 2215 Satan,
1582 2146 1621 2202 ut
1641 2136 1677 2201 in
1701 2134 1845 2202 tenebris
1868 2156 1980 2202 errare
1999 2136 2094 2202 malit
2115 2157 2214 2220 quam
2236 2158 2273 2202 se
2296 2136 2336 2202 od

333 2226 451 2291 enituit
474 2224 539 2289 Dei
560 2223 723 2307 potentia:
752 2222 799 2287 ita
829 2223 899 2288 eius
923 2222 1086 2305 praesidio
1108 2224 1228 2303 fretus,
1249 2243 1309 2307 per
1359 2223 1503 2289 oblatam
1525 2222 1632 2288 lucem
1656 2220 1808 2289 vertere?
1845 2220 1937 2286 Velit
1958 2221 2049 2301 nolit,
2071 2221 2186 2288 cedere
2206 2223 2337 2307 cogitur

332 2310 475 2395 reliquae
497 2310 695 2375 tentationes
716 2308 897 2374 animosius
917 2309 1072 2390 perrexit.
1117 2307 1192 2389 Quo
1215 2308 1307 2374 doce-
1359 2307 1433 2374 Deo
1454 2308 1624 2374 Abrahae:
1648 2315 1808 2374 ettamen
1830 2305 1940 2374 debita
1957 2305 2052 2372 illum
2073 2307 2179 2392 gloria
2195 2307 2337 2388 fraudat,

333 2419 424 2476 mur,
454 2415 539 2480 quae
561 2395 654 2461 nobis
676 2391 717 2458 ad
740 2402 870 2478 tempus
893 2394 1048 2460 molestae
1076 2403 1154 2460 sunt
1180 2404 1308 2478 pertur-
1359 2394 1598 2460 commentitias
1629 2393 1777 2472 deitates,
1814 2393 1852 2457 in
1884 2392 2004 2476 quibus
2032 2393 2187 2459 demotus
2219 2393 2338 2476 fuerat,

332 2482 490 2562 bationes,
512 2501 568 2546 eas
590 2480 745 2546 tamenin
757 2479 897 2544 salutern
909 2479 1040 2546 cedere:
1063 2480 1092 2546 si
1114 2479 1210 2546 modo
1232 2480 1309 2546 obe·
1360 2481 1516 2545 retinens.
1567 2478 1730 2546 Videmus
1764 2499 1843 2564 ergo
1872 2488 1911 2544 ut
1931 2479 2042 2562 impii,
2069 2479 2147 2546 lieet
2174 2480 2240 2545 Dei
2271 2481 2338 2547 vir·

332 2569 461 2635 dienter
484 2588 542 2632 nos
554 2565 618 2632 Dei
639 2563 771 2631 arbitrio
792 2565 990 2645 subiicimus,
1013 2567 1067 2649 qui
1085 2567 1133 2631 ita
1150 2587 1210 2632 nos
1231 2587 1308 2632 oon-
1360 2573 1465 2630 tutem
1484 2565 1620 2649 experti,
1639 2587 1706 2631 non
1725 2572 1833 2632 tanen
1858 2565 1928 2631 eius
1939 2564 2077 2648 imperio
2089 2587 2124 2632 se
2141 2565 2177 2629 in
2195 2565 2339 2632 solidum

332 2655 419 2721 sulto
442 2661 589 2732 exercet,
621 2658 659 2716 ut
678 2671 715 2717 re
736 2651 807 2735 ipsa
830 2651 946 2718 melius
968 2650 1122 2717 ostendat
1142 2673 1240 2735 quam
1268 2650 1308 2718 de
1360 2651 1543 2718 subiiciunt.
1589 2650 1701 2732 Quare
1723 2651 1780 2716 ubi
1802 2669 1837 2718 se
1859 2650 2012 2734 patefecit
2035 2651 2130 2718 nobis
2152 2651 2264 2729 Deus,
2295 2653 2338 2718 si·

333 2741 428 2807 nobis
451 2739 537 2824 gerit
559 2756 682 2803 curam
727 2737 835 2802 Triste
857 2749 928 2802 erat
950 2758 987 2804 ao
1009 2737 1195 2803 miserabile
1216 2757 1308 2821 speo-
1360 2736 1431 2802 mul
1460 2737 1620 2824 petendus
1650 2758 1668 2802 e
1697 2736 1786 2803 coelo
1822 2745 1872 2802 est
1899 2737 2034 2820 spiritus
2062 2736 2339 2818 mansuetndinis,

333 2826 487 2904 taculum,
518 2823 604 2909 quod
624 2823 721 2890 Iaoob
743 2830 867 2888 mutam
890 2822 1047 2888 familiam
1070 2823 1214 2902 trahens,
1232 2843 1307 2907 pro·
1360 2824 1415 2906 qui
1437 2822 1473 2887 in
1495 2823 1584 2888 illius
1604 2821 1796 2906 obsequium
1818 2843 1877 2888 nos
1896 2823 2008 2889 flectat
2029 2830 2062 2888 et
2085 2822 2227 2907 subigat

333 2912 463 2996 fugeret
492 2909 585 2994 quasi
614 2909 675 2974 sibi
704 2907 790 2975 male
818 2908 983 2974 conscius:
1017 2908 1078 2976 hoc
1108 2929 1185 2975 vero
1211 2907 1308 2992 longe
1446 2909 1498 2975 30.
1536 2908 1652 2991 Uiquid
1676 2909 1803 2991 suatur
1830 2928 1862 2974 ca
1883 2909 1956 2974 dces
1982 2928 2073 2975 oues.
2124 2908 2199 2975 Hoo
2220 2930 2342 2976 secun·

334 2998 499 3077 acerbius,
538 2995 706 3079 mgisque
739 2993 943 3060 formidabile
978 2993 1065 3079 quod
1092 2994 1209 3061 Laban
1237 2996 1308 3061 eius
1361 2993 1440 3060 dum
1472 3002 1523 3060 est
1555 2995 1770 3061 accusationis
1802 3002 1900 3078 caput
1938 3013 2003 3078 quo
2034 3001 2196 3078 gravatur
2228 2993 2343 3077 Iacob,

331 3085 433 3168 capiti
469 3081 635 3163 imminet,
674 3080 814 3146 exitium
847 3081 1022 3159 intentans,
1077 3079 1197 3146 Modus
1230 3101 1308 3147 vero
1361 3080 1448 3162 quod
1467 3101 1533 3146 non
1553 3078 1711 3147 desiderio
1733 3080 1868 3164 patriae,
1891 3101 1996 3164 neque
2017 3079 2082 3146 alia
2099 3079 2185 3146 iusta
2207 3087 2242 3147 et
2264 3103 2345 3165 pro·

333 3168 537 3235 liberationis
555 3167 613 3250 qui
635 3165 829 3233 describitur
851 3187 870 3230 a
892 3166 996 3245 Mose,
1018 3166 1170 3233 omnibus
1191 3166 1309 3231 trium·
1362 3166 1462 3232 babili
1502 3185 1602 3232 causa
1635 3165 1837 3233 discesserit:
1875 3164 2138 3249 quandoquidem
2174 3165 2263 3232 furto
2310 3189 2346 3233 se

333 3255 409 3341 phis
438 3251 577 3320 nobilior
607 3252 677 3318 fuit.
734 3252 820 3318 Nam
848 3252 939 3318 Deus
971 3273 990 3316 e
1023 3250 1111 3318 ooelo
1146 3251 1188 3318 ad
1214 3272 1310 3336 opem
1362 3251 1535 3335 implicuit.
1581 3251 1750 3319 Gravest
1772 3251 1964 3336 probrosum
1994 3251 2135 3331 crimen,
2158 3273 2180 3316 a
2200 3273 2267 3336 quo
2292 3263 2348 3318 ta·

334 3360 432 3408 servo
452 3359 512 3405 suo
534 3337 701 3404 ferendam
720 3337 927 3415 descendens,
951 3359 985 3404 se
1003 3337 1146 3404 medium
1164 3337 1310 3423 opponit,
1363 3358 1440 3402 men
1462 3337 1574 3420 procul
1603 3336 1717 3403 aberat
1736 3335 1845 3404 Iacob.
1895 3334 1963 3404 Sed
1991 3336 2070 3402 hinc
2092 3336 2260 3405 discamm
2285 3359 2349 3406 ne·

334 3447 373 3494 ac
402 3431 570 3490 momento
606 3424 782 3507 compescit
810 3423 1008 3490 indomitum
1041 3422 1135 3489 illum
1164 3424 1311 3491 furorem
1362 3423 1487 3488 minem
1514 3431 1582 3488 tam
1608 3423 1744 3489 innoxie
1769 3443 1864 3506 posse
1888 3423 2000 3490 vivere
2027 3423 2063 3488 in
2089 3423 2228 3504 muodo,
2260 3424 2351 3509 quin

336 3532 400 3598 quo
422 3510 556 3576 ardebat
579 3509 705 3576 Laban.
1362 3509 1482 3594 probra
1503 3509 1671 3576 interdum
1693 3519 1726 3574 et
1748 3507 1914 3576 dedecoris
1936 3517 2030 3574 notas
2052 3509 2217 3576 immerito
2240 3513 2351 3578 susti·

421 3597 473 3663 23.
496 3595 541 3661 et
561 3600 749 3679 assequutus
770 3597 815 3660 cst
833 3613 903 3660 eum
923 3595 960 3661 iu
980 3595 1093 3662 diruere
1113 3601 1227 3679 septen
1244 3595 1311 3661 die-
1362 3601 1448 3662 neat.
1507 3592 1646 3677 Quoties
1673 3595 1709 3660 id
1741 3594 1836 3661 nobis
1864 3594 2056 3679 contigerit,
2086 3602 2252 3662 sustentet
2284 3619 2351 3663 nos

335 3702 416 3749 rum.
461 3680 550 3765 Quia
577 3683 642 3745 iam
670 3681 816 3765 placata,
847 3680 899 3746 vel
924 3681 1040 3747 saltem
1068 3681 1217 3748 fraenata
1241 3689 1313 3748 erat
1362 3681 1485 3746 eximio
1507 3681 1565 3747 illa
1592 3682 1779 3765 promissio,
1808 3678 1894 3764 quod
1918 3679 2081 3748 Dominus
2108 3701 2169 3748 suo
2191 3693 2354 3767 tempore

335 3768 512 3835 erudelitas
538 3767 670 3848 Laban,
700 3787 767 3831 non
795 3764 895 3832 audet
919 3769 1062 3834 atrocius
1090 3767 1226 3834 minari:
1254 3765 1312 3833 sed
1361 3767 1585 3834 innocentiam
1602 3773 1750 3834 nostram
1771 3768 1876 3834 instar
1898 3787 2034 3834 aurorae
2055 3766 2210 3850 proferet
2253 3770 2354 3837 Nam

336 3855 482 3938 deposita
510 3853 645 3933 ferocia,
680 3852 720 3918 ad
746 3853 837 3918 fictas
869 3863 903 3917 et
930 3851 1104 3920 mendaces
1138 3852 1312 3920 blanditias
1361 3852 1423 3919 hoc
1455 3853 1591 3920 artificio
1625 3874 1685 3919 nos
1718 3852 1872 3920 astudio
1903 3860 1992 3930 recte
2027 3851 2146 3936 agenffi
2173 3852 2355 3924 abducere

336 3939 513 4006 deseendit.
557 3939 696 4005 Factam
718 3938 808 4004 enim
829 3937 893 4005 sibi
913 3938 1070 4004 iniuriam
1092 3939 1311 4024 conqueritur,
1362 3937 1497 4004 molitur
1525 3938 1646 4018 Satan,
1675 3959 1777 4022 quom
1802 3939 1886 4006 citra
1914 3938 2045 4022 crrlpam
2073 3948 2219 4006 nostram
2247 3943 2354 4009 falsis

335 4025 421 4111 quod
443 4026 567 4092 celatus
588 4024 685 4090 fuerit
707 4024 748 4090 de
769 4022 915 4090 discessu
935 4022 1042 4104 Iacob,
1065 4045 1162 4109 quem
1183 4024 1313 4092 solenni
1361 4023 1536 4090 calumniis
1558 4025 1770 4092 traducimur.
1815 4025 1925 4108 Atque
1944 4033 1981 4090 ut
1998 4025 2149 4109 ingratus
2166 4036 2218 4091 est
2240 4048 2356 4094 mun·

336 4111 457 4196 gaudio
479 4111 630 4195 prosequi
652 4110 687 4174 in
709 4111 737 4175 si
784 4131 840 4174 um
862 4111 990 4193 paterni
1011 4111 1131 4177 amoris
1157 4118 1310 4195 optasset.
1362 4111 1433 4190 dus,
1455 4111 1632 4194 pessimam
1654 4131 1751 4195 saepe
1773 4108 1956 4177 mercedem
1974 4109 2153 4178 benefactis
2174 4113 2356 4196 rependit

337 4199 390 4262 Ita
411 4196 616 4282 hypocritae,
645 4195 699 4261 ubi
729 4196 838 4262 alata
861 4195 928 4261 illis
950 4209 1000 4264 est
1027 4195 1178 4263 laedendi
1199 4205 1232 4262 et
1254 4217 1311 4262 no·
1362 4197 1498 4280 Reperti
1520 4205 1598 4264 sunt
1619 4195 1752 4280 qnidam
1772 4197 1828 4280 qui
1845 4195 1977 4263 heroica
1993 4217 2048 4263 ma
2094 4196 2223 4264 itudine
2241 4200 2358 4268 sinis·

328 4282 433 4350 'cendi
466 4283 619 4361 facultas,
656 4281 748 4347 falsis
784 4282 997 4365 querimoniis
1033 4283 1133 4348 bonos
1168 4291 1202 4348 et
1234 4282 1311 4348 sim·
1361 4291 1430 4349 tros
1458 4301 1606 4348 rumores
1632 4291 1893 4362 contemnerent,
1927 4282 2004 4366 quia
2032 4283 2135 4366 puris
2164 4284 2260 4383 apud
2297 4310 2360 4354 eos

337 4369 439 4453 plicas
465 4376 619 4446 onerant,
655 4366 750 4451 quasi
783 4388 886 4451 penes
916 4369 1005 4452 ipsos
1036 4366 1177 4435 resideat
1205 4368 1312 4452 culpa.
1361 4379 1448 4436 esset
1470 4368 1779 4448 rectaoonsoieutia
1796 4389 1894 4454 quam
1911 4388 2068 4452 perversa
2085 4370 2199 4452 populi
2216 4375 2359 4456 opinio.

338 4454 449 4536 Quare
471 4456 498 4520 si
521 4453 651 4538 quando
671 4453 774 4537 iniqui
796 4453 947 4520 homines
969 4464 1001 4519 et
1023 4453 1154 4537 perfidi,
1177 4454 1233 4522 ubi
1250 4475 1311 4522 nos
1363 4453 1430 4523 sed
1452 4454 1578 4537 fideles,
1606 4476 1648 4520 ne
1671 4476 1816 4538 unquam
1837 4473 1892 4522 eos
1914 4454 2045 4520 deficiat
2065 4457 2297 4542 conscientia,
2322 4461 2361 4527 in

336 4541 484 4625 improbe
511 4539 724 4618 vexaverint,
758 4546 967 4624 praetextum
1004 4539 1176 4624 aequitatis
1201 4561 1222 4606 a
1250 4561 1312 4607 sua
1362 4543 1471 4607 Deum
1499 4541 1660 4625 respicere
1693 4543 1855 4608 convenit.
1911 4540 2086 4607 anterum
2119 4541 2290 4612 videmus
2320 4556 2362 4613 nt

337 4634 431 4712 parte
449 4626 640 4705 obtendunt,
659 4624 848 4692 devoranda
865 4633 917 4691 est
926 4624 1021 4692 nobis
1038 4625 1120 4693 haec
1136 4625 1310 4710 iniquitas:
1362 4628 1478 4693 Laban
1507 4639 1610 4697 orbiti
1638 4637 1732 4694 vocet
1760 4628 1853 4695 deos:
1888 4646 1956 4691 non
1984 4627 2060 4711 quia
2082 4626 2245 4696 deitatem
2284 4633 2365 4700 illio

338 4733 406 4778 non
428 4712 513 4795 quod
534 4732 668 4795 prorsus
695 4710 876 4777 omittenda
897 4712 941 4778 sit
962 4712 1049 4778 iusta
1071 4711 1231 4792 defensio,
1253 4710 1311 4780 sed
1362 4722 1492 4798 putaret
1513 4734 1584 4779 esse
1605 4713 1775 4795 inclusam,
1795 4714 1851 4781 sed
1870 4712 1946 4796 quia
1962 4713 1998 4778 in
2016 4713 2176 4780 honorem
2199 4715 2363 4786 deorum

338 4799 416 4881 qnia
437 4798 582 4882 effugere
604 4818 669 4862 non
690 4817 864 4881 possumus
893 4797 973 4881 quin
996 4798 1142 4883 perversi
1161 4799 1312 4866 homines
1361 4800 1523 4884 imagines
1544 4800 1618 4866 illas
1639 4799 1776 4867 colebat.
1820 4799 1883 4866 Vel
1906 4799 2014 4882 potius
2039 4799 2126 4883 quod
2147 4799 2220 4867 Deo
2252 4825 2367 4874 sacra

338 4904 467 4967 semper
489 4881 529 4948 ad
552 4882 813 4949 maledicendum
833 4883 968 4951 facundi
990 4886 1072 4963 sint,
1095 4905 1133 4952 ac
1151 4885 1312 4951 scelernm
1362 4886 1518 4965 fauturus,
1540 4886 1691 4952 vertebat
1711 4908 1746 4953 se
1768 4884 1810 4950 ad
1830 4885 1904 4952 illas
1921 4886 2090 4969 imagines.
2134 4885 2257 4954 Hodie
2286 4893 2366 4958 solo

338 4969 469 5054 culpam
491 4970 526 5033 in
549 4990 623 5049 nos,
646 4971 703 5052 qui
725 4990 839 5036 sumus
859 4969 996 5051 innoxii,
1020 4971 1092 5037 sine
1112 4967 1237 5055 pudore
1259 4992 1310 5036 re·
1362 4973 1450 5038 vocis
1473 4970 1661 5038 discrimine
1684 4973 1832 5056 papistae
1856 4993 1891 5038 se
1920 4980 2037 5056 argute
2063 4971 2192 5056 elapsos
2226 4979 2366 5044 existi·

339 5063 519 5138 torqueant
562 5054 701 5121 Interim
723 5051 903 5139 prudenter
924 5055 1107 5123 cavendum
1128 5066 1178 5124 est
1198 5078 1241 5122 ne
1262 5077 1313 5123 oc·
1361 5065 1468 5137 mant,
1490 5057 1567 5141 qnia
1584 5057 1679 5123 idolis
1700 5059 1769 5125 suis
1791 5080 1856 5124 non
1880 5055 2025 5124 tribuant
2044 5078 2165 5123 nomen
2187 5057 2367 5132 deorum.

339 5142 511 5217 cerionem,
533 5161 630 5223 quam
653 5150 795 5225 captant,
818 5141 897 5226 ipsis
919 5140 1042 5210 demus.
1362 5145 1464 5227 Atqui
1485 5141 1637 5209 frivolum
1655 5144 1812 5230 effugium
1835 5155 1895 5224 est,
1919 5163 2021 5226 quum
2043 5144 2112 5209 sint
2139 5144 2175 5208 in
2202 5167 2253 5214 re
2284 5151 2370 5236 ipsa

426 5227 477 5292 29.
517 5225 578 5292 Ec
602 5227 752 5309 fortitudo
777 5229 814 5293 iu
841 5247 939 5294 mauu
965 5249 1042 5295 mea.
1092 5228 1235 5295 Diversa
1262 5236 1312 5296 est
1362 5249 1495 5315 prorsus
1514 5229 1652 5296 similes:
1676 5252 1754 5296 nam
1772 5227 1929 5316 quidquid
1948 5230 2081 5296 honoris
2098 5227 2212 5296 deberi
2242 5235 2370 5304 faten-

341 5311 427 5396 apud
445 5312 614 5378 Hebraeos
635 5312 797 5396 loquutio:
827 5313 949 5380 Manus
971 5335 1045 5380 mea
1067 5327 1116 5382 est
1137 5313 1179 5380 ad
1200 5313 1311 5396 robur,
1363 5326 1417 5380 tur
1438 5316 1499 5380 uni
1519 5314 1602 5395 Deo,
1625 5337 1735 5383 eoram
1779 5320 1893 5384 icturis
1909 5314 1962 5382 vol
1983 5317 2102 5382 statuis
2120 5313 2368 5399 profundunt.

340 5415 457 5463 sensus
478 5406 591 5463 tamen
607 5398 716 5466 clarus
732 5407 792 5480 est,
814 5400 901 5484 quod
918 5399 1093 5468 denunciat
1110 5400 1227 5468 haban
1249 5401 1313 5468 sibi
1362 5400 1538 5469 Veteribus
1566 5413 1675 5469 autem
1702 5339 1882 5472 idoiblatris
1908 5423 1974 5468 non
2002 5401 2106 5468 defuit
2130 5412 2368 5488 praetextus,
